3498 5830
300 485 361 548 lto

295 681 352 755 est,
377 693 460 758 quae
482 693 555 737 cum
577 695 598 738 a
620 680 667 738 tot
688 670 825 738 saeculis
847 671 971 740 liuatm
993 679 1025 738 et
1046 673 1187 758 potiatur
1209 693 1333 738 summa
1355 673 1480 759 imperii
1496 673 1635 740 celsitu·
1691 727 1704 752 .

295 775 375 850 dine
392 783 425 842 et
445 776 681 862 praerogativa,
705 798 726 840 a
748 775 918 842 sanctitate
941 776 1009 840 eius
1033 777 1167 842 caeteris
1190 775 1374 844 nationibus
1395 798 1461 842 non
1490 776 1637 844 deberet

294 880 454 966 postponi,
492 878 550 944 sed
573 879 602 944 ei
630 901 708 964 prae
731 879 845 944 ceteris
873 887 1007 965 paterne
1029 878 1162 962 consuli,
1193 902 1234 946 ne
1256 881 1290 946 in
1312 878 1374 946 hoc
1396 878 1530 946 dissidio
1552 880 1635 948 reli-

293 983 399 1068 gionis
421 1004 553 1069 prorsus
576 990 712 1047 corruat

397 1086 490 1168 Quae
513 1108 586 1151 cum
607 1087 652 1150 ita
676 1108 710 1151 se
733 1084 875 1151 habeant
896 1085 1108 1173 videaturque
1136 1095 1204 1150 tam
1238 1084 1402 1152 catholicis
1437 1109 1534 1174 quam
1558 1085 1634 1152 Au-

293 1199 450 1276 gustanae
473 1189 682 1256 confessionis
705 1188 870 1256 ordinibus
894 1210 965 1254 eam
988 1211 1059 1256 esse
1082 1190 1148 1254 vim
1169 1190 1394 1256 transactionis
1409 1189 1634 1274 Pataviensis,

294 1294 320 1358 si
344 1291 530 1380 quaerenda
552 1294 593 1357 sit
614 1293 695 1358 ratio
719 1291 828 1379 aliqua
850 1291 1042 1360 concordiae
1064 1294 1097 1356 in
1120 1291 1274 1379 religione
1301 1293 1385 1358 inter
1405 1294 1573 1380 principes
1600 1304 1635 1360 et

295 1397 424 1463 ordines
447 1398 531 1462 sacri
553 1397 679 1482 imperii
713 1395 882 1474 ineundae,
918 1395 1005 1483 quod
1033 1397 1200 1483 utriusque
1221 1397 1323 1483 partis
1346 1403 1525 1463 consensus
1545 1419 1633 1486 quo-

295 1499 370 1566 dam
392 1499 489 1566 modo
513 1501 707 1566 intervenire
730 1497 856 1582 debeat,
881 1497 1051 1564 concilium
1073 1508 1189 1582 autem,
1213 1501 1241 1564 si
1264 1522 1306 1564 ex
1329 1523 1367 1566 eo
1389 1499 1528 1566 fructum
1552 1523 1633 1588 spe-

292 1627 365 1670 rare
392 1603 539 1686 velimus,
573 1603 620 1668 ita
651 1603 692 1666 sit
719 1600 960 1682 instituendum,
988 1611 1024 1668 ut
1052 1603 1149 1668 etiam
1171 1601 1384 1688 Augustanae
1412 1603 1633 1670 confessionis

292 1706 420 1773 ordines
436 1706 479 1772 ad
495 1705 745 1792 comparendum
760 1706 792 1769 in
813 1727 851 1770 eo
867 1707 1048 1790 permoveri
1064 1715 1193 1792 queant,
1216 1728 1282 1772 non
1296 1707 1458 1792 potuimus
1474 1709 1632 1774 omittere
1677 1771 1680 1776 .

292 1812 368 1899 quin
390 1809 457 1876 S²⁰¹¹¹
480 1811 549 1876 eius
572 1808 612 1874 de
633 1808 684 1872 his
712 1831 839 1896 quoque
864 1809 1032 1874 certiorem
1054 1807 1271 1892 redderemus,
1296 1810 1323 1872 si
1353 1808 1437 1874 forte
1460 1809 1512 1876 dei
1535 1810 1633 1876 heni-

291 1916 413 2000 gnitate
435 1911 485 1976 his
507 1910 695 1993 rationibus,
725 1909 801 1988 dum
831 1909 937 1976 adhuc
956 1919 1104 1976 versatur
1127 1911 1160 1976 in
1183 1911 1416 1978 consultatione
1439 1922 1471 1977 et
1493 1915 1629 1986 animus

293 2027 341 2082 est
363 2039 494 2103 anceps,
517 2016 550 2081 in
571 2023 715 2080 nostram
738 2015 929 2079 sententiam
952 2013 1072 2100 impelli
1095 2023 1201 2101 queat,
1230 2014 1289 2080 tibi
1317 2015 1454 2101 proinde
1477 2020 1625 2082 commit·

291 2129 406 2202 tentes,
428 2129 463 2184 ut
485 2119 547 2184 ista
576 2139 705 2204 quoque
732 2118 849 2199 omnia,
883 2118 965 2182 sieut
993 2116 1037 2182 ed
1057 2139 1117 2182 nos
1139 2140 1225 2182 nunc
1248 2119 1384 2204 primum
1407 2118 1516 2186 delata
1539 2130 1629 2206 aunt,

291 2221 352 2289 8⁰¹⁰
374 2222 416 2287 D.
440 2223 479 2288 N.
503 2232 599 2309 atque
637 2221 732 2286 etiarn
759 2220 937 2306 potioribus
966 2217 1037 2284 Rau
1060 2219 1277 2286 cardinalibus
1308 2244 1463 2307 exponas,
1492 2232 1528 2287 ut
1558 2226 1630 2290 iam

293 2329 431 2414 ipsamet
454 2323 511 2390 8²⁸¹
535 2346 593 2389 sua
621 2325 750 2409 cogitet,
784 2345 826 2388 an
858 2324 950 2409 parvi
979 2325 1131 2388 momenti
1164 2323 1282 2390 fuerint
1307 2323 1514 2392 difficultates
1544 2327 1625 2394 illae

290 2453 372 2518 quas
396 2427 437 2494 S‘l
453 2429 522 2494 eius
545 2428 632 2492 circa
654 2426 925 2491 continuationem
947 2427 1041 2490 istam
1064 2426 1299 2494 odiosissimam
1320 2430 1558 2517 proposuimus,
1585 2456 1629 2498 ac
1652 2431 1656 2440 ’

214 2567 220 2578 ·
289 2542 457 2622 praeterea
479 2529 544 2597 sem
567 2531 635 2595 eius
664 2529 793 2594 nomine
820 2538 929 2594 nostro
960 2551 1031 2594 ores
1053 2539 1089 2594 ut
1111 2529 1260 2616 dignetur
1281 2554 1340 2618 pro
1363 2554 1423 2598 sua
1444 2535 1569 2619 pietate
1593 2545 1628 2601 et

289 2637 419 2723 egregio
442 2637 475 2700 in
496 2631 728 2721 rempublicam
751 2632 959 2698 christianam
987 2631 1092 2698 studio
1125 2644 1258 2720 paterne
1291 2658 1330 2700 ac
1357 2635 1497 2722 benigne
1520 2641 1627 2706 etiam

171 2784 177 2794 ·
288 2751 385 2828 atque
409 2741 504 2806 etiam
525 2737 708 2825 providere,
731 2759 772 2802 ne
794 2734 915 2804 afflicta
937 2735 1113 2802 Germania
1136 2747 1168 2803 et
1182 2746 1251 2804 tota
1266 2737 1482 2806 christianitas
1497 2742 1531 2806 in
1546 2765 1624 2828 gra-

287 2846 378 2910 viora
400 2842 543 2929 pericula
565 2839 756 2906 adducatur.
780 2849 814 2904 tu
835 2863 912 2904 vero
929 2839 1105 2906 secundum
1127 2849 1216 2906 tuam
1237 2840 1426 2910 industriam
1448 2867 1626 2932 rerumque

287 2947 487 3033 agendarum
500 2945 726 3012 dexteritatem
742 2942 852 3008 sedulo
869 2941 997 3008 curabis
1012 2943 1228 3030 impendentis
1245 2967 1287 3010 ex
1301 2947 1364 3011 ista
1381 2948 1625 3014 continuatione

287 3052 487 3137 tempestatis
510 3048 762 3135 magnitudinem
786 3045 840 3112 Sl*
855 3048 923 3112 eius
947 3055 979 3112 ot
1001 3045 1158 3113 dictorum
1182 3048 1393 3116 cardinalium
1415 3051 1530 3116 animis
1554 3075 1624 3118 mo-

288 3155 381 3221 desta
403 3153 618 3219 inculcatione
640 3152 822 3237 imprimere
845 3159 877 3215 et
899 3173 919 3214 a
935 3149 1067 3216 consilio
1083 3151 1329 3239 prosequendae
1343 3151 1428 3218 illius
1440 3177 1623 3238 removere,

287 3256 537 3346 quodquidam,
570 3265 606 3320 ut
635 3256 694 3320 erit
713 3259 802 3342 'opus
831 3255 920 3339 pium
949 3263 980 3318 ct
1002 3263 1076 3320 tuae
1099 3277 1178 3341 erga
1200 3277 1259 3321 nos
1283 3257 1421 3322 eximiae
1442 3257 1519 3322 fidei
1544 3282 1622 3324 con-

286 3379 412 3450 gruum,
435 3362 481 3426 ita
503 3359 583 3425 illud
605 3381 684 3445 erga
706 3367 737 3426 te
760 3356 934 3422 clementer
957 3357 1131 3425 admodum
1152 3381 1430 3445 recognoscemus.

389 3481 511 3548 Datum
533 3483 567 3546 in
590 3481 721 3547 civitate
742 3487 854 3544 nosue
875 3479 1002 3544 Vienna
1031 3477 1083 3544 die
1112 3477 1153 3544 14
1174 3479 1293 3546 mensis
1315 3479 1512 3548 Novembris·
1531 3505 1619 3550 anno

286 3588 410 3654 domini
433 3586 518 3652 1560
533 3633 542 3649 .
559 3633 565 3647 .
583 3634 590 3649 .

422 3794 464 3845 An
491 3793 550 3844 dem
578 3791 701 3860 gleiehen
718 3791 793 3858 'lage
816 3791 906 3844 wurde
929 3791 989 3843 dom
1009 3790 1105 3844 Orator
1122 3789 1252 3858 (original
1269 3793 1296 3842 in
1313 3790 1382 3842 Areo
1402 3791 1439 3858 D)
1463 3792 1620 3844 winderholt

354 3881 526 3948 ausgetrngen
544 3896 605 3930 vom
622 3879 720 3944 Papste
738 3878 794 3929 und
811 3877 871 3930 dem
883 3878 912 3929 0.
925 3879 1067 3929 Borromeo
1087 3876 1130 3928 die
1142 3877 1305 3946 Emennung
1316 3877 1417 3930 Dellius
1435 3895 1496 3930 aum
1506 3877 1621 3930 Bisehol

352 3983 405 4020 von
423 3967 529 4019 Verona
547 3966 577 4032 (s.
596 3964 766 4032 Anmerkung
783 3980 815 4015 au
832 3965 878 4017 Νι.
899 3965 956 4032 ΙΝ)
976 3981 1009 4015 zu
1027 3965 1147 4016 erbitten.
