3498 5830
331 612 411 680 illud
433 621 595 700 postremo
617 611 826 678 metuendum
849 611 933 695 fore,
968 609 1191 697 saepedictum
1212 608 1309 674 llllmm
1337 609 1453 676 ducem
1486 607 1562 674 inde
1591 630 1668 674 non

331 716 420 782 aliud
442 715 645 783 commodum
667 723 905 801 reportaturum
928 736 1026 802 quam
1048 723 1085 780 ut
1116 735 1188 780 soso
1222 735 1261 779 ac
1294 735 1498 780 successores
1527 735 1603 778 suos
1628 713 1666 778 in

330 829 504 908 perpetuas
534 840 629 885 curas
656 817 819 883 molestias
847 838 1018 883 aerumnas
1048 825 1080 882 ot
1107 816 1300 903 gravissima
1327 815 1472 903 pericula
1499 817 1667 882 coniiciat.

332 932 429 1010 atque
451 921 572 988 ideirco
595 943 654 987 nos
676 919 817 986 voluisse
838 919 920 986 haec
943 918 986 986 so
1004 921 1072 986 eius
1094 942 1153 1007 per
1174 927 1206 984 te
1236 919 1280 986 ad
1306 930 1432 1007 partem
1460 919 1668 987 confidenter

335 1034 458 1092 secreto
482 1047 521 1090 ac
542 1024 629 1090 bona
650 1025 825 1089 intentione
848 1023 1030 1109 significare
1052 1032 1085 1088 et
1107 1021 1173 1088 Stem
1204 1024 1273 1088 eius
1289 1046 1355 1111 qua
1370 1023 1465 1089 decet
1478 1023 1668 1090 reverentia

331 1150 447 1216 rogare
469 1137 502 1194 et
522 1126 657 1212 hortari,
686 1137 721 1192 ut
744 1127 893 1212 dignetur
921 1127 1061 1213 benigne
1084 1148 1123 1192 ac
1151 1135 1286 1214 paterne
1315 1125 1521 1192 considerare
1549 1134 1581 1192 et
1605 1148 1667 1192 ex·

332 1232 475 1321 pendere
498 1240 692 1298 memoratas
714 1232 856 1296 rationes
879 1229 996 1318 quibus
1018 1230 1201 1296 necessario
1223 1251 1282 1317 pro
1305 1231 1448 1296 muneris
1469 1230 1570 1294 nostri
1587 1251 1667 1296 cae·

337 1338 420 1418 sarci
442 1337 566 1402 ratione
588 1334 794 1418 adducimur,
819 1343 854 1398 ut
876 1332 943 1398 8ίοιιῃ
966 1335 1035 1399 eius
1059 1333 1201 1400 officiose
1228 1332 1553 1400 commonefaciamus
1574 1336 1666 1420 peri·

329 1438 473 1506 culorum
496 1448 528 1506 et
549 1437 826 1504 incommodorum
849 1459 932 1525 quae
948 1459 990 1502 ex
1001 1435 1064 1502 hoo
1075 1435 1129 1504 8²¹⁰
1155 1459 1233 1503 suae
1246 1445 1279 1503 at
1290 1436 1466 1524 saepedicti
1478 1435 1549 1501 Ill⁰²¹
1565 1435 1666 1503 ducis

327 1543 511 1611 Florentiae
525 1541 684 1608 desiderio
699 1550 732 1606 ot
745 1542 889 1608 instituto
904 1539 1103 1627 reipublicae
1123 1539 1317 1606 christianae
1336 1549 1369 1606 et
1390 1542 1532 1606 maxime
1542 1541 1667 1610 Italiae

329 1645 534 1735 expectanda
556 1647 634 1730 sint,
663 1667 769 1733 noque
792 1646 876 1710 enim
899 1643 999 1710 ullum
1021 1643 1114 1709 nobis
1138 1643 1272 1710 dubium
1296 1665 1383 1730 esse,
1415 1644 1472 1710 ubi
1494 1643 1550 1711 so·
1573 1646 1660 1731 eius,

327 1759 424 1838 prout
446 1758 496 1815 est
516 1748 668 1837 publicae
691 1747 883 1814 concordiae
906 1771 946 1814 ac
966 1745 1206 1835 tranquillitatis
1221 1748 1467 1833 studiosissima,
1490 1771 1531 1815 ea
1545 1750 1661 1816 omnia

328 1863 443 1920 exacte
466 1852 669 1936 discusserit,
699 1853 777 1939 quin
804 1852 964 1918 sententia
990 1872 1067 1916 mox
1088 1858 1214 1918 mutata
1235 1873 1256 1916 a
1276 1850 1333 1918 tali
1356 1854 1485 1939 incepto
1509 1852 1660 1938 desistat,

325 1981 367 2022 ne
388 1955 441 2022 vol
463 1955 674 2043 perturbandi
696 1953 818 2042 publici
841 1955 903 2019 ocii
926 1977 1039 2020 ansam
1061 1964 1094 2020 et
1114 1955 1282 2020 materiam
1298 1954 1486 2041 praebuisse
1508 1955 1562 2020 vel
1584 1979 1658 2024 sae·

325 2061 455 2148 pedicto
472 2059 556 2143 duci,
581 2060 632 2126 cui
652 2057 796 2146 profecto
818 2079 878 2124 nos
900 2057 1044 2146 alioquin
1065 2079 1124 2144 pro
1147 2079 1274 2123 summa
1294 2059 1453 2122 nostruin
1468 2081 1542 2124 eum
1557 2058 1659 2125 bene·

325 2164 467 2231 volentia
489 2165 597 2230 omnia
619 2163 786 2250 auspicato
808 2161 965 2229 foeliciter
986 2169 1076 2227 etex
1091 2161 1189 2226 animi
1205 2162 1364 2252 sententia
1378 2163 1506 2228 evenire
1522 2185 1658 2250 cupere·

325 2291 413 2352 mus,
442 2268 614 2355 quicquam
637 2265 771 2353 periculi
795 2268 957 2331 creavisse
979 2264 1142 2348 videatur,
1171 2264 1442 2352 quemadmodum
1471 2274 1503 2333 te
1532 2290 1577 2334 ex
1600 2276 1659 2334 tua

325 2371 486 2438 industria
507 2379 539 2436 et
560 2369 713 2436 facundia
735 2370 798 2435 ista
819 2369 951 2436 uberius
966 2376 1237 2455 prosequuturum
1252 2389 1318 2434 uon
1340 2368 1524 2435 diffidimus.

428 2490 502 2557 Hoc
531 2498 639 2556 autem
660 2490 733 2556 loco
755 2488 904 2556 volumus
926 2500 958 2556 te
982 2487 1155 2577 elementer
1179 2511 1250 2556 esse
1273 2488 1488 2569 admonitum,
1509 2500 1546 2558 ut
1568 2491 1659 2560 hanc

324 2617 393 2662 rom
421 2603 540 2660 tractes
574 2595 665 2658 iuxta
686 2595 921 2680 praescriptum
943 2593 1057 2659 harum
1080 2593 1245 2659 literarum
1266 2601 1464 2678 nostrarum,
1499 2615 1566 2662 uon
1601 2596 1657 2663 ob·

326 2707 431 2764 stante
454 2696 542 2785 quod
563 2697 622 2762 tibi
637 2694 773 2762 eandem
797 2695 849 2763 die
870 2697 914 2762 20
928 2695 1068 2782 Augusti
1091 2695 1154 2762 alio
1176 2695 1273 2762 modo
1296 2695 1456 2780 agendam
1479 2697 1657 2766 demanda-

324 2823 476 2868 remmus.

425 2921 470 2987 Et
490 2922 523 2986 in
546 2930 697 2987 eventum
720 2921 808 3009 quod
830 2920 889 2986 8¹¹⁸
912 2922 982 2986 eius
1003 2918 1086 2986 baec
1108 2918 1169 2984 sibi
1192 2919 1225 2983 in
1247 2919 1376 3005 seriptis
1403 2919 1463 2986 abs
1491 2929 1525 2988 ta
1546 2923 1656 2990 offerri

326 3025 434 3110 vellet,
450 3046 515 3090 non
530 3047 680 3090 curamus
696 3035 732 3090 ut
747 3025 844 3090 etiam
859 3024 978 3110 scripto
1002 3021 1042 3090 8⁸¹
1063 3025 1131 3089 eius
1154 3021 1334 3107 tradantur,
1358 3021 1532 3092 dummodo
1547 3027 1585 3093 id
1599 3027 1657 3094 fiat

324 3137 418 3196 caute
440 3137 473 3195 et
494 3151 534 3194 ea
554 3128 714 3194 modestis
736 3151 834 3216 quam
857 3127 1004 3194 exhiberi
1028 3127 1187 3194 convenit

428 3249 592 3336 Quicquid
614 3272 692 3315 vero
715 3248 773 3315 tibi
803 3247 906 3315 aSffl⁰
936 3247 978 3315 D.
1012 3247 1052 3313 N.
1079 3269 1272 3335 responsum
1301 3247 1397 3313 fuerit
1425 3256 1482 3315 aut
1509 3248 1655 3339 alloquin

323 3354 356 3417 in
378 3353 441 3419 hoo
462 3353 599 3439 negocio
623 3353 813 3436 occurrerit,
843 3351 884 3418 de
906 3374 945 3418 eo
967 3352 1021 3417 fao
1042 3361 1078 3416 ut
1104 3373 1202 3439 quam
1232 3352 1370 3440 primum
1402 3353 1555 3420 certiores
1583 3353 1653 3422 red·

324 3455 533 3522 damur...

324 3695 347 3761 d
427 3591 555 3762 Datppp]
573 3594 608 3658 in
631 3592 761 3660 civitate
788 3599 899 3658 nostra
920 3592 1048 3658 Vienna
1081 3592 1134 3659 die
1168 3593 1208 3658 16
1240 3595 1360 3660 mensis
1382 3593 1535 3662 Octobris
1568 3615 1651 3660 anno

347 3695 486 3762 ominil

458 3911 559 3962 Bersits
577 3925 620 3962 am
638 3912 663 3962 8.
682 3910 799 3964 October
815 3910 946 3978 (original
963 3912 991 3962 in
1007 3911 1076 3964 Areo
1090 3911 1122 3978 G)
1140 3911 1256 3966 forderte
1274 3913 1321 3964 dar
1338 3913 1432 3964 Kaisar
1449 3915 1539 3965 seinen
1557 3914 1651 3966 Orator

391 4013 437 4048 aur
453 3996 624 4064 schleunigen
641 3997 894 4066 Ber-ichterstattung
916 3998 982 4050 liber
1005 3997 1056 4050 den
1074 3997 1157 4050 Stand
1180 3999 1228 4051 der
1244 3999 1429 4052 toscanischen
1446 3999 1651 4068 Angelegenheit

390 4081 449 4133 sus:
485 4088 525 4134 est
552 4084 620 4134 enim
638 4099 671 4135 es
688 4100 731 4135 res
748 4085 814 4136 tanti
830 4084 968 4146 momenti,
994 4089 1025 4136 ut
1048 4101 1112 4137 sans
1135 4088 1227 4138 men‘to
1245 4101 1372 4138 summam
1396 4087 1452 4138 eins
1469 4087 1648 4154 impediendae

391 4183 479 4221 curam
497 4169 648 4222 habeamus.
