3450 5818
354 477 416 542 88⁴

355 672 412 732 aut
432 671 468 728 ut
489 661 551 728 hoc
578 684 651 728 cum
680 660 871 727 discretione
899 661 957 727 fiat
983 661 1026 727 ab
1050 661 1111 726 M*
1137 659 1170 726 S.
1198 659 1379 728 oratoribus
1403 662 1599 749 permittant
1634 661 1682 726 in·

353 767 466 856 primis
487 787 564 832 vero
586 765 661 830 Me„
686 763 722 832 C.
751 763 849 830 valde
881 763 1012 852 indigne
1041 763 1125 830 ferre
1154 786 1215 830 nec
1243 763 1382 852 amplius
1410 763 1494 832 ferre
1519 787 1620 851 posse
1648 764 1682 828 in

355 873 420 940 suis
434 870 618 956 provinciis,
642 866 730 956 quod
741 890 825 934 unus
847 867 956 955 plnres
979 889 1077 954 quam
1097 890 1197 934 unum
1219 869 1447 955 episcopatum,
1470 866 1564 954 plura
1580 891 1683 956 qnam

354 998 452 1040 unum
480 973 672 1038 beneficium
699 981 846 1038 curatum
872 969 925 1036 vel
955 993 1020 1036 non
1047 979 1191 1036 curatum
1206 968 1385 1056 possideat,
1415 993 1489 1038 cnm
1510 971 1682 1060 quodlibet

353 1087 556 1166 praesentem
590 1095 762 1163 personam
794 1076 943 1162 requirat.
974 1076 1002 1138 si
1029 1084 1095 1140 tarn
1124 1076 1278 1162 exiguum
1307 1084 1372 1158 est,
1404 1077 1557 1142 umanum
1585 1074 1683 1161 plura

355 1193 388 1250 et
409 1181 622 1246 constituatur
645 1179 846 1247 conservatio
862 1178 980 1266 dignae
994 1199 1162 1265 personae
1184 1176 1262 1244 addi
1275 1187 1383 1265 potest
1396 1189 1524 1267 praeter
1537 1179 1572 1244 id
1591 1179 1682 1266 qnod

355 1285 432 1352 licet
452 1283 651 1372 imperialem
673 1281 750 1348 Me„
774 1281 896 1365 deceat,
925 1291 962 1346 ut
984 1279 1186 1348 subditorum
1207 1279 1370 1368 periculis,
1392 1283 1585 1369 praesertim
1607 1305 1682 1348 cnm

355 1389 396 1456 de
418 1389 527 1454 anima
548 1385 778 1473 periclitentur,
801 1393 978 1468 moveatur,
1002 1385 1098 1450 etiam
1120 1385 1189 1450 eius
1203 1384 1280 1450 ll‘em
1296 1383 1447 1474 exempla
1460 1385 1582 1452 bebere
1596 1409 1681 1473 qnae

355 1503 388 1560 et
398 1493 520 1579 scripta
530 1499 642 1556 extant
656 1499 688 1556 et
702 1491 859 1576 impressa
873 1487 913 1554 de
929 1486 1082 1554 abusibus
1096 1488 1260 1554 Romanae
1276 1489 1394 1572 cumas,
1410 1489 1494 1554 sicnt
1503 1487 1681 1555 videndum

356 1605 406 1662 est
432 1599 464 1660 in
487 1593 620 1660 consilio
648 1615 668 1658 a
696 1591 889 1680 quibusdam
917 1589 1134 1658 cardinalibus
1162 1591 1307 1678 pontifici
1332 1591 1434 1658 Panlo
1455 1592 1507 1658 111
1538 1614 1582 1658 ex
1612 1594 1681 1656 eins

356 1703 445 1766 iussu
466 1697 557 1780 dato,
585 1717 722 1784 qnorum
749 1717 831 1761 unus
853 1705 965 1782 postea
997 1695 1067 1781 ipse
1089 1717 1232 1762 summus
1255 1695 1401 1782 pontifex
1422 1694 1526 1762 factm
1549 1705 1609 1760 est
1639 1695 1679 1760 sd

356 1803 437 1868 baec
459 1803 527 1866 sine
550 1799 648 1865 dubio
671 1797 795 1886 aliquid
814 1797 1076 1886 respondebitur3
1100 1797 1201 1865 CM¹¹
1219 1797 1301 1866 haec
1321 1819 1381 1885 per
1402 1801 1587 1884 proximum
1609 1822 1678 1864 cnr

357 1929 460 1972 sorem
483 1903 647 1991 publicum
663 1902 858 1972 ordinarium
873 1901 970 1968 scribi
993 1911 1025 1968 et
1038 1901 1209 1968 transmitti
1224 1909 1374 1988 poterunt
1394 1923 1469 1968 cum
1482 1903 1677 1968 oansmssis

357 2007 595 2096 exemplaribus
610 2006 774 2072 literarum
790 2005 833 2072 sd
847 2015 1000 2088 oratores,
1022 2015 1058 2070 ut
1073 2005 1225 2072 certiores
1239 2004 1319 2072 fiant
1334 2005 1375 2070 de
1389 2013 1497 2071 ments
1508 2002 1541 2070 S.
1553 2003 1591 2070 C.
1607 2005 1677 2070 Μή.

457 2111 636 2198 Negocium
659 2109 746 2198 quod
766 2108 865 2196 vulgo
887 2119 1005 2176 vocant
1025 2106 1190 2194 guardiae,
1212 2108 1246 2172 in
1268 2106 1400 2174 arbitrio
1422 2117 1471 2172 est
1491 2106 1553 2173 M*
1576 2107 1614 2176 0.

459 2215 498 2282 In
521 2213 674 2280 relatione
696 2211 766 2278 beri
796 2211 882 2278 facta
908 2211 1115 2298 praeteritum
1144 2209 1248 2276 estid
1276 2209 1363 2297 qnod
1384 2219 1485 2278 totum
1508 2211 1677 2278 concilium

355 2320 510 2408 Hispanis
531 2317 678 2404 exceptis
705 2314 913 2380 vehementer
943 2314 1068 2401 cupiat,
1097 2323 1133 2378 ut
1158 2322 1315 2401 perpetuo
1343 2313 1428 2379 adsit
1455 2322 1566 2380 orator
1593 2315 1676 2400 regis

356 2422 472 2498 cethi.
496 2419 689 2508 permultum
712 2418 797 2484 enim
818 2418 916 2484 refert
937 2416 1051 2484 adesse
1074 2426 1243 2500 oratorem,
1267 2437 1341 2482 cum
1363 2439 1428 2504 quo
1455 2427 1602 2484 oratores
1616 2417 1676 2496 alii,

355 2526 502 2616 inprimis
516 2545 593 2593 vero
604 2523 667 2590 Mo
684 2521 719 2588 0.
742 2519 895 2586 derebus
911 2519 1152 2588 occurrentibus
1168 2519 1313 2586 conferre
1328 2521 1469 2607 possint3
1484 2541 1579 2586 secus
1595 2521 1675 2586 enim

355 2653 434 2718 erga
455 2651 583 2696 sacrum
606 2625 774 2692 concilium
798 2647 857 2711 pro
875 2633 967 2711 parte
990 2623 1097 2690 affecti
1119 2623 1270 2690 videntur
1284 2624 1456 2711 principes,
1479 2647 1574 2690 scens
1597 2625 1675 2711 epis·

354 2735 437 2822 copi.
461 2753 561 2821 qnare
578 2739 721 2798 oratores
740 2727 772 2794 S.
789 2727 824 2794 Ο.
835 2727 897 2792 M²¹¹
920 2726 1053 2792 etmulti
1067 2736 1176 2815 patres
1190 2727 1352 2822 humiliter
1372 2737 1499 2813 rogant,
1521 2737 1557 2794 ut
1572 2728 1673 2794 dimit·

354 2847 440 2914 tatur
463 2856 571 2902 comes
600 2833 640 2898 de
662 2832 757 2898 Luna
786 2831 871 2917 regis
900 2829 1049 2898 catholici
1071 2830 1241 2918 deputatus
1269 2840 1377 2898 orator
1404 2840 1594 2917 expectatus
1615 2832 1675 2896 iam

356 2961 416 3029 per
436 2937 560 3026 aliquot
579 2957 717 3018 menses,
739 2936 773 3000 in
795 2955 833 3000 so
857 2934 951 3002 etiam
974 2934 1130 3000 amilium
1151 2934 1212 3000 Mi·
1235 2933 1272 3001 G.
1293 2933 1475 3022 implorant

459 3041 552 3108 Haec
581 3059 655 3105 cnm
682 3036 795 3104 humili
825 3039 1007 3104 reverentia
1029 3036 1063 3103 S.
1085 3037 1136 3104 Μ“
1164 3037 1200 3106 O.
1222 3036 1325 3106 relata
1350 3045 1426 3104 sunt
1446 3046 1478 3104 et
1500 3037 1673 3104 clementia

356 3115 457 3216 iimae
478 3141 704 3212 deliberationi
726 3151 759 3206 et
779 3139 938 3207 voluntati
960 3139 992 3206 S.
1013 3140 1076 3208 ΜΨ
1100 3139 1132 3206 S.
1156 3139 1310 3208 subiecta

492 3333 628 3386 variasset
646 3331 732 3382 dieser
749 3331 871 3382 Relaticn
888 3345 942 3382 war
961 3325 1007 3382 der
1023 3330 1184 3386 Ersbiscbof
1198 3348 1252 3383 von
1268 3332 1344 3398 Prag,
1363 3331 1410 3382 der
1427 3335 1495 3382 stwa
1512 3346 1554 3382 am
1566 3333 1601 3382 20
1614 3331 1671 3382 Juni

424 3435 467 3474 sm
485 3419 511 3471 ic
530 3417 599 3471 Hofe
619 3417 791 3486 einpetroffeu
809 3433 870 3467 war.
906 3418 957 3468 Die
975 3418 1044 3468 Areo
1063 3417 1235 3484 mitgetheiite
1254 3415 1336 3484 Cepis
1360 3417 1472 3470 bestand
1493 3415 1612 3468 offenbar
1628 3431 1670 3466 aus

424 3507 489 3558 arrei
508 3505 611 3570 iiopen,
633 3520 687 3555 von
705 3504 791 3554 denen
814 3503 858 3554 der
879 3503 991 3554 mittierc
1014 3503 1135 3554 verioren
1158 3519 1294 3572 gepangen
1311 3503 1353 3566 ist,
1375 3519 1403 3554 so
1423 3503 1483 3553 dass
1501 3502 1545 3553 ich
1561 3519 1610 3553 nnr
1626 3502 1671 3551 den

425 3593 545 3658 uregsng
573 3589 627 3642 nnd
645 3590 696 3642 deo
715 3587 822 3640 Scbluss
848 3589 993 3642 mittbeiien
1011 3589 1090 3640 kann.
1125 3589 1180 3642 Aua
1197 3590 1296 3641 andern
1313 3588 1518 3654 Actenstdcken,
1541 3605 1564 3638 r.
1580 3589 1611 3640 B.
1628 3601 1670 3639 aus

429 3679 473 3732 Νι.
493 3677 648 3733 CLXXXIV
667 3677 732 3730 illast
753 3675 810 3728 sich
831 3678 987 3742 wanigstens
1009 3675 1125 3740 srsshen,
1152 3676 1211 3730 dass
1235 3677 1282 3728 der
1297 3675 1405 3728 Bsricbt
1420 3674 1488 3726 noch
1505 3675 1626 3728 bandslts
1642 3673 1671 3722 ds

424 3766 523 3832 scripto
540 3765 567 3818 io
584 3764 689 3830 negotio
707 3761 907 3826 reformationis,
925 3763 958 3814 de
976 3763 1100 3814 mandato
1111 3763 1302 3832 archiepiscopi
1318 3762 1536 3830 salisburgensis,
1564 3761 1597 3812 de
1618 3775 1670 3810 cns

426 3849 500 3902 todia
517 3851 631 3914 concilii,
649 3847 682 3900 ds
701 3849 768 3900 duce
786 3849 923 3914 Bavariae,
953 3850 985 3901 de
1003 3851 1080 3902 Luna
1097 3852 1200 3902 comite.
1234 3851 1286 3901 Ein
1303 3849 1397 3902 andree
1421 3849 1468 3900 das
1485 3849 1511 3900 k
1531 3847 1614 3901 libell
1630 3848 1670 3896 be

425 3935 564 3988 tredecies
582 3933 747 3986 Brochstiicir
766 3935 813 3987 der
829 3935 964 4000 Belation,
988 3935 1035 3987 das
1053 3935 1097 3986 ich
1120 3937 1147 3986 in
1165 3935 1218 3990 den
1234 3937 1341 3990 Wiener
1358 3935 1530 3989 Concilacten
1546 3933 1668 4004 geiunden

426 4023 503 4088 habs,
526 4039 546 4078 r.
559 4023 594 4074 im
611 4021 708 4074 Archiv
724 4021 743 4076 f.
762 4025 786 4076 c.
806 4021 838 4074 G.
855 4021 897 4073 47.

917 4303 1119 4319 m
