3460 5826
375 759 430 846 qni
451 770 572 846 negant
595 782 634 825 ea
655 761 854 848 potissimum
872 763 995 827 ratione
1011 761 1180 845 ducuntur,
1203 784 1244 826 ne
1259 759 1396 827 latenter
1410 762 1507 827 etiam
1520 761 1699 828 residentia

370 863 447 927 iuris
470 861 570 928 divini
593 887 663 929 esse
686 863 891 950 significetur,
920 866 1010 930 cuius
1033 887 1150 931 nomen
1172 867 1268 932 etiam
1290 866 1406 932 mirum
1429 875 1478 932 est
1501 889 1598 955 quam
1620 864 1696 930 bor·

369 977 475 1052 reant3
509 978 605 1056 atquc
636 970 659 1032 ii
687 967 816 1056 quidem
837 967 981 1056 plerique
1012 967 1210 1035 diversorum
1240 970 1453 1038 cardinalium
1482 969 1629 1036 asseclae
1663 977 1696 1032 et

369 1071 490 1136 Romae
513 1071 640 1138 educati
663 1073 807 1160 episcopi
829 1082 912 1155 sunt,
935 1095 1072 1160 quorum
1094 1071 1147 1138 bio
1168 1075 1311 1138 maxima
1332 1095 1408 1160 pars
1431 1083 1489 1158 est,
1519 1083 1694 1138 uteorum

372 1175 530 1239 sententia
551 1177 720 1261 pauciores
742 1195 874 1240 numero
896 1177 1026 1242 vincere
1049 1175 1159 1241 soleat.

467 1278 518 1343 De
540 1279 763 1344 reformatione
792 1281 851 1344 etsi
879 1278 958 1344 nihil
987 1277 1028 1344 de
1056 1287 1164 1345 nostro
1187 1280 1321 1368 pristino
1353 1289 1384 1344 et
1407 1289 1561 1345 consueto
1583 1277 1693 1343 studio

368 1405 406 1448 ac
430 1381 594 1470 diligentia
620 1383 819 1466 remittimus,
851 1385 958 1448 tamen
981 1383 1063 1471 quid
1084 1385 1207 1472 sperari
1235 1384 1337 1472 possit
1359 1385 1516 1449 incertum
1540 1394 1598 1450 est
1632 1382 1694 1446 hoc

367 1497 476 1552 tamen
497 1485 592 1551 video
616 1484 702 1574 quod
724 1489 756 1551 in
779 1485 847 1552 dies
869 1487 946 1552 novi
968 1489 1111 1575 episcopi
1132 1486 1207 1552 Itali
1229 1487 1391 1570 advolant,
1414 1487 1501 1575 quod
1523 1510 1564 1555 eo
1585 1487 1694 1552 fieris

367 1589 527 1657 nonnullis
550 1592 726 1674 coniicitur,
749 1600 785 1656 ut
806 1600 916 1658 nostro
938 1601 970 1656 et
988 1592 1206 1678 Hispanorum
1228 1590 1457 1674 acGallorum,
1481 1593 1509 1656 si
1530 1591 1614 1658 forte
1637 1615 1690 1654 ve·

366 1696 481 1777 nerint,
513 1694 617 1760 studio
640 1697 673 1758 in
694 1693 929 1761 reformationis
951 1697 1086 1781 negocio
1108 1696 1211 1782 magis
1234 1715 1273 1758 ac
1292 1693 1395 1780 magis
1420 1694 1521 1759 obniti
1551 1717 1590 1758 ao
1611 1695 1690 1758 resi-

368 1809 450 1863 stere
473 1800 605 1884 possint
629 1821 713 1863 nune
737 1800 831 1862 etiam
855 1819 926 1863 eam
949 1797 990 1863 ob
1007 1805 1137 1862 eausam
1161 1799 1427 1884 congregationes
1444 1795 1566 1862 differri
1589 1798 1688 1884 aqui-

367 1901 503 1966 busdam
525 1903 641 1967 nostris
663 1901 736 1966 fidis
758 1901 940 1967 hominibus
963 1897 1178 1988 intelligimus,
1202 1900 1289 1988 quod
1306 1901 1339 1965 iu
1362 1899 1599 1967 reformationis
1615 1901 1687 1966 arti-

367 2003 447 2070 culis
470 2005 697 2093 proponendis,
721 2007 776 2093 qui
798 2015 906 2070 tamen
921 2003 1033 2094 quales
1048 2005 1147 2070 futuri
1162 2014 1237 2070 sunt
1252 2005 1412 2092 expiscari
1427 2027 1493 2072 uon
1507 2027 1686 2090 possumus,

365 2110 447 2174 inter
476 2110 563 2195 ipsos
585 2108 627 2172 D.
650 2108 773 2194 legatos
804 2132 869 2174 non
892 2110 1063 2175 conveniat
1083 2131 1189 2196 neque
1216 2107 1257 2174 de
1279 2107 1342 2173 illis
1364 2107 1470 2174 adbuc
1492 2105 1687 2174 concordare

365 2213 535 2299 potuerint

466 2314 661 2381 Caeterum.
679 2365 708 2378 ..
732 2313 937 2401 intelligimus
960 2337 980 2379 a
1003 2315 1196 2402 quibusdam
1219 2315 1294 2380 S¹'²¹²m
1317 2315 1359 2381 D.
1375 2315 1415 2380 N.
1432 2317 1585 2380 continua
1599 2312 1683 2378 febre

365 2417 489 2484 calculo
521 2430 553 2482 et
576 2417 646 2482 aliis
668 2418 828 2483 nonnullis
852 2418 972 2485 morbis
994 2419 1118 2502 vexari,
1150 2419 1205 2507 qui
1228 2443 1338 2486 omnes
1361 2419 1407 2483 illi
1428 2417 1606 2506 periculum
1629 2419 1680 2480 mi-

367 2533 491 2606 nentur,
515 2531 679 2609 utcunque
697 2545 734 2587 ea
754 2545 805 2588 res
829 2545 848 2586 a
872 2521 982 2586 multis
1005 2521 1191 2588 occultetur.
1215 2523 1297 2588 faxit
1319 2522 1398 2587 deus
1421 2534 1457 2587 ut
1477 2522 1561 2588 baec
1583 2522 1681 2587 omnia

363 2626 450 2690 mala
472 2625 567 2712 longe
589 2624 630 2690 ab
647 2649 685 2691 eo
700 2625 921 2712 propellantur
937 2677 944 2690 .
961 2675 968 2689 .
984 2674 991 2688 .
1008 2637 1228 2692 verumtamen
1245 2629 1396 2714 quoniam
1411 2629 1526 2714 etipse
1541 2623 1677 2690 mortalis

365 2739 414 2794 est
429 2777 437 2792 .
453 2778 485 2794 ..
507 2729 576 2794 fieri
603 2751 699 2815 posse
721 2731 952 2816 existimamus,
982 2739 1018 2793 ut
1040 2731 1070 2794 ei
1093 2728 1215 2818 aliquid
1243 2729 1428 2795 humanitus
1461 2729 1596 2794 durante
1623 2729 1678 2790 isto

364 2831 502 2899 concilio
525 2829 652 2897 accidat
667 2881 695 2897 ..
713 2881 720 2896 .
744 2833 770 2896 si
794 2833 873 2918 quid
895 2831 1066 2916 accideret,
1089 2831 1252 2897 humilime
1267 2831 1317 2896 Mo
1339 2833 1378 2899 V.
1394 2831 1542 2920 supplico
1557 2830 1678 2918 utquid

364 2959 401 3002 eo
431 2959 508 3000 casu
534 2959 592 3000 nos
622 2946 764 3001 oratores
794 2957 868 2998 suos
891 2935 996 3000 facere
1025 2935 1148 3018 iubeat,
1182 2935 1275 3000 nobis
1304 2934 1475 3000 clementer
1504 2935 1676 3022 significare

363 3041 521 3126 dignetur.
546 3063 606 3126 ego
630 3039 770 3127 quidem,
794 3038 827 3103 id
850 3040 1045 3121 deveniret,
1069 3039 1207 3105 arbitror
1229 3063 1339 3106 omnes
1363 3038 1543 3104 cardinales
1562 3039 1614 3126 qui
1629 3037 1673 3100 bio

363 3155 437 3208 sunt
453 3144 560 3207 statim
573 3142 648 3206 binc
659 3143 793 3206 Romam
809 3142 1007 3207 discessuros
1019 3142 1094 3207 fore
1119 3143 1203 3206 idem
1219 3141 1363 3207 facerent
1378 3145 1520 3209 maxima
1534 3141 1673 3207 Italorum

363 3249 587 3334 episcoporum
608 3269 693 3332 pars.
728 3245 790 3310 hac
813 3246 852 3310 de
879 3268 916 3311 re
939 3247 1035 3311 etiam
1057 3246 1150 3313 chiffl
1178 3248 1264 3334 regis
1287 3257 1429 3312 oratores
1459 3269 1494 3312 se
1517 3247 1674 3332 diligenter

363 3353 431 3437 regi
446 3372 502 3414 suo
514 3352 749 3436 perscripturos
761 3349 921 3413 affirmant
937 3399 944 3413 .
958 3399 965 3413 .
980 3399 988 3414 .
1003 3351 1131 3414 interim
1147 3361 1254 3416 autem
1271 3351 1348 3416 dum
1362 3351 1424 3416 hac
1440 3350 1526 3416 dere
1538 3347 1672 3414 ttfflvs.

362 3454 550 3519 mandatum
577 3453 741 3540 accepturi
776 3474 886 3517 sumus
903 3501 909 3514 .
928 3501 960 3516 ..
985 3452 1197 3518 deliberatum
1226 3476 1265 3518 ac
1292 3456 1501 3519 constitutum
1531 3463 1579 3518 est
1604 3454 1672 3516 inter

361 3558 521 3644 praefatos
545 3555 637 3623 chrm
660 3557 746 3642 regis
769 3567 913 3621 oratores
935 3565 968 3621 et
990 3577 1051 3635 me,
1073 3566 1110 3621 ut
1132 3559 1165 3621 in
1183 3579 1221 3623 eo
1241 3579 1367 3623 omnem
1384 3580 1513 3644 operam
1531 3575 1670 3643 ponamus

361 3670 397 3725 ut
419 3683 516 3748 quam
537 3681 704 3746 possemus
726 3657 881 3746 plurimos
898 3662 1067 3747 episcopos
1082 3659 1135 3724 hic
1152 3661 1366 3726 detineremus
1383 3663 1495 3748 eisque
1510 3659 1671 3725 disoesmm

361 3761 621 3829 dissuaderemus
646 3785 748 3852 usque
772 3763 815 3828 ad
837 3763 898 3828 Mo.
919 3765 960 3828 V.
984 3763 1016 3828 S.
1041 3762 1378 3831 deliberationem...

497 3954 523 4005 S.
541 3954 592 4004 den
609 3955 731 4021 Eingang
745 3955 791 4006 der
803 3955 942 4020 Depescbe
955 3957 991 4006 im
1006 3955 1104 4006 Archiv
1116 3955 1133 4005 s.
1148 3960 1171 4008 ὅ.
1187 3955 1284 4008 Geseb.
1298 3958 1340 4010 4⁷.
1359 3983 1391 3992 -
1409 3955 1473 4006 Fast
1492 3953 1575 4020 gleicb
1599 3952 1668 4002 lactet

429 4041 475 4092 der
492 4041 567 4091 Brief
583 4043 699 4092 Lausacs
722 4043 748 4090 in
766 4043 804 4092 Le
822 4043 882 4092 Plat
899 4046 923 4106 ὅ,
946 4043 1010 4106 5373
1033 4042 1085 4107 vgl.
1106 4041 1174 4091 daau
1197 4041 1353 4091 Pallavieini
1377 4045 1400 4104 2,
1419 4043 1564 4100 oss-539,
1588 4037 1663 4088 blond·

429 4128 489 4178 ham
508 4129 566 4190 302,
584 4129 635 4194 Ep.
654 4128 763 4194 Pogiani
781 4131 805 4191 3,
825 4131 883 4180 170.
901 4127 979 4179 Sonst
1001 4127 1130 4178 berichtst
1150 4128 1313 4178 Draskovics
1331 4127 1401 4178 uoob
1414 4127 1474 4177 dass
1488 4127 1535 4177 der
1547 4123 1664 4191 potuim-lo

429 4213 526 4264 Orator
549 4229 591 4265 am
617 4217 649 4264 14
673 4215 769 4265 aintraf
788 4215 844 4266 und
873 4228 915 4265 am
933 4217 966 4264 23
984 4213 1141 4280 emplangen
1159 4215 1248 4266 wurde
1273 4215 1323 4282 (Le
1340 4213 1400 4265 Plat
1417 4217 1441 4278 5,
1464 4215 1534 4277 582),
1561 4213 1615 4262 dass
1631 4209 1666 4258 der

428 4301 456 4352 C.
470 4317 521 4352 von
531 4303 682 4352 Hobenems
700 4318 742 4352 um
761 4306 794 4353 22
811 4302 881 4353 nach
892 4303 1023 4354 Constans
1042 4304 1096 4352 und
1109 4303 1279 4354 Thmsmts
1294 4303 1363 4354 nach
1382 4301 1529 4352 lunsbruolr
1540 4301 1660 4350 abreisteu

428 4387 534 4439 endlich
562 4389 623 4440 dass
641 4390 684 4438 ein
701 4388 780 4440 Tbsil
798 4389 845 4441 der
861 4388 1050 4442 Dieuersebaft
1072 4389 1119 4440 des
1137 4389 1167 4440 C.
1186 4405 1238 4440 von
1257 4389 1418 4458 Lothringen
1436 4389 1534 4439 bsrsits
1550 4387 1575 4436 in
1591 4384 1663 4433 'litent

427 4474 618 4541 aagekommen
636 4491 697 4526 war.
