3460 5826
361 501 424 566 378

428 688 534 756 quend‘n
569 691 650 759 igitur
670 696 731 758 post
747 694 788 742 tot
815 689 962 758 murilegis,
993 694 1054 757 post
1071 688 1260 742 discessionem
1276 688 1368 754 aide,
1385 693 1526 757 postquam
1543 704 1561 742 a
1581 689 1620 741 R
1637 704 1714 754 pon-

426 775 498 827 tifice
516 775 676 842 deiecerunt,
700 777 772 830 nolle
788 776 898 843 pacifice
917 777 1021 838 reverti,
1046 778 1149 842 corpori
1166 778 1243 842 uniri,
1266 778 1347 846 cupiti
1365 776 1452 841 subdi,
1469 779 1521 828 nisi
1539 778 1579 828 eis
1603 776 1714 826 calicis

425 877 488 914 usus
499 863 660 915 concedatur
678 869 704 914 et
713 863 773 928 alia,
792 865 815 914 si
832 865 932 929 superis
944 863 1041 928 placet,
1058 864 1166 929 insuper
1178 863 1324 929 obtineant,
1342 864 1369 914 iu
1384 863 1540 916 umversalis
1551 862 1710 934 ecclesiae

422 950 543 1000 iniuriam
556 957 583 1001 et
594 950 624 1002 R.
634 949 764 1016 pontilicis
778 955 957 1016 contemptum
972 949 1067 1000 cedere
1079 949 1192 1014 ridetur,
1211 965 1243 1000 ac
1260 949 1372 1016 proinde
1389 966 1442 1002 non
1454 949 1583 1017 expedire
1599 948 1710 1000 calicis

425 1051 501 1088 umm
519 1037 674 1089 concedere.

492 1142 549 1194 Nec
571 1143 634 1207 ipsis
653 1141 789 1194 (ternanta
816 1143 1025 1195 communionem
1048 1142 1099 1194 sub
1115 1145 1228 1208 utrque
1246 1145 1297 1193 stc.
1317 1146 1345 1195 1⁰
1370 1157 1403 1192 eo
1422 1139 1547 1192 dilemsts
1564 1145 1707 1190 numus:

425 1227 469 1278 sel
486 1230 537 1294 ipsi
556 1227 679 1280 Germani
702 1231 747 1295 qni
765 1233 858 1294 petunt
881 1229 1041 1286 arbitrantur
1064 1228 1155 1280 calicis
1177 1244 1253 1280 mum
1278 1230 1457 1280 necessarium
1475 1243 1534 1279 esse
1557 1232 1705 1278 autnon.

424 1315 446 1365 si
463 1315 569 1381 quidem
581 1313 609 1365 id
622 1313 738 1379 credunt,
756 1313 838 1365 veluti
850 1314 968 1365 infideles
979 1312 1139 1366 accensendi
1150 1319 1210 1366 sunt
1223 1321 1250 1365 et
1261 1314 1344 1365 veluti
1363 1315 1469 1366 concilii
1487 1311 1705 1365 delinitionibus

424 1407 600 1468 repugnantes
620 1399 769 1466 coercendi,
788 1405 890 1452 tannim
908 1401 984 1452 abest
1001 1405 1031 1452 ut
1048 1401 1083 1452 ad
1100 1399 1275 1453 eucharistiae
1299 1403 1509 1454 communionem
1527 1399 1704 1452 admittendi

427 1489 485 1538 sint
509 1489 532 1537 si
548 1503 612 1540 vero
630 1485 657 1538 id
675 1503 729 1539 non
748 1487 866 1552 credunt,
891 1504 923 1538 ex
940 1503 1032 1553 parum
1050 1487 1170 1540 modesto
1189 1487 1287 1539 affectu
1304 1489 1448 1554 pietatique
1466 1488 1605 1538 contrario
1626 1485 1704 1536 haec

425 1573 529 1625 illorum
546 1575 672 1625 instantia
689 1573 826 1625 manifeste
840 1573 985 1641 procedere
999 1575 1172 1627 convincitur.
1191 1575 1332 1626 concilium
1349 1576 1464 1642 negarit,
1481 1571 1632 1640 pontifices
1648 1571 1701 1622 dis·

422 1660 508 1711 ierunt
526 1675 680 1727 semperque
699 1677 757 1712 eam
774 1662 929 1726 petitionem
946 1661 1129 1713 molestissime
1146 1661 1270 1724 tulerunt,
1300 1677 1390 1713 omnes
1408 1659 1478 1711 aliae
1496 1659 1638 1711 ecclesiae
1659 1659 1700 1708 in-

423 1745 575 1813 dignanturr
595 1761 646 1814 quo
663 1748 743 1816 igitur
760 1749 837 1814 genio
856 1747 890 1798 sd
908 1747 976 1798 haec
993 1747 1181 1813 impelluntur?
1201 1753 1272 1800 certe
1289 1763 1343 1798 non
1362 1748 1480 1798 caritatis
1498 1745 1602 1798 affectu
1625 1759 1701 1811 quae

423 1850 477 1884 non
494 1836 597 1901 quaerit
615 1849 683 1900 qnae
701 1849 749 1886 sua
766 1838 834 1900 sunt,
853 1839 880 1885 et
896 1833 957 1885 ideo
976 1835 1106 1886 salubrius
1125 1839 1194 1885 esset
1218 1835 1297 1886 etiam
1315 1835 1379 1901 ipsis
1397 1832 1528 1885 eiusmodi
1544 1850 1602 1886 non
1624 1833 1696 1884 obti-

422 1937 493 1973 nere.
517 1923 546 1972 2⁰
570 1921 711 1987 vigilanter
734 1922 925 1973 advertendum
952 1928 999 1986 est,
1022 1927 1132 1972 etcum
1155 1920 1188 1972 de
1206 1923 1303 1972 unione
1326 1923 1408 1972 totius
1431 1919 1592 1973 Germaniae
1620 1919 1695 1969 serio

420 2007 514 2074 agitur,
532 2005 606 2058 nulla
623 2009 685 2074 ipsis
698 2007 866 2060 discessionis
884 2015 931 2059 aut
942 2010 1115 2074 separationis
1127 2007 1288 2060 adinvicem
1301 2007 1427 2061 offeratur
1439 2007 1559 2072 occasio,
1578 2011 1692 2070 tempus

421 2095 490 2144 enim
509 2101 550 2146 est
568 2091 710 2160 colligendi
728 2111 782 2147 non
800 2095 975 2163 dispergendi.
994 2111 1086 2146 verum
1103 2097 1171 2146 inter
1188 2097 1259 2162 ipsos
1272 2097 1352 2147 etiam
1365 2093 1510 2145 Germanos
1523 2093 1599 2143 circa
1617 2090 1693 2142 hune

419 2179 559 2231 articulum
577 2181 660 2231 multa
683 2185 724 2232 est
741 2181 892 2233 diversitas:
910 2187 971 2233 sunt
992 2184 1037 2250 qui
1054 2186 1155 2248 petunt,
1185 2187 1247 2234 sunt
1260 2184 1344 2234 'etiam
1366 2183 1412 2249 qni
1435 2181 1505 2232 hanc
1527 2179 1690 2246 petitionem

420 2265 591 2320 detestantur.
610 2266 674 2334 quid
692 2282 755 2335 ergo
774 2268 890 2319 futurum
909 2273 962 2319 est:
979 2270 1160 2336 praecipietne
1177 2269 1209 2321 R
1222 2269 1342 2336 pontifex
1360 2283 1451 2319 omnes
1470 2267 1622 2318 Germanos
1639 2265 1689 2314 sub

418 2357 530 2420 nnaqrm
553 2355 643 2421 specie
661 2357 864 2420 communicare,
888 2362 917 2406 at
933 2355 985 2407 hoc
1004 2357 1053 2407 erit
1071 2355 1186 2421 difficile,
1209 2358 1377 2423 permittetuc
1401 2369 1620 2420 unumquemque
1639 2367 1687 2402 suo

419 2439 498 2491 modo
516 2442 607 2493 vivere
626 2447 705 2508 atque
719 2442 903 2494 eucharisn‘am
921 2443 970 2494 snb
987 2448 1101 2509 utraque
1118 2442 1162 2495 rel
1179 2459 1233 2494 uns
1249 2447 1352 2493 mutum
1370 2442 1461 2507 specie
1476 2439 1641 2490 desumere?
1659 2442 1686 2487 at

417 2525 469 2578 hoc
496 2533 565 2579 esset
581 2527 754 2579 intolerabilis
781 2529 900 2580 conlusio
925 2529 988 2595 ipsis
1012 2531 1092 2580 etiam
1115 2532 1159 2598 qni
1176 2532 1279 2596 petunt.
1303 2531 1332 2580 3⁰
1356 2532 1496 2594 postquam
1520 2541 1538 2576 a
1565 2523 1684 2576 concilio

417 2614 553 2665 decretum
571 2621 611 2666 est
628 2615 768 2682 multisque
786 2617 933 2668 rationibus
951 2615 1080 2667 firmatum
1099 2617 1309 2668 communionem
1330 2616 1379 2666 sub
1400 2620 1512 2682 ntrsqoe
1525 2613 1620 2680 specie
1632 2626 1684 2661 non

418 2700 540 2766 expedire
557 2702 584 2752 in
597 2704 737 2767 communi,
755 2719 807 2770 qna
822 2705 924 2755 ratione
937 2702 1061 2754 Germani
1079 2703 1196 2754 obtinere
1215 2707 1337 2770 satagunt
1355 2701 1578 2768 dispensationem
1597 2697 1682 2748 hauc:

416 2803 450 2839 au
468 2789 530 2855 quie
546 2789 629 2841 invito
647 2789 678 2839 Β.
691 2788 816 2854 pontifice
834 2795 933 2840 etcum
946 2789 1072 2841 scaudslo
1091 2791 1172 2840 totius
1186 2789 1318 2856 ecclesiae
1336 2788 1415 2838 ritum
1427 2802 1534 2838 semare
1553 2793 1581 2837 et
1599 2787 1681 2836 oboe-

417 2874 531 2925 dientiae
549 2877 639 2942 iugum
657 2875 745 2927 subire
765 2873 916 2942 [recinantl
935 2892 969 2928 an
987 2878 1049 2944 quia
1066 2875 1173 2926 infirmis
1190 2878 1291 2927 maiora
1307 2873 1436 2942 pluraque
1451 2873 1563 2924 rimedia
1577 2870 1681 2922 deside·

415 2961 523 3011 rantur?
547 2961 595 3011 sed
613 2961 694 3028 lapsis
718 2960 861 3013 remedium
881 2967 920 3012 est
944 2965 1087 3028 penitentie
1111 2966 1138 3012 et
1155 2961 1244 3012 altune
1268 2961 1416 3013 communio
1440 2961 1485 3010 vix
1503 2956 1678 3010 concedentis

418 3053 494 3112 esset,
513 3047 609 3099 nedum
628 3053 739 3116 utraque
757 3051 859 3114 species
878 3064 945 3114 quse
964 3049 1104 3100 carissimis
1123 3045 1272 3100 etiamfiliis
1291 3047 1446 3114 denegatur.
1464 3061 1499 3097 an
1520 3047 1583 3112 quia
1595 3044 1678 3094 maior

418 3133 566 3186 devotionis
590 3135 688 3186 affectu
707 3135 856 3186 ducuntur?
881 3135 929 3187 sed
951 3151 1015 3187 vcra
1033 3135 1138 3188 devotio
1164 3150 1181 3185 a
1199 3136 1309 3186 caritate
1324 3133 1446 3201 procedit
1467 3149 1518 3183 nec
1537 3129 1673 3198 singulari·

413 3225 495 3272 tatem
513 3221 605 3288 diligit,
624 3222 671 3273 sed
690 3225 807 3288 corporis
824 3225 951 3274 unitatem
970 3223 1091 3286 custodit
1122 3227 1202 3290 atque
1220 3222 1280 3274 ideo
1298 3219 1382 3272 multo
1400 3219 1453 3270 illis
1472 3217 1672 3271 convenientius

414 3311 491 3370 esset,
511 3309 532 3357 ai
551 3323 715 3360 communem
734 3308 812 3360 iidem
829 3313 927 3373 tenent,
951 3324 1104 3361 communes
1122 3311 1202 3360 etiam
1219 3310 1284 3360 ritus
1302 3309 1452 3360 observant

480 3427 603 3480 Secunda
627 3430 814 3482 consideratio:
839 3430 874 3482 ad
899 3430 928 3480 id
952 3431 1094 3495 negocium
1121 3429 1323 3482 dmcemendum
1344 3429 1429 3480 mults
1452 3427 1616 3478 disemsione
1639 3437 1670 3474 ac

412 3517 512 3568 li¹nomm
535 3517 706 3568 cardinalium
724 3522 826 3570 matura
844 3516 1036 3570 consultatione
1054 3533 1121 3582 opus
1139 3531 1205 3570 esse.
1235 3518 1394 3582 praemissae
1416 3514 1523 3580 quidem
1546 3515 1666 3570 mtiones,

413 3618 572 3672 quamquam
583 3619 686 3671 paucae
701 3604 735 3654 de
747 3603 836 3655 multis
847 3603 965 3656 selectae
976 3609 1044 3667 sunt,
1062 3603 1222 3669 persuadere
1239 3609 1362 3670 poterant
1377 3603 1413 3653 ab
1431 3601 1483 3652 isc
1501 3599 1667 3652 concessione

412 3691 635 3758 supersedendum
646 3706 712 3742 esse.
730 3706 822 3743 venun
833 3690 955 3742 siadhuc
968 3691 1147 3744 controversia
1156 3697 1204 3756 eat,
1222 3691 1271 3741 sub
1289 3691 1378 3741 indice
1395 3685 1667 3756 apertissimeconstal

412 3779 440 3828 in
457 3793 490 3829 ea
513 3776 659 3828 mutuenda
681 3776 765 3828 multa
788 3780 958 3830 cunctatione
981 3792 1015 3830 sc
1038 3776 1228 3830 deliberatione
1256 3775 1454 3843 procedendum
1478 3789 1545 3826 esse.
1571 3776 1665 3823 certum

411 3878 524 3930 namque
542 3862 609 3914 illud
627 3865 661 3914 ab
679 3865 790 3930 ipsaque
807 3868 902 3916 natura
919 3863 1067 3929 profectum
1086 3867 1126 3914 est
1144 3864 1171 3914 in
1188 3862 1300 3915 solemni
1317 3865 1370 3914 ritm
1382 3861 1545 3912 immutando
1558 3859 1665 3910 maxims

412 3949 606 4004 consultatione
629 3951 678 4014 uti,
705 3952 866 4002 conanime
890 3949 961 4016 quod
984 3965 1026 4002 rea
1046 3951 1200 4015 gravissima
1220 3949 1396 4000 uaminmda
1418 3949 1580 4015 proponitur,
1601 3954 1663 4009 quae

412 4039 552 4092 multorum
570 4037 781 4104 praeclarissima
797 4037 904 4104 ingenia
920 4038 998 4090 torsit
1015 4042 1043 4088 et
1058 4036 1177 4101 piissima
1193 4041 1304 4102 pectora
1322 4036 1466 4102 sagitavit
1486 4049 1538 4084 nee
1555 4042 1661 4098 unquam

412 4127 476 4177 sana
500 4126 617 4176 constitit
641 4125 706 4191 quid
728 4126 817 4176 utilius
842 4123 898 4174 lore
925 4122 1077 4174 iudicarint.
1105 4124 1132 4174 in
1154 4139 1183 4174 re
1206 4124 1287 4190 igitur
1308 4123 1466 4189 gravissima
1494 4114 1660 4176 decernendi,

411 4212 531 4276 quamvis
555 4215 623 4262 esset
648 4211 737 4275 dubia,
762 4227 822 4262 cum
839 4216 928 4262 nmen
951 4209 1040 4262 multis
1063 4209 1145 4261 dubia
1161 4225 1215 4262 non
1232 4211 1273 4272 sit,
1304 4209 1376 4260 lento
1394 4208 1478 4274 gradu
1495 4203 1660 4258 incedendum

411 4297 453 4348 his
465 4299 611 4350 rationibus
624 4300 748 4352 convinci
764 4303 860 4364 petest
880 4299 960 4363 igitur
977 4303 1081 4363 praeter
1094 4297 1141 4348 illa
1152 4313 1221 4362 quae
1233 4312 1266 4346 ex
1278 4297 1408 4364 gramtats
1419 4300 1501 4361 atque
1509 4291 1659 4344 difficultate

412 4399 509 4434 musae
528 4383 709 4436 discutiendae
726 4385 864 4451 praedicte
881 4389 957 4450 sunt,
985 4383 1073 4436 adhuc
1090 4385 1261 4434 intisnmum
1288 4387 1329 4434 eet
1346 4381 1417 4432 guen
1434 4381 1469 4431 D.
1487 4380 1521 4431 N.
1537 4380 1610 4430 Pium
1625 4370 1658 4423 IV

410 4471 479 4522 omni
499 4473 733 4537 circumspectione
751 4471 896 4535 attendere,
918 4487 953 4522 ne
970 4472 1015 4522 rel
1030 4476 1138 4522 tenuem
1154 4471 1288 4522 maculam
1304 4485 1370 4522 suae
1387 4469 1487 4537 modae
1503 4468 1570 4518 velit
1586 4463 1657 4517 oruc·

410 4555 482 4620 dere,
507 4559 581 4608 cuins
599 4563 654 4610 tam
671 4559 721 4610 tuit
738 4557 907 4623 pontificatus
924 4558 989 4609 felix
1006 4563 1037 4610 ut
1052 4559 1164 4624 posteris
1181 4557 1345 4623 praeclaram
1363 4557 1404 4606 sui
1421 4555 1574 4606 memoriam
1589 4549 1653 4602 reln-

409 4659 488 4709 quere
506 4647 598 4709 possit,
617 4646 692 4696 cuins
712 4644 805 4696 diebus
824 4643 973 4696 catholicae
992 4643 1130 4696 docuinae
1147 4645 1286 4709 purissime
1304 4643 1429 4708 dogmata
1451 4648 1479 4692 et
1496 4646 1602 4692 metue
1621 4648 1654 4684 rt

408 4729 571 4784 formationis
596 4729 792 4782 consultissima
814 4732 922 4783 decreta
939 4737 994 4782 tam
1018 4732 1126 4797 copiose
1143 4731 1303 4796 prodierant.
1328 4735 1445 4781 ceterum
1462 4729 1534 4780 sama
1551 4728 1597 4777 fuit
1611 4733 1651 4772 net

409 4815 591 4883 levisquidem
608 4817 663 4878 illa,
681 4819 842 4882 insperatum
856 4818 963 4868 concilii
974 4816 1054 4868 finem
1066 4819 1211 4883 composite
1229 4817 1361 4869 accidisse
1378 4821 1459 4882 atque
1471 4829 1504 4865 ea
1515 4829 1561 4880 spe
1573 4811 1651 4862 suctos

410 4901 567 4955 Germaniae
583 4919 707 4968 proceres
724 4903 880 4968 adsensisse,
902 4909 932 4954 ut
950 4903 1092 4956 concilium
1110 4905 1187 4954 citius
1204 4903 1385 4954 absolveretur
1412 4916 1492 4968 quam
1510 4895 1648 4966 qmbusdam

409 4991 589 5040 necessarium
605 4989 753 5054 videbatur,
781 5005 841 5041 cum
858 4989 947 5041 adhuc
964 4989 1048 5042 multa
1065 4989 1232 5042 incedenda
1253 4995 1280 5041 et
1297 4987 1466 5040 decernenda
1496 4981 1650 5052 superemlli

406 5075 550 5138 sperabant
572 5076 662 5142 itaque
686 5075 818 5142 esmant,
842 5076 1032 5142 atterebatur,
1057 5076 1150 5130 calicis
1175 5077 1386 5130 communionem
1411 5089 1492 5142 qnam
1513 5066 1648 5125 mimis
