3498 5830
113 700 193 742 nemo
215 701 289 744 uon
310 677 422 744 videat
442 677 690 766 multiplicatum
712 680 750 744 iri
772 678 828 774 Df¹¹
852 681 922 745 eius
953 687 1100 764 sumptus
1122 685 1155 742 et
1184 678 1363 763 impensas,
1391 699 1434 742 ex

110 802 162 868 pro
184 781 216 844 ei
241 781 436 848 insumenda
458 783 518 848 erit
538 781 614 848 aula
634 784 725 869 regia
745 782 846 850 multo
869 783 1011 848 ornatior
1032 803 1072 847 ae
1094 781 1312 868 sumptuosior
1334 802 1433 868 quam

108 885 275 972 bucusque
295 883 443 950 fortassis
464 883 529 948 1)*ἱο
548 885 617 950 eius
632 884 753 952 habere
768 887 981 968 consueverit,
1003 907 1069 950 non
1083 886 1292 971 proveniente
1306 885 1433 950 interim

105 987 221 1052 maiore
245 986 436 1052 reddituum
460 988 639 1076 quantitate
662 1011 704 1054 ex
726 987 782 1053 illa
802 998 899 1072 terra,
923 988 1053 1076 quaudo
1068 989 1159 1074 regni
1179 1009 1296 1054 nomen
1312 987 1434 1054 obtine·

104 1089 151 1172 hir,
176 1111 284 1176 qnam
307 1089 371 1156 hoc
392 1101 537 1178 tempore
559 1114 624 1180 quo
647 1113 718 1158 eam
742 1092 931 1180 dignitatem
954 1102 986 1158 et
1007 1114 1125 1158 nomen
1145 1089 1340 1157 nonhabet

200 1192 265 1258 Ad
285 1193 369 1259 baec
392 1194 614 1260 sustinendam
630 1195 699 1260 fore
714 1195 770 1260 D'¹¹
784 1197 853 1261 eius
869 1197 1045 1262 maximam
1060 1195 1216 1262 invidiam
1231 1215 1305 1260 cum
1319 1191 1435 1258 ltaliae

101 1307 163 1361 tum
185 1295 334 1363 aliorum
355 1298 539 1385 principum
561 1319 601 1363 ae
623 1307 765 1364 statuum
788 1300 853 1386 qui,
878 1321 951 1364 cum
974 1321 1046 1365 sese
1067 1299 1130 1385 ipsi
1151 1297 1227 1362 Illmo
1248 1295 1434 1362 Florentiae

101 1399 170 1466 duci
193 1422 269 1466 non
290 1402 433 1487 impares
456 1423 528 1466 esse
549 1401 702 1486 iudicent,
725 1425 790 1467 non
812 1401 908 1468 modo
931 1401 1124 1468 invidebunt
1144 1400 1201 1466 D¹²¹
1215 1402 1284 1466 eius
1306 1413 1374 1466 tam
1388 1403 1434 1466 iu·

100 1503 196 1590 signis
222 1513 261 1570 et
283 1504 435 1570 excelsae
457 1506 649 1571 eminentiae
676 1506 912 1590 accessionem,
934 1527 1048 1571 verum
1075 1507 1172 1571 etiam
1187 1503 1324 1570 eandem
1338 1503 1435 1570 vehe-

100 1615 224 1673 menter
249 1616 438 1694 suspectam
459 1607 626 1674 habebunt
648 1630 688 1674 ac
709 1608 908 1675 verebuntur
928 1631 970 1674 ne
992 1609 1074 1674 forte
1098 1631 1157 1674 rex
1172 1630 1277 1674 novus
1293 1607 1435 1674 stabilita

9 1717 10 1746 ³
101 1709 325 1776 dominatione
347 1709 565 1798 amplificandi
587 1714 679 1798 regni
703 1710 808 1777 studio
831 1710 874 1778 ad
889 1713 1014 1799 imperii
1029 1721 1086 1777 aut
1100 1711 1236 1778 eliorum
1250 1713 1433 1799 principum

102 1823 315 1902 statuumque
337 1813 452 1904 Italiae
486 1814 637 1881 ditionem
672 1818 791 1880 sensim
824 1815 1049 1903 occupandam
1083 1815 1257 1903 aliquando
1291 1817 1434 1881 animum

9 1963 10 1988 r
100 1916 259 2002 sdiieeat,
296 1916 570 2005 quemadmodum
592 1920 656 1984 iam
685 1941 771 1986 nunc
798 1941 863 1985 non
890 1918 1036 1985 obscuris
1066 1917 1269 2006 quorundam
1297 1918 1434 1986 vocibus

102 2021 341 2088 dreumfertur.

199 2125 288 2191 Prae
312 2127 450 2192 caeteris
472 2135 580 2192 autem
602 2127 641 2191 iis
664 2127 867 2213 potissimum
889 2126 974 2193 banc
1003 2147 1114 2192 euram
1143 2125 1380 2193 solicitudinem
1402 2135 1436 2192 et

100 2229 323 2315 suspicionem
345 2230 559 2322 iniectumiri
582 2232 692 2318 quiin
714 2231 869 2297 Hetruria
889 2230 977 2297 bona
998 2231 1179 2318 possident,
1203 2251 1278 2296 cum
1300 2251 1340 2296 ea
1361 2251 1434 2316 pro·

99 2333 211 2398 vincia
232 2355 300 2398 non
322 2341 392 2399 tota
414 2333 509 2398 sitin
530 2355 629 2399 manu
652 2342 684 2400 et
704 2343 865 2421 potestate
887 2336 988 2422 ipsius
1003 2333 1187 2400 Florentiae
1203 2333 1305 2417 ducis,
1328 2331 1435 2398 sedin

99 2457 138 2500 ea
166 2435 295 2502 habeat
324 2435 467 2524 aliquam
495 2445 621 2524 partem
648 2447 714 2503 tem
744 2439 881 2524 ipsemet
902 2437 974 2504 8⁰¹¹·
997 2437 1040 2502 D.
1068 2437 1109 2503 N.
1137 2446 1170 2503 et
1197 2445 1312 2502 saneta
1339 2434 1434 2502 sedes

102 2539 285 2626 apostolica
307 2561 406 2627 quam
428 2561 555 2606 sacrum
583 2542 753 2628 imperium
767 2550 815 2607 ·et
841 2542 895 2608 alii
924 2542 1088 2629 principes
1115 2563 1156 2608 ac
1183 2549 1286 2606 status
1308 2538 1433 2619 Italiae,

102 2643 145 2706 its
166 2641 262 2730 quod
276 2642 456 2708 timendum
471 2645 522 2726 eit,
537 2653 701 2732 utcunque
713 2645 777 2709 Di*⁰
795 2646 866 2710 eius
879 2645 972 2711 lieret
986 2643 1175 2732 simpliciter
1188 2667 1249 2710 rex
1260 2641 1434 2710 Hetrurise

104 2755 267 2831 quatenus
288 2745 355 2811 D²¹⁰
382 2747 451 2812 eius
473 2746 561 2812 illam
587 2749 789 2834 provinciam
821 2757 928 2832 tenet,
961 2770 1002 2813 ne
1036 2757 1144 2814 tamen
1177 2745 1434 2814 iurisdietionem

105 2871 294 2936 supremam
317 2859 473 2937 tauquam
495 2873 555 2916 rex
577 2849 640 2916 sibi
661 2851 694 2915 in
716 2849 778 2916 illis
801 2850 975 2917 Hetruriae
997 2850 1077 2917 locis
1100 2872 1184 2938 quae
1207 2847 1262 2914 elii
1284 2849 1327 2914 ed
1341 2869 1434 2935 prae·

105 2973 178 3018 sens
201 2953 372 3041 possident
393 2952 567 3020 vendicare
590 2963 623 3020 et
644 2975 800 3041 usurpare
823 2963 971 3040 conetur,
1001 2964 1033 3020 et
1062 2956 1090 3020 si
1111 2953 1197 3018 hanc
1218 2973 1310 3018 suam
1331 2953 1436 3018 inten-

105 3057 227 3122 tionem
250 3057 284 3121 in
305 3057 464 3144 principio
485 3079 666 3144 perunum
688 3067 786 3146 atque
808 3057 945 3124 alterum
967 3079 1087 3124 annum
1104 3054 1373 3140 dissimulaverit,
1395 3077 1436 3125 ne

105 3159 136 3223 in
157 3159 305 3226 futurum
327 3159 441 3225 saltem
455 3160 490 3225 id
505 3159 655 3227 moliatur
669 3184 710 3228 ac
724 3160 855 3228 tandem
871 3184 945 3228 cum
959 3169 1169 3228 memoratam
1184 3159 1437 3226 iurisdictionem

105 3272 173 3328 tum
196 3263 273 3330 loca
294 3265 366 3350 ipsa
388 3272 527 3350 occupet
549 3272 582 3330 et
602 3266 755 3350 potestati
778 3287 856 3330 suae
878 3264 1039 3330 subiiciat.

206 3367 253 3432 Et
273 3365 350 3432 licet
371 3365 447 3432 huie
469 3364 524 3431 Βῐῃι
548 3366 592 3432 D.
614 3365 654 3431 N.
678 3365 836 3434 voluntati
859 3377 958 3456 atque
980 3368 1127 3432 instituto
1154 3373 1299 3432 caeteros
1321 3362 1436 3430 Italiae

105 3471 270 3557 principes
292 3479 457 3534 aestates
480 3467 700 3558 adpraesens
732 3493 798 3536 non
820 3480 979 3558 appareat
1010 3468 1181 3558 propalam
1215 3465 1435 3534 contradicere

106 3582 161 3637 aut
181 3572 350 3660 refragari,
372 3595 432 3639 nos
454 3581 564 3638 tamen
585 3583 702 3661 putare
725 3573 813 3662 quod
835 3573 924 3639 haud
947 3573 1045 3640 dubie
1067 3596 1136 3639 rem
1157 3574 1255 3638 istam
1271 3593 1313 3637 ex
1328 3572 1434 3636 animo

106 3674 290 3763 improbent
311 3684 344 3741 et
365 3685 555 3742 aversentur
577 3687 674 3764 atque
697 3676 778 3743 adeo
802 3675 944 3766 quadam
973 3674 1133 3742 duntaxat
1152 3675 1336 3741 reverentia
1356 3696 1437 3760 erga

107 3775 172 3842 8⁸⁸³
187 3780 258 3846 eius
279 3779 496 3866 impediantur
511 3781 682 3868 quominus
698 3779 777 3867 quid
791 3803 826 3847 re
840 3803 920 3847 vera
936 3781 1075 3846 sentiant
1093 3778 1193 3845 libere
1207 3777 1436 3884 prpfiteantur3

106 3881 200 3947 nobis
233 3881 365 3969 quidem
393 3883 521 3948 omniuo
549 3905 742 3970 persuasum
774 3905 860 3968 esse,
894 3885 922 3948 si
954 3883 1036 3950 haec
1068 3883 1251 3950 reverentia
1282 3889 1339 3947 aut
1373 3879 1437 3946 alia

107 3981 234 4051 obiecta
256 3993 289 4050 et
308 3994 479 4073 respectus
501 3983 562 4050 illis
584 4009 649 4052 non
664 3985 839 4072 obstarent,
863 3987 940 4074 quin
954 3985 1104 4056 manibus
1118 3982 1322 4072 pedibusque
1336 3981 1435 4050 talem

107 4089 182 4154 novi
204 4088 296 4174 regni
318 4086 540 4155 fundationem
562 4098 595 4155 et
617 4090 812 4156 erectionem
832 4089 1005 4177 prohibere
1027 4090 1257 4158 coniterentur.

207 4192 252 4258 Et
273 4193 352 4279 quia
373 4193 500 4258 exista
520 4193 599 4258 novi
619 4194 712 4278 regni
734 4195 910 4278 erectione,
938 4203 975 4259 ut
1001 4214 1101 4281 supra
1128 4189 1342 4276 ostendimus,
1373 4193 1435 4279 ipsi

110 4318 237 4384 quoque
259 4303 392 4360 sancus
414 4295 485 4361 sedi
507 4294 703 4382 apostolieae
726 4318 879 4362 successu
900 4297 1054 4384 temporis
1076 4292 1200 4383 aliquid
1221 4293 1356 4382 periculi
1378 4296 1435 4360 im·

109 4402 228 4466 minere
254 4407 384 4486 posset,
414 4421 479 4464 non
510 4397 708 4465 credendum
730 4398 799 4466 fore
821 4399 909 4488 quod
937 4409 1012 4487 post
1033 4397 1099 4466 Sem
1127 4397 1317 4502 eiustfuturi
1339 4399 1435 4464 etiam

110 4505 223 4569 summi
239 4501 416 4589 pontifices,
432 4503 489 4590 qui
502 4500 650 4568 fortassis
664 4524 729 4568 non
744 4511 837 4568 erunt
851 4501 928 4568 huic
943 4502 1017 4569 duci
1032 4512 1100 4568 tam
1114 4499 1322 4570 vehementer
1337 4523 1434 4592 quam

110 4603 163 4670 δ”·
186 4607 255 4671 eius
278 4604 410 4690 addicti,
432 4603 496 4672 hoc
519 4603 572 4672 Sl·
593 4627 671 4671 suae
695 4604 860 4673 decretum
881 4615 1052 4694 gratumve
1073 4604 1216 4671 habituri
1239 4606 1318 4688 sint,
1339 4606 1386 4670 its
1399 4614 1436 4672 ut

110 4707 285 4774 timendum
307 4710 348 4772 sit
368 4707 421 4775 vel
451 4731 538 4775 nune
564 4708 618 4776 vel
652 4707 806 4798 deinceps
838 4732 904 4776 non
931 4709 1098 4778 defirturos
1132 4710 1188 4798 qui
1219 4707 1330 4774 forsan
1363 4731 1435 4775 sese

110 4809 163 4875 D²¹
183 4813 251 4877 eius
275 4821 440 4898 opponant
461 4821 560 4900 atque
582 4811 800 4878 indesinenter
822 4813 994 4901 negocium
1017 4822 1049 4880 et
1063 4811 1245 4879 molestiam
1260 4811 1436 4878 exhibeant

111 4923 141 4979 et
160 4913 240 4980 alios
264 4936 392 5003 quoque
413 4916 577 5003 principes
598 4924 632 4982 et
654 4924 757 4982 status
785 4926 899 4982 contra
919 4915 1003 4982 Dm
1025 4917 1095 4982 eius
1118 4914 1279 4983 solicitare
1307 4923 1339 4981 et
1361 4937 1435 4981 con·

112 5018 205 5084 citare
227 5017 388 5103 studeant,
412 5040 477 5107 quo
499 5018 568 5084 ΒΜ·
591 5041 670 5086 suae
691 5020 871 5106 potentiam
894 5020 1091 5106 opprimant,
1122 5021 1204 5109 quin
1232 5017 1371 5108 denique
1403 5027 1436 5084 et
