3498 5830
306 521 365 586 l42

304 729 339 774 se
362 706 612 774 deliberaturum
634 707 741 774 adhuc
763 731 860 796 super
883 709 929 774 eis
951 709 1133 774 affirmavit.
1171 709 1229 774 sed
1256 710 1301 774 ita
1330 708 1419 796 apud
1440 731 1492 774 me
1514 709 1656 774 consti-

204 831 207 840 ’
303 821 407 876 tutum
430 822 495 895 est,
530 823 565 877 ut
587 811 715 899 quidvis
738 813 844 898 potius
867 812 1006 878 arbitrer
1027 836 1123 899 quam
1146 823 1182 877 ut
1202 814 1342 898 priorem
1363 813 1564 878 sententiam
1591 811 1654 876 vel

301 917 370 1002 ipse
393 915 445 980 vel
468 916 522 980 alii
543 925 675 996 mutent,
698 915 797 1004 idque
824 914 921 981 miehi
952 938 991 982 ea
1018 918 1141 981 ratione
1169 915 1349 1002 persuadeo
1373 915 1461 1003 quod
1482 915 1652 982 intellexi

299 1017 366 1086 S¹⁸¹¹¹
390 1017 423 1085 S.
446 1022 479 1085 in
509 1018 605 1105 pleno
634 1017 846 1090 cardinalium
883 1027 998 1084 senatu
1020 1018 1151 1102 dixisse,
1186 1017 1484 1084 christianissimum
1517 1041 1650 1105 regem

299 1124 570 1190 continuationem
584 1121 678 1206 velle,
702 1144 775 1186 cum
798 1121 894 1208 longe
916 1122 1010 1188 aliter
1031 1122 1128 1187 michi
1151 1121 1191 1188 de
1214 1121 1298 1186 illius
1321 1132 1427 1188 mente
1450 1124 1652 1188 constiterit

299 1229 464 1316 exipsius
488 1225 578 1293 Sermi
602 1227 687 1313 regis
716 1235 852 1310 cratere,
881 1225 1154 1314 quemadmodum
1186 1227 1341 1311 proximis
1366 1225 1492 1292 duabus
1514 1225 1650 1290 litteris

298 1331 377 1396 meis
399 1330 451 1395 Μ’Ι
474 1330 514 1394 V.
543 1329 734 1416 significavi.
770 1351 882 1420 rerum
913 1328 1001 1417 quod
1027 1351 1114 1394 nunc
1142 1330 1333 1395 coniecturis
1356 1351 1521 1417 assequor,
1549 1329 1649 1394 intra

297 1456 419 1523 paucos
448 1433 516 1500 dies
546 1433 751 1499 manifestum
779 1433 848 1517 fiet,
883 1432 971 1520 quod
997 1433 1086 1498 fama
1114 1433 1154 1497 sit
1175 1443 1249 1519 post
1278 1431 1473 1498 celebratam
1495 1435 1647 1498 missam

298 1539 428 1623 spiritus
451 1539 553 1602 sancti
576 1536 629 1602 die
652 1535 736 1619 solis,
761 1547 875 1602 octavo
891 1535 1011 1602 abhinc
1033 1535 1095 1618 die,
1119 1559 1159 1602 ea
1182 1535 1222 1602 de
1244 1557 1279 1602 re
1302 1535 1563 1622 supplicationes
1589 1538 1642 1600 in-

299 1642 387 1705 stitui
409 1650 447 1706 et
464 1639 640 1726 diplomata
661 1637 859 1726 promulgari
882 1637 1011 1706 debere.

399 1742 609 1810 Credideram
631 1765 692 1830 ego
715 1746 780 1808 iam
808 1743 934 1829 pridem
965 1753 1078 1808 curata
1107 1753 1140 1810 et
1161 1755 1300 1830 ,peracta
1332 1745 1441 1810 omnia
1469 1767 1561 1832 quae
1596 1743 1643 1810 ad

297 1845 611 1934 archiepiscopatum
625 1847 822 1933 Pragensem
838 1849 982 1930 attinent,
1007 1845 1095 1934 quod
1117 1848 1163 1914 ita
1177 1846 1215 1912 a
1232 1847 1386 1914 Moronus
1408 1869 1444 1914 se
1465 1847 1643 1912 facturum

297 1950 528 2037 spoponderat,
560 1950 732 2016 cumhinc
755 1949 951 2035 discederem
985 1949 1043 2015 sed
1065 1937 1139 2016 cu'm
1168 1971 1207 2014 ea
1229 1949 1379 2037 neglecta
1401 1973 1471 2016 esse
1494 1950 1640 2016 videam

296 2075 381 2140 quae
402 2053 478 2119 fidei
501 2055 569 2118 eius
593 2053 716 2119 credita
737 2063 839 2137 erant,
862 2053 1000 2120 efficiam
1021 2062 1097 2140 post
1114 2053 1183 2118 eius
1206 2052 1381 2118 adventum
1405 2053 1460 2140 qui
1482 2055 1553 2120 iam
1578 2056 1641 2118 im·

295 2157 406 2242 minet,
429 2167 465 2222 ut
487 2179 585 2244 quam
608 2158 756 2223 ocissime
780 2156 1065 2224 conficiantur...
1664 2141 1668 2152 ¹

399 2275 505 2342 Datae
528 2299 569 2342 ex
592 2276 672 2342 urbe
698 2277 737 2346 16
760 2276 811 2342 die
834 2278 953 2342 mensis
976 2275 1170 2342 Novembris
1192 2299 1277 2343 anno
1301 2275 1421 2342 domini
1446 2278 1542 2344 1560.

464 2467 623 2520 Psilavicini
640 2469 665 2531 1,
685 2469 735 2518 170
753 2467 808 2520 und
825 2466 979 2532 Raynaldus
991 2467 1038 2521 Νι.
1050 2468 1084 2518 67
1097 2467 1235 2520 berichtsu
1253 2467 1371 2518 offenbar
1390 2482 1456 2533 ganz
1468 2466 1517 2518 der
1533 2467 1634 2518 wahr-

362 2553 416 2604 bsit
442 2557 546 2620 gemtiss
573 2555 639 2604 tlber
670 2553 714 2604 dis
741 2553 965 2620 Verbandlungsn
994 2554 1022 2604 in
1050 2552 1102 2604 den
1131 2552 1280 2620 damaligen
1311 2553 1544 2622 Congregationen
1577 2555 1636 2604 und

362 2639 523 2690 namentlich
540 2641 567 2690 in
585 2639 632 2690 der
648 2655 710 2690 vom
730 2642 761 2690 lb
780 2639 938 2691 November.
973 2639 1030 2690 Der
1041 2639 1124 2705 Papst
1141 2639 1196 2691 und
1215 2639 1258 2690 dis
1269 2639 1406 2690 blebmabl
1424 2639 1471 2690 der
1483 2638 1637 2692 Car-diuite

362 2725 515 2777 wttnschtan
532 2727 625 2778 Triant
648 2725 702 2777 und
720 2741 789 2776 zwar
805 2742 850 2776 um
869 2725 916 2776 das
935 2725 1029 2777 Conci}
1047 2725 1087 2777 als
1104 2725 1281 2792 Fortsetzrmg
1305 2726 1351 2778 des
1369 2725 1493 2777 traheres
1511 2725 1634 2778 erschei-

361 2827 412 2863 nen
431 2827 463 2862 eu
481 2812 577 2864 lassen.
613 2811 656 2862 Sie
674 2811 787 2862 nahmen
805 2807 869 2862 slso‘
881 2811 924 2862 die
943 2811 1023 2862 balbe
1040 2809 1096 2864 und
1113 2811 1238 2878 bedingts
1257 2812 1438 2878 Zustimmung
1456 2811 1503 2863 des
1516 2813 1633 2864 Kaisers

321 2881 324 2890 ¹
363 2897 601 2949 undFrankreiehs
612 2898 654 2948 ihr
672 2900 731 2949 eine
748 2913 832 2964 ganne
849 2896 903 2948 und
920 2897 1082 2964 uubadingte
1098 2896 1153 2948 und
1171 2897 1284 2949 nahmen
1301 2898 1350 2949 sui
1365 2898 1407 2950 die
1420 2879 1633 2966 Vonteuungeh

363 3001 448 3052 gagen
466 2984 509 3035 dis
528 2983 716 3036 Continuation
733 2999 762 3034 so
780 2985 867 3050 wenig
883 2983 1043 3047 Rhcksicht,
1070 2983 1131 3035 dass
1153 2983 1194 3035 sia
1216 2985 1255 3034 sie
1276 2999 1355 3052 segur
1379 2985 1529 3051 leugueten
1567 2986 1632 3036 Wie

364 3071 411 3122 das
428 3071 485 3122 hier
502 3087 554 3121 von
571 3069 700 3136 Prospere
720 3071 874 3120 constatisrt
891 3069 987 3136 winde,
1006 3085 1035 3121 so
1053 3085 1120 3138 ganz
1139 3069 1246 3122 tihnlich
1263 3086 1316 3120 ron
1336 3071 1368 3120 Κ.
1386 3071 1490 3137 Philipp
1507 3071 1542 3135 (s.
1562 3055 1631 3122 Del·

364 3158 448 3224 lingar
463 3160 483 3219 1,
502 3159 572 3220 343).
590 3157 657 3206 Eine
675 3155 819 3206 rhhmliche
832 3155 981 3206 Ausnahms
998 3156 1103 3208 machte
1116 3155 1163 3206 der
1175 3155 1298 3208 cardinal
1312 3173 1364 3208 von
1376 3157 1481 3220 Trient3
1500 3155 1630 3223 obgleich

363 3259 390 3294 er
413 3243 455 3294 fiir
471 3241 564 3293 Triant
580 3241 746 3308 gesprachen
763 3241 837 3291 hatte
856 3239 910 3307 (Νι.
923 3239 1002 3308 LVI),
1021 3239 1089 3292 n'eth
1113 3257 1141 3292 er
1158 3241 1226 3292 doch
1246 3241 1315 3307 jetzt
1332 3257 1378 3292 zur
1395 3241 1520 3293 Vorsicht
1538 3243 1629 3309 (Sarpi

360 3331 410 3380 421
429 3327 484 3378 und
502 3327 579 3393 cypr.
600 3329 669 3392 122),
686 3326 846 3378 namsntlich
864 3327 924 3378 weil
941 3329 988 3378 mit
1006 3328 1053 3378 der
1064 3327 1264 3394 Eutscbeidung
1281 3329 1323 3379 fttr
1340 3329 1433 3379 Tsisnt
1450 3327 1520 3380 auch
1540 3330 1627 3380 sebon

361 3414 423 3466 halb
441 3414 495 3465 und
513 3414 574 3466 halb
592 3415 659 3465 tiber
678 3414 721 3465 dis
738 3415 844 3465 usitare
861 3414 948 3480 Frage
967 3413 1138 3466 entschicden
1156 3429 1217 3466 war.

856 3645 1058 3656 u—-u—-u-—n--u

861 3905 1059 3990 LXXIV.

577 4123 797 4229 ,Prospero
825 4124 963 4199 d'Arco
990 4144 1036 4199 an
1066 4123 1139 4198 den
1170 4123 1318 4214 Kabom

716 4277 808 4342 Rom,
829 4279 869 4328 23
888 4277 1075 4329 November
1095 4278 1184 4328 1⁶60.

596 4459 730 4516 Romana.
764 4459 923 4535 (lupinum
945 4461 975 4516 ia
989 4467 1080 4535 tergo.-
1101 4463 1143 4516 13
1158 4461 1311 4517 December.

396 4636 592 4727 Exemplum
621 4659 729 4706 eorum
758 4662 842 4728 quae
872 4641 914 4707 de
945 4639 1080 4708 coneilio
1113 4643 1147 4706 in
1180 4641 1393 4708 cardinalium
1425 4652 1538 4708 senatu
1568 4640 1615 4706 his

288 4741 408 4829 elapsis
431 4741 546 4808 diebus
569 4743 700 4810 decreta
721 4745 859 4830 fuerant,
880 4745 950 4810 Mm
964 4745 1006 4810 V.
1029 4768 1094 4811 una
1116 4767 1189 4812 cum
1210 4745 1261 4810 his
1282 4744 1391 4830 habet,
1414 4757 1447 4812 et
1468 4755 1612 4833 preterea

287 4843 453 4911 codicillos
475 4846 593 4934 quibus
615 4870 656 4913 ea
678 4848 718 4914 de
741 4871 776 4914 re
799 4871 943 4914 summus
963 4848 1112 4935 pontifex
1134 4849 1386 4936 supplicationes
1409 4850 1534 4916 indixit.

388 4948 539 5016 muana
562 4951 614 5017 die
637 4974 731 5018 sacra
753 4963 786 5018 et
808 4951 978 5036 solemnia,
1011 4956 1094 5020 sicut
1116 4954 1262 5020 instituta
1285 4964 1376 5038 sunt,
1407 4963 1608 5041 peragentur,

288 5051 346 5117 sed
368 5055 525 5140 tantisper
547 5054 730 5143 diplomatis
753 5055 964 5122 sustinebitur
986 5057 1211 5144 promulgatio,
1235 5058 1378 5144 quandiu
1400 5081 1511 5124 rursus
1526 5056 1608 5122 vide-
