3450 5818
311 685 452 773 propitio
475 683 518 750 ad
539 683 637 750 finem
659 685 916 773 perducendam,
946 691 1077 775 quando
1101 689 1169 758 S¹¹⁸¹
1190 691 1233 758 Ι).
1256 691 1296 759 N.
1319 693 1382 759 ΒΜ
1398 693 1647 785 archiepiscopo

310 787 469 875 Pragensi
490 787 679 856 facultatem
702 790 895 858 concederet
916 797 1018 859 sacris
1033 793 1183 862 initiandi
1198 819 1256 862 seu
1271 796 1443 864 ordinandi
1459 798 1648 866 sacerdotes

311 893 408 957 etiam
435 890 508 958 illos
537 893 594 980 qui
621 895 879 960 communionem
906 895 1028 984 populo
1058 898 1119 964 sub
1146 908 1285 988 utraque
1314 903 1422 988 specie
1445 900 1647 990 dispensant,

311 993 371 1060 sub
394 994 456 1060 hac
478 1004 589 1062 tamen
610 995 683 1084 lege
705 1006 738 1063 et
759 997 944 1064 conditione
967 1009 1005 1065 ut
1026 999 1199 1067 ordinandi
1221 1001 1267 1066 illi
1290 1002 1445 1090 deinceps
1472 1003 1584 1070 colant
1616 1015 1649 1070 ct

312 1107 490 1185 sequantur
509 1101 591 1164 ritus
614 1109 646 1165 et
669 1109 789 1166 statuta
805 1099 837 1166 S.
853 1101 890 1166 lt
908 1099 1065 1169 ecclesiae
1088 1114 1120 1169 et
1143 1103 1297 1171 obediant
1319 1107 1381 1191 ipsi
1398 1105 1647 1194 archiepiscopo

311 1211 409 1289 atque
430 1201 570 1269 fideliter
592 1202 766 1269 observent
797 1206 932 1294 antiqua
958 1204 1054 1272 huius
1082 1208 1175 1294 regni
1203 1217 1408 1294 compactata
1430 1208 1497 1274 hoc
1518 1212 1652 1275 nomine

312 1307 402 1389 inita,
427 1305 520 1372 iuxta
543 1329 680 1395 quorum
703 1318 856 1392 tenorem,
880 1332 953 1375 cum
976 1309 1072 1376 huius
1087 1313 1179 1397 regni
1195 1335 1316 1378 corona
1329 1311 1566 1398 insigniremur,
1587 1335 1649 1379 nos

309 1418 481 1497 utramque
513 1407 702 1496 religionem
731 1413 1039 1480 communicantium
1068 1414 1129 1480 sub
1157 1413 1285 1480 duabus
1314 1414 1485 1502 speciebus
1514 1437 1554 1481 ac
1585 1415 1648 1481 sub

310 1534 377 1577 una
393 1523 643 1580 conservaturos
658 1515 847 1601 iuravimus,
864 1517 1133 1604 quemadmodum
1149 1520 1245 1584 etiam
1261 1519 1528 1606 praedecessores
1542 1522 1649 1584 nostri

310 1614 399 1682 Ser²¹¹
421 1616 598 1684 Bohemiae
620 1641 716 1706 reges
739 1628 835 1687 antea
856 1621 1054 1703 iuraverunt,
1077 1629 1110 1686 et
1132 1621 1221 1708 quod
1240 1632 1412 1708 praeterea
1431 1623 1518 1688 idem
1541 1622 1648 1688 archi·

311 1722 486 1808 episcopus
508 1719 645 1788 haberet
661 1723 849 1790 facultatem
865 1726 1020 1792 canonice
1032 1725 1263 1792 reconciliandi
1278 1736 1311 1793 et
1325 1725 1516 1794 absolvendi
1532 1749 1649 1793 omnes

309 1823 382 1892 illos
411 1825 599 1892 sacerdotes
630 1824 692 1892 sub
720 1835 858 1916 utraque
886 1827 928 1894 ab
953 1829 1116 1916 episcopia
1138 1831 1198 1895 rite
1221 1829 1386 1897 ordinatos
1408 1831 1465 1919 qui
1486 1829 1649 1896 hactenus

310 1930 523 2016 compectah's
544 1951 610 1996 non
632 1929 875 2016 satisfecissent,
899 1940 1061 2019 quatenus
1075 1940 1186 1998 tamen
1200 1934 1425 2019 permitterent
1439 1955 1473 2000 se
1488 1934 1521 1999 in
1537 1943 1649 2020 poste-

308 2053 381 2097 rum
402 2032 472 2099 fore
494 2032 555 2099 snb
577 2032 763 2098 obedientia
778 2032 811 2099 S.
824 2035 861 2099 R
879 2034 1036 2100 ecclesiae
1053 2043 1086 2100 et
1100 2034 1203 2122 ipsius
1218 2034 1454 2123 archiepiscopi
1469 2035 1649 2123 Pragensis

309 2159 349 2202 ac
368 2146 554 2204 servaturos
570 2146 749 2203 memorata
763 2135 859 2203 huius
874 2140 967 2224 regni
981 2139 1083 2204 nostri
1099 2148 1314 2227 compactata.
1337 2138 1401 2206 hac
1416 2141 1501 2205 enim
1518 2141 1648 2206 ratione

311 2240 497 2308 sacerdotes
519 2239 567 2306 illi
589 2241 646 2330 qui
660 2251 821 2309 vocantur
836 2241 896 2308 sub
917 2251 1054 2331 unaque
1069 2242 1223 2309 facillime
1236 2241 1426 2332 redigentur
1438 2245 1472 2309 in
1487 2243 1644 2312 obedien·

308 2346 389 2412 tiam
411 2344 499 2410 sedis
522 2345 721 2434 apostolicae
744 2357 777 2413 et
798 2347 900 2434 ipsius
924 2346 1160 2434 archiepiscopi
1183 2349 1240 2436 qui
1266 2346 1521 2416 iurisdictionem
1548 2372 1647 2415 snam

308 2447 565 2515 ecclesiasticam
588 2449 742 2518 extendet
763 2460 831 2517 tam
853 2453 887 2516 in
909 2452 1039 2538 eosqui
1056 2449 1116 2515 sub
1139 2461 1287 2538 utraque,
1311 2473 1411 2539 quem
1433 2454 1467 2516 in
1488 2451 1562 2517 illos
1587 2455 1646 2540 qui

309 2551 371 2618 sub
403 2575 469 2620 una
502 2555 740 2621 communicant
772 2577 812 2621 ac
844 2555 977 2641 insuper
1003 2563 1199 2641 potestatem
1225 2553 1360 2621 habebit
1388 2555 1649 2622 iurisdictionem

310 2678 404 2722 auam
431 2657 606 2724 exercendi
634 2660 668 2724 in
697 2657 824 2725 duobus
853 2660 1066 2744 consistoriis,
1099 2680 1139 2725 ee
1166 2680 1308 2746 namque
1330 2660 1468 2746 negocia
1490 2682 1578 2745 quae
1601 2659 1647 2726 ad

309 2761 539 2828 consistorium
562 2762 828 2849 metropolitanae
849 2761 945 2828 huius
967 2761 1125 2828 ecclesiae
1148 2771 1306 2849 spectant,
1330 2761 1465 2828 consilio
1480 2772 1513 2828 et
1528 2764 1647 2830 suffra·

309 2865 372 2950 giis
396 2864 513 2931 decani
535 2875 568 2932 et
589 2865 723 2952 capituli
745 2868 830 2951 eius,
858 2875 895 2931 ut
916 2867 951 2930 in
972 2864 1035 2932 hoc
1056 2887 1157 2952 regno
1179 2875 1290 2930 nostro
1314 2866 1467 2954 antiquus
1488 2888 1559 2932 mos
1583 2878 1647 2952 est,

307 2969 463 3035 tractabit
485 2979 517 3036 et
540 2968 777 3056 determinabit,
801 2970 849 3035 sic
871 2992 889 3035 e
913 2967 1042 3035 diverso
1065 2990 1149 3056 quae
1170 2967 1333 3055 pertinent
1352 2967 1395 3033 ad
1414 2971 1643 3036 consistorium

313 3073 622 3139 communicantium
641 3073 702 3139 sub
730 3085 879 3161 utraque,
911 3093 986 3138 cum
1013 3071 1128 3138 eodem
1152 3072 1250 3137 etiam
1273 3070 1424 3137 discutiet
1446 3082 1479 3137 et
1501 3073 1646 3159 definiet,

309 3175 442 3265 quando
470 3197 548 3242 vero
578 3185 750 3242 occurrent
777 3177 915 3264 negocia
935 3177 1055 3254 mixta,
1084 3173 1198 3262 diliget
1225 3197 1268 3240 ex
1289 3185 1428 3263 utroque
1451 3177 1646 3244 consistorio

308 3282 397 3347 viros
419 3279 556 3346 idoneos
577 3282 650 3367 pari
672 3301 806 3345 numero
830 3301 965 3366 quorum
988 3300 1089 3366 opera
1109 3279 1144 3343 in
1165 3278 1284 3344 talibus
1305 3281 1450 3367 negociis
1466 3280 1644 3367 expedien-

313 3383 363 3451 dis
384 3393 502 3467 utatur,
526 3383 624 3450 salvis
647 3405 781 3470 semper
795 3393 829 3448 et
849 3381 970 3470 ubique
992 3383 1178 3448 memoratis
1201 3385 1422 3471 compactatis.

409 3489 511 3554 Porro
534 3508 609 3553 cum
631 3485 734 3552 multa
756 3489 822 3551 sint
842 3485 963 3573 oppida
985 3486 1019 3550 in
1039 3485 1103 3551 boc
1131 3507 1232 3572 regno
1261 3495 1371 3552 nostro
1400 3485 1578 3552 Bohemiae
1607 3490 1642 3554 in

309 3591 429 3682 quibus
450 3589 559 3658 nullae
583 3601 658 3656 sunt
680 3588 837 3660 ecclesiae
860 3589 1164 3654 communicantium
1187 3587 1247 3653 sub
1269 3609 1343 3672 una,
1367 3597 1399 3653 et
1421 3589 1468 3654 sic
1490 3589 1645 3656 catholici

307 3695 455 3764 volentes
467 3697 706 3762 communicare
718 3694 778 3760 sub
792 3716 859 3760 una
868 3716 935 3760 non
951 3692 1074 3758 habent
1089 3691 1291 3758 sacerdotem
1307 3693 1364 3778 qui
1378 3693 1457 3780 ipsis
1474 3691 1644 3780 dispenset

309 3809 534 3888 cogunturque
562 3798 625 3865 hac
656 3799 697 3864 de
725 3821 826 3864 causa
856 3821 876 3864 a
903 3797 1128 3864 communione
1155 3817 1289 3882 prorsus
1312 3793 1491 3879 abstinere,
1514 3805 1547 3861 et
1569 3798 1643 3862 vice

307 3927 404 3970 versa
426 3903 491 3970 alia
512 3905 611 3969 etiam
633 3911 708 3968 sunt
728 3901 802 3969 loca
824 3903 857 3967 in
880 3899 997 3990 quibus
1026 3899 1302 3966 communicantes
1331 3898 1391 3964 sub
1419 3909 1559 3988 utraque
1586 3923 1642 3966 ne-

308 4007 428 4073 minem
449 4006 571 4073 habent
593 4029 614 4072 a
635 4029 699 4095 quo
723 4016 962 4073 sacramentum
984 4001 1064 4070 illud
1087 4001 1299 4070 eucharistiae
1322 4001 1385 4067 hoc
1399 4001 1497 4068 modo
1513 4025 1642 4070 sumere

311 4113 452 4198 possint,
480 4110 610 4177 videhrr
638 4133 716 4176 sane
745 4109 1027 4198 operaepretium
1050 4116 1082 4173 et
1103 4107 1321 4173 necessarium
1343 4105 1412 4172 fore
1435 4105 1524 4195 quod
1546 4131 1640 4195 prae

308 4214 394 4278 fatus
417 4213 680 4303 archiepiscopus
701 4213 875 4302 Prageneis
897 4236 918 4279 a
940 4212 985 4280 δ’·
1009 4234 1068 4277 sua
1083 4213 1289 4278 autoritatem
1302 4211 1424 4277 habeat
1438 4209 1642 4278 concedendi

310 4316 497 4384 facultatem
519 4319 574 4384 uni
596 4315 650 4384 vel
676 4317 824 4407 pluribus
852 4316 1124 4404 ordinandorum,
1152 4326 1249 4405 prout
1274 4317 1345 4406 ipse
1375 4313 1640 4404 archiepiscopus

307 4421 412 4508 magis
435 4421 590 4508 expedire
611 4421 741 4510 putabit
762 4431 795 4488 et
816 4421 908 4488 cuius
930 4421 994 4488 loci
1017 4430 1119 4486 status
1144 4431 1176 4486 et
1191 4420 1332 4487 conditio
1346 4417 1534 4508 poshrlabit,
1551 4419 1639 4507 quod

307 4525 341 4588 in
363 4523 450 4590 hunc
472 4535 623 4593 eventum
644 4527 769 4614 possint
790 4527 823 4591 in
845 4527 885 4591 iis
906 4524 987 4592 locis
1010 4524 1065 4591 ubi
1087 4548 1153 4591 non
1175 4534 1251 4590 sunt
1271 4522 1354 4589 tales
1377 4521 1535 4589 ecclesiae
1559 4521 1637 4589 alte·

308 4629 389 4692 rutri
411 4626 542 4695 alterius
565 4630 799 4696 communionis
820 4627 1005 4696 hominibus
1021 4637 1259 4695 sacramentum
1276 4627 1336 4693 sub
1352 4649 1417 4692 uns
1432 4625 1484 4693 vel
1500 4636 1638 4716 utraque

309 4732 417 4820 specie
440 4732 639 4821 dispensare,
663 4733 799 4800 servatis
823 4757 951 4821 semper
971 4742 1009 4799 ut
1030 4757 1130 4822 snpra
1152 4731 1344 4799 dictumest
1364 4732 1587 4819 compactatis.

412 4835 618 4925 Quamquam
650 4859 729 4904 vero
760 4837 801 4903 de
827 4836 891 4904 bac
916 4861 953 4904 re
981 4836 1110 4904 abunde
1144 4835 1321 4924 colloquuti
1352 4857 1463 4901 sumus
1497 4858 1573 4901 cum
1599 4833 1635 4900 R

309 4935 463 5027 episcopo
478 4939 634 5008 Pharensi
648 4941 767 5008 nuncio
786 4941 964 5031 apostolico
986 4965 1093 5032 neque
1116 4937 1346 5029 ambigendum
1367 4937 1461 5006 nobis
1485 4940 1536 5024 sit,
1560 4939 1636 5028 quin

308 5037 437 5110 devotio
470 5043 540 5112 eius
567 5043 653 5112 hanc
680 5054 825 5113 nostram
854 5047 1039 5135 opinionem
1066 5056 1164 5137 atque
1192 5047 1385 5115 sententiam
1412 5045 1480 5112 suis
1507 5065 1635 5134 quoqne
