3450 5818
1343 506 1409 568 dli

97 689 306 777 supplicamus
334 701 442 756 tamen
470 689 521 757 Mn
548 691 588 756 V.
612 689 644 756 S.
674 690 839 758 humilime
873 703 908 760 ut
932 689 1085 780 deinceps
1119 692 1160 758 de
1182 693 1220 756 iis
1243 715 1325 778 quae
1352 717 1410 780 per

94 816 143 860 uos
159 797 218 882 agi
239 794 395 860 mandare
417 794 612 882 dignabitur,
636 797 668 860 in
691 805 844 884 tempore,
873 797 935 864 hoo
960 806 1008 862 est
1029 797 1129 862 multo
1152 797 1409 861 antecessiones

93 899 257 967 clementer
278 899 433 965 certiores
448 920 507 965 nos
522 898 630 964 facere
647 899 815 986 dignetur3
837 923 913 968 nam
932 910 968 966 ut
985 911 1083 965 antea
1098 922 1195 987 saepe
1212 900 1408 986 scripsimus,

92 1025 157 1068 cum
179 1001 221 1067 ad
243 1003 420 1068 sessionem
441 1011 573 1066 ventum
596 1011 654 1086 est,
677 1025 743 1068 non
765 1013 814 1068 est
833 1005 997 1092 integrum
1021 1001 1195 1092 quidquam
1218 1011 1352 1068 mutare.

188 1105 342 1172 Oratores
376 1103 471 1178 librmi
492 1105 580 1190 regis
602 1104 644 1170 D.
673 1105 714 1172 de
744 1106 888 1186 Lmsoc,
923 1107 965 1174 D.
987 1103 1185 1194 Reginaldus
1219 1105 1347 1185 Ferrier
1380 1115 1412 1171 et

10 1295 11 1300 ἵ
90 1207 245 1274 D.Guido
262 1207 361 1274 Fabri
383 1229 443 1274 nos
466 1207 563 1274 officii
586 1231 685 1274 causa
708 1209 825 1276 nudius
847 1220 982 1300 quartus
1006 1209 1155 1276 adienmt
1180 1218 1212 1274 et
1234 1209 1317 1273 inter
1346 1208 1411 1275 alia

9 1307 11 1354 ι
91 1311 147 1377 hoc
174 1333 301 1400 quoque
330 1313 364 1376 in
394 1333 543 1377 sermone
571 1311 765 1390 iniecerrmt,
795 1315 857 1380 tria
880 1337 915 1380 se
942 1337 963 1380 a
990 1336 1048 1379 suo
1078 1335 1156 1400 rege
1185 1314 1218 1377 in
1248 1312 1409 1378 mandatis

92 1415 222 1482 babere:
254 1415 359 1503 primo
390 1423 426 1480 ut
449 1413 577 1480 concilii
610 1414 816 1481 indictionem
840 1427 976 1503 urgeant
1010 1425 1042 1481 et
1072 1419 1100 1482 si
1133 1439 1214 1503 opus
1244 1418 1284 1480 sit
1316 1439 1406 1480 suam

91 1542 211 1586 omnem
236 1541 366 1606 operam
390 1519 594 1604 interponant
616 1527 652 1583 ut
674 1515 843 1584 concilium
868 1522 902 1585 in
923 1520 1031 1586 locum
1052 1519 1304 1606 protestantibus
1326 1520 1407 1584 vici-

89 1626 204 1689 niorem
229 1633 261 1688 et
282 1620 534 1689 commodiorem
556 1621 920 1706 transferatur,deinde
942 1633 978 1691 ut
999 1622 1186 1710 dogmatum
1204 1623 1351 1688 mactatio
1374 1624 1406 1687 in

90 1726 206 1815 aliquot
234 1747 361 1792 menses
383 1723 604 1816 protrahatur,
637 1735 799 1814 postremo
829 1735 864 1792 ut
885 1725 1017 1794 libertas
1046 1735 1078 1791 et
1100 1727 1255 1792 securitas
1278 1724 1405 1792 concilii

90 1831 274 1898 firmissimis
297 1828 514 1897 frmdamentis
538 1826 719 1894 stabiliatur
741 1839 774 1894 et
795 1829 942 1895 omnibus
962 1829 1065 1896 modis
1081 1838 1297 1898 conservetur.
1320 1828 1402 1894 baec

93 1943 191 1998 autem
222 1933 329 2002 omnia
351 1933 385 1996 in
407 1931 644 2000 Germanorum
665 1933 803 2018 gratiam
833 1955 868 1998 se
889 1932 996 2001 lacere
1024 1954 1090 1998 non
1112 1931 1248 2000 obscure
1270 1955 1349 2022 prae
1372 1955 1406 1996 se

89 2035 195 2102 imunt.
220 2057 317 2126 saepe
340 2035 423 2101 enim
446 2032 584 2100 illudio
607 2056 662 2100 ore
685 2033 805 2103 babent
833 2045 868 2102 ut
890 2035 1141 2124 protestantibus
1166 2033 1353 2103 consulatur
1375 2044 1407 2100 et

89 2137 131 2204 illi
151 2138 297 2205 omnibus
318 2136 416 2226 rebus
439 2135 480 2202 ad
503 2137 698 2211 veniendum
714 2137 896 2206 alliciantur
912 2149 944 2204 et
957 2139 1142 2206 invitentur.
1165 2137 1261 2204 hodie
1276 2137 1314 2202 R.
1330 2137 1406 2202 Fer-

88 2242 161 2326 rier,
196 2243 252 2330 qui
274 2233 454 2311 secundum
482 2241 566 2307 inter
594 2242 674 2307 istos
704 2251 848 2310 oratores
876 2241 984 2312 locum
1006 2242 1143 2322 obtinet,
1173 2241 1213 2308 de
1242 2241 1405 2306 communi

90 2368 242 2412 consensu
270 2345 313 2417 ad
343 2367 403 2413 nos
431 2345 535 2428 venit,
566 2367 608 2412 ex
635 2345 844 2412 instructione
873 2369 970 2436 quam
1001 2368 1120 2434 arege
1148 2367 1206 2411 suo
1229 2343 1348 2412 habere
1371 2366 1406 2408 se

89 2447 164 2515 dixit
185 2449 250 2516 duo
272 2447 367 2516 nobis
390 2447 499 2536 capita
519 2447 598 2536 legit
620 2449 653 2512 in
676 2448 793 2536 quibus
816 2448 896 2517 illud
918 2451 964 2514 eis
987 2449 1211 2530 committitur,
1242 2457 1277 2513 ut
1300 2449 1406 2512 omnia

89 2574 157 2618 rum
178 2551 212 2620 S.
235 2550 271 2618 O.
288 2552 350 2618 Ma.
364 2553 404 2618 V.
429 2551 612 2620 oratoribus
634 2553 871 2619 communicent
892 2575 997 2639 neque
1014 2552 1189 2640 quidquam
1205 2553 1283 2639 ipsis
1298 2552 1407 2617 incon·

89 2655 173 2720 sultis
189 2655 319 2722 faciant
341 2654 404 2720 hoc
424 2656 587 2742 prooemio
610 2676 686 2720 usus
709 2664 742 2720 et
760 2653 951 2744 quibusdam
972 2653 1043 2722 aliis
1066 2655 1240 2720 interiectis
1258 2676 1341 2742 quae
1358 2655 1409 2718 sui

90 2759 168 2844 regis
197 2780 277 2848 erga
298 2758 331 2827 S.
354 2758 431 2824 M*n
453 2759 493 2823 V.
519 2757 755 2824 observantiam
785 2757 1056 2838 testificabantur,
1085 2765 1230 2823 nostrum
1253 2758 1285 2824 in
1308 2759 1407 2845 impc-

89 2861 201 2930 dienda
222 2863 461 2930 continuatione
484 2859 641 2930 auxilium
663 2861 856 2948 imploravit.
880 2862 933 2928 cui
955 2884 1014 2926 nos
1038 2861 1116 2952 quid
1139 2860 1406 2948 responderemus

9 2993 10 3000 ι
91 2969 162 3032 certi
182 2965 264 3032 nihil
285 2965 466 3049 habuimus,
489 2963 560 3039 ideo
582 2963 669 3052 quod
691 2963 757 3030 ΜΝ
779 2964 819 3030 V.
836 2963 872 3030 G.
895 2963 1004 3032 literas
1027 2987 1102 3030 suas
1125 2963 1165 3031 de
1180 2964 1407 3030 reformatione

90 3071 127 3139 ad
147 3071 217 3136 ΒΜ·
240 3069 364 3158 legatos
394 3077 426 3134 et
446 3077 555 3161 patres
579 3068 611 3135 in
635 3065 771 3139 concilio
804 3089 864 3135 nos
887 3077 1060 3154 expectare
1083 3065 1258 3136 clementer
1279 3067 1408 3132 iusserit

9 3229 10 3258 ,
90 3196 203 3262 nmque
225 3174 260 3238 in
281 3172 344 3241 hac
366 3170 527 3258 legatione
549 3179 659 3236 nostra
681 3167 760 3236 nihil
783 3171 1062 3260 expectaverimus
1085 3172 1197 3236 maiori
1227 3192 1300 3237 curn
1324 3170 1406 3235 desi·

9 3269 10 3288 ¹
91 3275 185 3365 derio,
218 3277 361 3345 breviter
390 3285 498 3342 tamen
532 3273 680 3340 omnibus
706 3273 740 3338 in
769 3271 865 3348 rebus
900 3295 984 3360 quae
1011 3273 1054 3340 ad
1077 3273 1179 3340 Ohrr·
1207 3273 1406 3362 reipublicae

91 3381 347 3472 tanquillitatem
378 3389 410 3451 et
433 3379 612 3447 communis
634 3377 726 3466 pacis
756 3377 1035 3446 conservationem
1063 3378 1286 3467 pertinebunt,
1320 3377 1407 3466 quod

88 3508 175 3554 unum
195 3485 263 3552 M⁸⁴¹
292 3485 333 3550 V.
357 3505 435 3570 prae
459 3481 560 3550 oculis
583 3479 733 3564 baberet,
762 3503 822 3551 nos
845 3480 892 3546 eis
916 3491 948 3544 et
971 3478 1103 3548 consilio
1134 3490 1167 3548 et
1190 3504 1289 3568 opera
1316 3481 1406 3549 adfu-

87 3597 167 3656 tmus
189 3585 325 3676 polliciti
341 3609 461 3673 sumus,
485 3584 525 3652 de
541 3584 782 3651 continuatione
796 3606 873 3649 vero
889 3583 1031 3651 facturos
1047 3605 1106 3650 nos
1123 3583 1210 3674 quod
1227 3606 1404 3672 possemus.

179 3692 265 3762 Satis
288 3693 353 3760 iarn
376 3691 439 3781 ipsi
462 3711 590 3781 quoque
613 3686 797 3776 intelligunt
817 3709 876 3754 nos
898 3685 963 3758 hoc
983 3688 1156 3773 negocium
1171 3686 1328 3775 impedire
1349 3711 1404 3753 ne-

9 3833 10 3856 ι
90 3819 243 3886 quaquam
266 3818 372 3882 posse,
406 3794 469 3859 nisi
490 3792 678 3881 protestatio
709 3789 819 3880 aliqua
845 3789 1032 3856 intercedat.
1066 3789 1099 3854 id
1122 3800 1230 3854 autem
1254 3812 1313 3856 nos
1336 3791 1406 3856 sine

90 3921 234 3990 expresso
257 3897 319 3967 Mu.
342 3898 382 3964 V.
405 3896 438 3965 S.
461 3895 612 3964 mandato
641 3916 682 3958 ne
705 3895 900 3961 somniamus
923 3893 1062 3982 quidem,
1092 3915 1133 3960 ne
1156 3903 1306 3980 coeptum
1337 3892 1404 3960 feli-

87 4004 155 4073 citer
177 4001 349 4070 concilium
370 3999 625 4074 infelicissimum
647 4007 680 4064 et
699 3993 872 4082 lugubrem
896 3999 1018 4064 exitum
1040 3995 1161 4062 habeat
1182 4006 1214 4062 et
1236 3998 1341 4062 omnis
1357 3999 1407 4064 rei

91 4103 163 4176 bene
178 4106 342 4196 gerendae
357 4127 431 4198 spes
445 4105 479 4170 in
495 4103 636 4177 luiturum
650 4099 866 4191 praecidatur.
889 4121 1086 4188 magnopere
1101 4107 1208 4164 tamen
1222 4099 1406 4168 dubitemus

92 4232 127 4274 ue
158 4211 219 4300 ipsi
254 4209 343 4279 Galli
375 4207 605 4300 protestatione
640 4226 699 4270 sua
732 4202 859 4273 concilii
889 4225 1096 4292 progressum
1127 4202 1311 4289 impediant.
1345 4228 1404 4270 nos

94 4313 214 4400 quidem
241 4311 321 4381 nibil
350 4320 437 4383 certo
464 4311 675 4394 affirmamus,
704 4307 852 4376 sedtum
874 4331 919 4378 ,eo
941 4307 1131 4374 adducimur
1161 4306 1248 4399 quod
1271 4329 1335 4372 non
1357 4310 1402 4372 vi·

94 4413 196 4484 dentur
217 4416 334 4506 prioris
357 4412 484 4484 concilii
500 4413 631 4483 decreta
646 4421 757 4478 contra
772 4434 854 4504 quae
870 4413 934 4478 iam
949 4412 1117 4500 protestati
1132 4419 1207 4476 sunt
1222 4409 1403 4496 approbare

94 4516 174 4604 velle,
198 4528 265 4589 tum
289 4519 360 4586 aliis
384 4539 512 4606 quoque
534 4515 694 4582 nonnullis
718 4515 909 4584 coniecturis
933 4513 1080 4582 ducimur
1102 4525 1137 4579 ut
1159 4536 1339 4596 vereamur,
1362 4537 1403 4581 ne

94 4623 310 4704 protestatione
340 4645 398 4689 sua
426 4620 466 4687 de
491 4643 555 4708 qua
577 4618 671 4686 nobis
700 4617 779 4688 nibil
809 4617 960 4684 dixerunt
986 4640 1156 4709 expresse,
1187 4616 1244 4683 sed
1267 4640 1309 4687 ex
1332 4616 1403 4682 aliis

94 4744 164 4810 quae
189 4727 282 4797 nobis
306 4733 480 4792 occurrunt
510 4723 706 4812 argumentis
736 4745 795 4790 nos
819 4719 1013 4808 colligimus,
1044 4721 1150 4793 omnia
1177 4718 1401 4804 interturbent,

93 4847 156 4894 nam
175 4841 295 4898 certum
323 4840 372 4896 est
393 4827 464 4896 illos
487 4828 759 4895 continuationem
789 4845 921 4913 prorsus
950 4825 1106 4913 refugere,
1137 4847 1235 4914 quam
1265 4822 1400 4912 Hispani

93 4929 128 4994 dd
145 4932 302 5005 fastidium
331 4955 433 5023 usque
456 4940 643 5018 urgent...

722 5107 841 5121 nvn-auu·
