3512 5838
280 440 341 504 024

286 627 419 694 ticulum
446 629 684 696 reformationis
713 627 869 694 laicorum
897 629 1025 710 attinet,
1055 625 1253 694 voluntatem
1281 636 1425 696 noemam
1454 651 1499 696 ex
1521 629 1623 698 literis

288 735 405 798 nostris
428 743 494 798 tam
516 733 676 819 prioribus
699 753 797 816 quam
819 729 1044 819 praesentibus
1058 751 1124 796 non
1140 729 1239 796 semel
1254 730 1486 820 intellexeritis,
1511 742 1623 800 tamen

290 857 495 922 nequaquam
517 834 580 901 hoc
601 833 796 900 intendimus
819 843 854 900 ut
876 831 930 899 vel
951 834 985 898 in
1008 855 1047 898 ea
1067 855 1103 898 re
1125 831 1179 898 vel
1201 832 1281 900 alias
1313 833 1451 922 prolixis
1480 845 1540 902 aut
1561 847 1625 902 tae

291 937 391 1002 diesis
416 937 694 1002 dissertationibus
716 937 940 1004 finis.concilii
954 936 1169 1025 protrabatur,
1193 938 1270 1024 quin
1286 939 1403 1024 potius,
1426 937 1561 1028 quando
1575 961 1626 1004 res

288 1063 326 1104 eo
348 1041 466 1125 poterit
488 1039 608 1104 adduci
630 1048 666 1104 ιιι
688 1062 728 1104 ea
751 1063 833 1127 quae
855 1061 915 1104 nos
938 1040 972 1102 in
993 1038 1100 1124 capite
1122 1039 1177 1104 illo
1200 1051 1368 1128 tantopere
1392 1041 1562 1106 offendunt
1582 1043 1627 1106 in·

294 1140 446 1228 ribusque
468 1143 586 1206 nostris
608 1142 841 1227 praeiudicant,
863 1142 961 1228 plane
984 1143 1172 1208 omittantur
1192 1143 1247 1212 uel
1269 1143 1384 1210 saltem
1405 1151 1442 1208 ut
1463 1141 1562 1210 nobis
1577 1167 1627 1210 re·

295 1241 458 1332 linquatur
491 1243 623 1309 libertas
646 1247 678 1308 in
702 1243 765 1310 illis
792 1267 866 1312 cum
895 1245 981 1310 omni
1009 1244 1169 1312 modestia
1199 1247 1270 1311 iura
1295 1256 1409 1312 nostra
1435 1246 1629 1312 reservandi

293 1344 345 1410 vel
368 1353 403 1410 ut
425 1345 536 1432 eliqua
556 1343 621 1410 alia
643 1345 812 1412 commoda
833 1349 887 1411 via
909 1348 1036 1414 ineatur
1057 1371 1116 1434 per
1145 1370 1243 1436 quam
1264 1346 1352 1414 bunc
1374 1348 1527 1416 effectum
1551 1372 1626 1416 con·

293 1469 475 1535 sequamur,
499 1450 690 1534 praesertim
710 1473 753 1516 ne
775 1451 873 1515 tacite
894 1449 1065 1516 videamur
1091 1453 1293 1518 consensisse
1321 1451 1355 1517 in
1382 1451 1507 1540 aliquid
1539 1453 1630 1539 quod

294 1550 388 1616 nobis
401 1551 593 1616 damnosum
614 1573 686 1617 esee
702 1561 809 1639 queat,
832 1574 892 1618 vos
906 1551 992 1617 ultra
1006 1551 1040 1616 id
1053 1552 1134 1618 nihil
1147 1551 1286 1642 amplius
1301 1552 1444 1641 scrupuli
1459 1555 1629 1634 iniiciatis,

293 1652 350 1718 sed
373 1655 541 1741 patiamini
562 1663 671 1720 utres
694 1677 788 1720 suum
810 1677 1019 1742 progressum
1051 1663 1084 1720 et
1104 1656 1171 1721 iam
1198 1655 1331 1721 tandem
1358 1665 1506 1743 optatum
1532 1657 1633 1724 finem

295 1757 461 1840 sortiatur,
491 1755 653 1822 offerendo
681 1779 724 1821 ex
750 1765 843 1843 parte
864 1765 976 1822 nostra
1010 1779 1050 1824 ea
1078 1779 1163 1845 quae
1190 1780 1234 1822 ex
1260 1757 1361 1824 literis
1388 1757 1478 1826 bisce
1509 1761 1632 1826 nostris

291 1859 494 1948 percepistis,
518 1881 602 1946 quae
624 1882 684 1926 nos
706 1857 902 1926 arbibamur
916 1860 1045 1926 omnino
1061 1859 1141 1926 talia
1156 1881 1226 1926 esee
1240 1870 1277 1928 ut
1291 1883 1350 1948 per
1365 1883 1404 1926 ea
1418 1870 1485 1926 tam
1502 1883 1633 1928 summo

293 1963 438 2050 pontifici
461 1987 559 2052 quam
581 1963 646 2028 R²²¹¹
668 1963 784 2048 legatis
806 1971 840 2028 et
860 1961 1007 2050 patribus
1030 1961 1159 2027 concilii
1181 1961 1326 2028 satisfiat.
1350 1961 1468 2028 deinde
1485 1963 1634 2050 quodad

295 2067 377 2134 alios
394 2066 548 2134 articulos
571 2065 807 2131 reformationis
832 2063 1073 2146 ecclesiasticae
1096 2065 1219 2149 attinet,
1245 2065 1434 2152 scripsimus
1450 2065 1586 2154 quidem
1600 2069 1635 2134 in

296 2169 386 2236 hisee
408 2170 510 2236 literis
531 2168 650 2236 nostris
673 2169 863 2235 sententiam
885 2176 1030 2234 nostram
1062 2190 1160 2255 super
1187 2165 1384 2256 quibusdam
1405 2167 1552 2234 articulis
1578 2172 1635 2258 qui

296 2297 338 2340 ex
360 2276 460 2361 priori
482 2281 639 2360 concepto
668 2272 783 2338 mutati
814 2271 867 2336 vel
890 2271 994 2337 eidem
1016 2271 1118 2337 additi
1151 2279 1208 2337 aut
1239 2268 1376 2338 detracti
1398 2281 1499 2337 erant.
1536 2273 1573 2338 in
1594 2296 1635 2340 ca

296 2400 332 2444 re
354 2377 455 2443 multo
477 2376 582 2440 minus
604 2373 799 2440 arbitramur
821 2373 913 2440 vobis
942 2375 1086 2462 aliquam
1112 2372 1354 2440 altercationem
1382 2396 1458 2440 cum
1484 2373 1554 2440 ullo
1578 2375 1636 2442 bo·
1749 2443 1750 2448 ,

295 2481 382 2546 mine
398 2501 468 2546 esee
484 2477 668 2562 ineundam,
692 2475 752 2543 sed
774 2476 807 2541 id
823 2485 948 2542 mutum
971 2471 1119 2542 volumus
1142 2485 1187 2560 ut,
1210 2478 1238 2541 si
1259 2476 1341 2542 forte
1356 2497 1490 2544 necesse
1506 2479 1550 2542 sit
1565 2501 1636 2546 sen·
1749 2531 1750 2548 .

295 2585 428 2649 tentiam
450 2590 594 2647 nostram
618 2603 715 2667 super
735 2577 799 2644 illis
822 2581 1024 2666 exprimere,
1053 2579 1088 2645 id
1108 2602 1220 2646 rursus
1242 2602 1316 2646 cum
1339 2578 1449 2646 debita
1471 2580 1638 2648 modestia
1749 2655 1750 2658 Ἴ

295 2686 436 2769 faciatis3
459 2686 538 2750 alias
562 2693 669 2750 autem
691 2692 793 2760 totum
815 2681 896 2748 illud
918 2683 1089 2768 negocium
1112 2705 1224 2749 sacrae
1246 2684 1337 2748 istius
1360 2683 1477 2770 synodi
1500 2684 1636 2751 arbitrio

298 2787 541 2854 diiudicandum
563 2787 785 2872 relinquimus,
808 2809 873 2852 non
896 2787 1081 2854 dubitantes
1110 2789 1188 2874 quin
1217 2788 1349 2875 spiritus
1372 2796 1506 2852 sanctus
1529 2786 1638 2852 eidem
1749 2791 1750 2828 ³

298 2913 337 2956 ea
359 2890 493 2957 consilia
515 2901 727 2977 suggesturus
750 2891 792 2957 sit
814 2912 899 2977 quae
921 2889 964 2954 ad
987 2887 1124 2976 gloriam
1152 2887 1252 2954 divini
1279 2889 1418 2955 nominis
1441 2899 1475 2954 et
1498 2900 1635 2956 sanctae
1749 2955 1750 2988 ,

299 3017 378 3062 suae
401 2993 559 3060 ecclesiae
582 2993 841 3060 aedificationem
862 3015 904 3061 ac
925 2994 1203 3060 conservationem
1231 3015 1329 3082 quam
1356 2993 1499 3058 maxime
1528 2992 1638 3060 futura
1749 2999 1750 3048 i

300 3099 364 3164 sint
385 3105 569 3184 opportuna
590 3107 622 3164 et
644 3097 837 3162 necessaria.

402 3217 446 3282 Et
468 3219 619 3304 quoniam
643 3239 840 3304 magnopere
862 3219 1010 3303 cupimus
1031 3215 1165 3282 ulterim
1187 3238 1318 3304 quoque
1340 3215 1514 3303 providere
1538 3221 1638 3284 omni·

300 3322 361 3386 bus
380 3318 499 3399 modis,
531 3344 573 3386 ne
595 3320 744 3387 videatur
770 3330 882 3386 nostra
904 3343 1004 3386 causa
1023 3320 1097 3386 finis
1119 3319 1247 3388 concilii
1278 3319 1437 3406 impediri,
1472 3319 1634 3403 uolumus,

302 3425 330 3488 si
351 3422 435 3488 forte
457 3422 512 3487 1³⁰¹
534 3422 635 3508 legati
659 3444 699 3488 ac
719 3433 829 3509 patres
852 3422 980 3488 concilii
995 3432 1094 3510 caput
1108 3421 1190 3489 illud
1203 3421 1439 3490 reformationis
1456 3425 1639 3511 principum
1749 3417 1750 3424 '

302 3524 526 3608 saecularium,
549 3523 605 3590 ubi
628 3526 736 3608 agitur
758 3524 799 3590 de
810 3525 1013 3590 immunitate
1025 3525 1246 3592 ecclesiastica
1258 3535 1291 3592 et
1300 3533 1460 3611 potestate
1471 3525 1638 3608 laicorum,

304 3627 426 3693 vellent
447 3627 609 3692 moderari
638 3626 694 3694 tali
717 3627 864 3694 clausula
885 3628 939 3694 vel
961 3627 1058 3694 simili
1079 3626 1247 3694 videlicet:
1283 3627 1429 3694 deosum
1451 3637 1566 3696 sancta
1587 3650 1638 3713 sy·
1749 3701 1750 3718 ,

303 3729 408 3796 nodus
431 3751 541 3794 sacros
564 3751 705 3796 canones
731 3729 771 3794 Ν.
794 3727 835 3793 Ν.
865 3738 898 3795 et
917 3730 959 3795 Ν.
981 3752 1043 3796 nec
1063 3752 1130 3796 non
1151 3729 1288 3798 Suumm
1309 3733 1541 3818 imperatorum
1564 3752 1638 3796 con·

304 3833 484 3898 stitutiones
506 3830 546 3896 N.
569 3830 609 3895 N.
633 3841 665 3896 et
687 3831 736 3910 Ν,
760 3853 846 3919 quae
869 3842 946 3898 tunc
967 3835 1158 3901 nominatim
1185 3841 1282 3920 prout
1303 3854 1417 3898 sacrae
1446 3831 1572 3920 synodo
1593 3833 1639 3898 vi·
1749 3869 1750 3880 ι

304 3934 433 4000 debitur
455 3935 591 4020 exprimi
614 3933 742 4018 debent,
766 3934 934 4002 observari
955 3933 1082 4018 debere,
1115 3944 1147 4002 et
1168 3945 1342 4022 propterea
1363 3935 1519 4002 admonet
1539 3937 1638 4022 impe
1749 3927 1750 4002 l

305 4047 445 4104 retorem
478 4057 571 4124 reges
604 4038 769 4126 principes
803 4047 835 4103 et
857 4059 968 4104 omnes
998 4061 1038 4104 ac
1064 4038 1209 4124 singulos
1238 4041 1460 4128 cuiuscunque
1482 4048 1588 4106 statuis
1609 4048 1641 4106 st

306 4245 352 4308 ita
374 4255 411 4308 ut
432 4243 489 4308 tali
512 4241 642 4308 decreto
666 4251 699 4307 et
720 4242 932 4309 admonitioni
954 4243 1062 4310 nullae
1083 4263 1263 4331 poenarum
1290 4245 1398 4310 minae
1426 4253 1483 4310 sut
1503 4243 1640 4309 fulmina

308 4345 536 4429 adiicerennrr,
559 4354 596 4411 ut
616 4353 694 4413 tunc
715 4366 774 4410 vos
797 4347 1049 4412 reservationem
1071 4367 1169 4434 quam
1191 4345 1285 4414 vobis
1312 4347 1512 4412 iniunximus
1532 4346 1640 4414 mode·

310 4447 448 4512 ctissime
470 4447 662 4530 faciendam,
676 4468 784 4513 coram
796 4446 863 4512 ΒΨ
879 4445 995 4534 legatis
1012 4447 1172 4514 duntaxat
1192 4450 1345 4535 privatim
1356 4458 1389 4514 et
1404 4449 1473 4514 sine
1495 4451 1637 4537 strepitu,

308 4569 374 4615 non
389 4557 498 4615 autem
512 4552 545 4615 in
561 4571 717 4616 consessu
731 4548 860 4616 concilii
874 4549 1012 4635 faciatis
1035 4572 1100 4638 quo
1114 4552 1149 4616 in
1163 4573 1290 4618 omnem
1305 4560 1458 4618 euentum
1473 4550 1515 4618 de
1529 4561 1637 4620 nostro

310 4651 457 4718 dissensu
479 4661 626 4718 constare
647 4653 764 4740 possit3
787 4651 921 4720 adiectis
943 4655 1177 4742 autempoenis
1199 4664 1232 4721 ct
1252 4653 1539 4739 brlminationibns,
1562 4677 1635 4720 ean·

311 4753 385 4820 dem
406 4755 691 4822 reservationem
681 4777 716 4822 ιιι
737 4755 873 4843 publica
893 4765 1024 4876 patrnam
1046 4759 1299 4845 congregatione
1327 4757 1519 4846 proponatis
1540 4766 1575 4824 et
1594 4759 1639 4823 sic
1749 4757 1750 4766 ’

311 4855 452 4947 deinque
474 4857 610 4925 concilio
632 4879 818 4945 supremam
838 4879 972 4926 manum
992 4861 1116 4950 imponi
1138 4860 1262 4928 stnatis.
1749 4853 1750 4862 ι
