3450 5818
389 727 453 776 pero
471 727 524 762 non
541 713 563 760 si
581 727 612 762 en
627 712 679 764 che
696 711 715 761 il
732 726 803 778 pepe
818 711 836 762 l'
848 709 948 764 hebbie
972 713 1098 764 rivccnto.
1135 713 1226 764 Ueber
1248 711 1326 764 beide
1342 711 1584 779 Angelegenheiten
1603 715 1650 766 be-

390 797 486 848 richtot
504 796 573 848 deun
590 799 719 864 Proepero
737 813 781 850 em
801 800 832 848 13
850 799 919 848 Mei:
945 799 968 850 ri
986 813 1001 848 e
1017 799 1063 866 poi
1080 813 1190 866 coepero
1214 799 1239 850 el
1262 800 1368 865 negotio
1391 803 1418 850 et
1440 799 1467 850 la
1488 799 1650 852 molutione

391 883 417 932 di
435 882 588 952 mnndergli‚
606 882 658 935 fino
679 883 728 934 che
746 898 867 950 vengnno
886 883 978 936 lettere
997 883 1031 936 de
1048 884 1155 947 Tremo,
1173 902 1226 938 uon
1243 885 1359 952 parendo
1379 885 1427 936 che
1446 887 1471 937 ci
1490 885 1560 936 luceo
1578 891 1652 938 tutta

390 969 418 1020 ln
435 971 599 1036 reputatione
619 967 661 1020 del
682 967 710 1020 C.
731 969 756 1019 di
774 969 898 1027 Mentun,
923 986 952 1022 ne
974 972 1001 1020 vi
1024 969 1136 1021 nndeeoc
1155 970 1180 1021 S.
1200 969 1350 1034 Clemente,
1376 971 1398 1022 el
1418 971 1496 1037 quale
1513 987 1561 1038 per
1577 988 1653 1022 esser·

389 1061 463 1120 prete
481 1055 583 1105 innnnei
602 1053 637 1106 ad
655 1071 713 1106 ecco
732 1055 767 1122 gli
785 1056 948 1122 precederin
976 1068 1020 1107 nrt
1042 1071 1060 1107 n
1078 1061 1171 1123 questo
1188 1073 1271 1123 penne
1289 1054 1315 1107 S.
1335 1055 1375 1107 82·
1395 1056 1420 1107 di
1439 1057 1577 1108 rimedinre
1597 1075 1651 1108 con

390 1141 453 1192 ‹lnre
472 1141 496 1191 el
513 1141 591 1192 titolo
609 1141 635 1191 di
652 1157 768 1193 vescovo
786 1141 935 1193 Albenenee
960 1141 1116 1205 nitentur,
1140 1142 1164 1193 el
1183 1143 1262 1208 quale
1280 1159 1295 1194 e
1313 1157 1365 1193 nno
1384 1141 1447 1192 nolli
1464 1147 1532 1194 nette
1550 1144 1653 1194 titulari

391 1233 418 1278 et
434 1243 482 1293 per
500 1241 571 1279 omer
588 1232 673 1278 morto
690 1213 709 1277 il
729 1227 758 1280 C.
778 1227 805 1280 di
822 1228 953 1292 lomene,
970 1227 1012 1278 ch*
1025 1243 1071 1280 ene
1087 1243 1203 1280 vescovo
1216 1227 1346 1292 Ostiense,
1364 1231 1426 1280 vien
1444 1244 1462 1281 e
1477 1243 1582 1282 vecnre.
1603 1232 1652 1296 qui

388 1328 470 1364 nasce
487 1328 586 1366 encore
604 1315 646 1363 un'
660 1313 728 1364 altre
746 1313 887 1378 difficolte‚
909 1314 1008 1380 perche
1029 1314 1049 1366 il
1067 1314 1098 1367 Ο.
1117 1313 1143 1366 ‹1’
1154 1315 1275 1381 Augusto
1293 1315 1362 1369 clt'e
1384 1317 1467 1382 primo
1485 1321 1558 1381 prete
1576 1319 1606 1368 et
1624 1317 1653 1368 nl

390 1399 467 1464 quale
486 1398 519 1449 de
537 1401 644 1466 ragione
662 1401 739 1449 viene
758 1400 818 1464 quel
837 1399 925 1464 titolo,
949 1417 1001 1450 non
1024 1398 1050 1451 lo
1075 1400 1153 1452 vuele
1176 1401 1271 1451 cedere
1295 1407 1322 1452 et
1346 1401 1405 1452 dice
1429 1402 1549 1454 ellenon
1568 1403 1653 1452 crede

390 1485 439 1535 che
457 1483 484 1535 S.
503 1484 542 1535 Si·
563 1483 598 1551 gli
616 1485 706 1551 voglin
723 1485 763 1535 fer
779 1488 857 1536 torto.
888 1484 907 1536 il
932 1483 961 1536 0.
986 1484 1011 1535 di
1034 1487 1158 1550 Mantua,
1186 1485 1274 1538 alcuni
1298 1489 1384 1553 giomi
1407 1503 1486 1548 nono,
1514 1489 1610 1538 scrisse
1636 1504 1653 1538 n

389 1569 407 1621 S
435 1569 476 1620 8¹²
493 1569 541 1621 cho
559 1587 588 1622 re
606 1571 623 1620 l'
636 1571 723 1622 animo
742 1587 789 1622 ruo
810 1585 853 1622 ere
871 1571 898 1622 rli
915 1571 971 1622 inre
988 1571 1008 1622 il
1027 1572 1139 1624 concilio
1159 1571 1193 1622 (ln
1209 1589 1286 1636 vero,
1311 1571 1351 1623 ch'
1364 1573 1417 1639 egli
1435 1589 1481 1624 ern
1497 1590 1544 1640 per
1562 1571 1652 1640 iopen-

391 1657 452 1708 dere
470 1659 487 1707 l'
500 1661 601 1708 entrete
618 1655 638 1706 il
654 1673 755 1724 enngue
772 1662 799 1707 et
817 1658 844 1708 ln
858 1657 915 1708 vite
932 1659 1038 1724 proprie
1060 1675 1107 1724 per
1131 1657 1259 1710 beneficio
1284 1673 1411 1720 comun05
1437 1675 1480 1710 me
1503 1659 1652 1710 e'hnveese

389 1745 415 1798 S.
434 1745 476 1794 St·
492 1745 636 1794 intentione
655 1744 712 1795 coln
730 1743 756 1794 di
780 1746 982 1810 temporeginro¹
1009 1743 1036 1796 le
1058 1745 1214 1810 supplicare
1237 1743 1263 1797 lo
1288 1745 1384 1796 facconi
1406 1747 1523 1810 criente,
1550 1747 1652 1813 perche

388 1829 517 1881 trovnndo
535 1830 646 1880 honesto
664 1831 775 1896 nogione
793 1830 819 1880 di
838 1831 958 1882 molettia
980 1831 1131 1896 pertirebbe
1157 1831 1184 1881 di
1206 1831 1240 1882 ln.
1265 1837 1364 1898 quanto
1386 1831 1440 1884 elle
1458 1832 1566 1884 cecedi
1584 1834 1651 1884 reni·

389 1916 472 1966 donee
489 1917 574 1981 questi
593 1915 619 1965 ‹li
637 1916 721 1966 Rome
738 1917 761 1966 ni
779 1916 902 1984 ‹logliono
922 1917 984 1967 delli
1002 1918 1082 1984 legati
1102 1917 1127 1968 di
1145 1918 1253 1980 Tranio,
1270 1918 1387 1984 parendo
1406 1919 1463 1972 loro
1483 1918 1533 1970 che
1550 1919 1652 1970 e'bab-

390 2003 452 2054 biuo
472 2007 565 2067 troppo
583 2001 733 2052 ineilrnente
751 2002 856 2054 lanciati
874 2005 988 2055 tireren
1013 2008 1115 2070 questo.
1144 2005 1166 2053 ei
1191 2002 1314 2070 ‹logliono
1338 2019 1437 2054 encore
1460 2003 1522 2054 delli
1539 2007 1653 2054 vescovi

389 2087 515 2156 Spngnoli
533 2101 608 2138 come
627 2086 654 2137 di
671 2087 751 2154 quelli
771 2087 811 2138 ch'
822 2089 938 2140 hnbbino
956 2087 1048 2139 voluto
1063 2089 1104 2138 ch'
1114 2089 1148 2138 etl
1162 2090 1224 2154 ogni
1236 2087 1314 2139 modo
1328 2091 1422 2154 queste
1435 2091 1532 2140 coenni
1544 2089 1652 2143 decide.

379 2175 454 2226 =hore
471 2189 550 2242 repre
567 2179 609 2230 cio
627 2176 794 2228 vorrebbono
811 2177 834 2226 ei
851 2174 947 2226 secerni
968 2191 1004 2226 un
1028 2175 1135 2226 decreto
1158 2175 1208 2225 che
1232 2175 1258 2225 ln
1284 2173 1420 2224 arideum
1443 2175 1512 2226 inme
1535 2174 1569 2225 ‹le
1593 2177 1654 2227 inre

391 2261 493 2324 divino,
519 2277 562 2312 rna
584 2262 774 2329 diopemebile,
800 2259 826 2312 nl
850 2261 899 2312 che
921 2261 1010 2313 alcuni
1028 2261 1049 2310 ι’
1062 2275 1220 2328 oppongcno
1238 2260 1385 2312 dubitando
1404 2261 1454 2313 che
1472 2267 1567 2327 quate
1586 2277 1653 2313 coen

390 2364 442 2398 non
459 2349 530 2413 poeni
547 2350 675 2415 portorire
693 2349 738 2414 piu
756 2347 824 2398 mele
843 2347 893 2398 che
911 2348 986 2398 bene.
1008 2375 1037 2384 -
1057 2347 1172 2398 Endlich
1195 2347 1325 2416 bericlttet
1341 2349 1410 2398 Arce
1435 2347 1503 2400 noch
1528 2363 1583 2398 vec
1603 2348 1653 2398 der

391 2435 521 2486 bairieclre
543 2434 713 2502 Abgesnndte
725 2433 875 2502 Sigiemund
886 2433 1045 2486 Vierhnuner
1060 2432 1090 2500 (e.
1103 2433 1142 2484 Le
1154 2433 1216 2484 Plnt
1227 2436 1251 2498 ὅ,
1264 2435 1310 2497 923
1330 2433 1382 2500 Ep.
1395 2434 1506 2502 Pogicni
1516 2437 1541 2498 ³,
1553 2436 1588 2485 5⁷
1598 2435 1653 2498 K),

389 2520 435 2572 der
447 2536 488 2570 em
501 2522 534 2572 28
546 2521 619 2571 Mlirz
631 2522 657 2572 in
669 2521 737 2572 Rom
755 2520 926 2586 eingetroffen
947 2535 1007 2582 wer,
1026 2519 1132 2572 erwirlrt
1149 2519 1235 2570 hetto:
1255 2518 1316 2572 duci
1328 2520 1468 2582 Horatiae,
1485 2524 1515 2570 ut
1532 2519 1652 2572 decimes

389 2605 455 2658 duae
473 2622 489 2657 n
507 2606 576 2657 clero
596 2609 700 2674 exigere
718 2614 815 2672 posset,
834 2605 951 2672 permisit
974 2603 1076 2674 [pepe],
1101 2621 1161 2656 cum
1183 2605 1235 2656 hnc
1258 2611 1346 2656 temen
1370 2605 1521 2658 conditione
1547 2612 1578 2656 ut
1601 2605 1652 2657 hee

389 2694 517 2759 pecuniae
535 2693 562 2742 in
581 2691 752 2759 collegiorum
771 2707 847 2742 unum
864 2695 892 2741 et
909 2707 961 2742 non
980 2692 1006 2740 in
1024 2690 1105 2742 alium
1124 2691 1227 2754 coemi,
1247 2697 1273 2742 et
1290 2691 1339 2742 nini
1357 2689 1496 2752 sufficiant,
1516 2694 1652 2744 concessit

389 2784 417 2828 ut
435 2778 534 2829 eisdem
553 2777 671 2844 collegiis
687 2783 778 2844 poscet
795 2776 909 2828 tribuere
927 2781 1069 2842 proventus
1087 2777 1164 2828 uniur
1180 2778 1346 2840 monasterii3
1365 2775 1553 2828 beneficiorum
1568 2779 1650 2829 colla-

389 2866 486 2916 tionem
505 2864 589 2916 eidem
608 2865 758 2930 permittere
775 2863 867 2916 noluit.

882 3041 1084 3050 .-m

885 3275 1076 3362 CLXIX.

603 3493 682 3568 Der
708 3492 841 3569 liniter
866 3513 913 3568 nn
941 3495 1003 3568 die
1031 3491 1364 3588 Ooncilorntcren3

812 3649 910 3715 Prng,
930 3650 966 3700 10
982 3649 1049 3700 Mei
1069 3650 1161 3702 luet.

824 3827 998 3884 Condiactcn·
1024 3829 1144 3899 Conveni.

421 3995 609 4064 Fordinend
631 4007 800 4064 nntwortet
820 3998 881 4064 auf
899 3999 952 4065 die
973 3997 1024 4066 bie
1046 4021 1119 4064 zum
1141 4001 1184 4067 28
1207 3999 1300 4087 April
1322 3998 1568 4085 eingeleufenen
1586 3999 1645 4064 Be

319 4100 435 4166 richtc:
539 4124 605 4167 non
626 4101 722 4167 modo
746 4104 899 4168 miramur
921 4103 978 4168 sed
1001 4105 1096 4168 etiarn
1120 4101 1264 4168 dolemus
1284 4103 1415 4188 negotio
1430 4103 1492 4167 inte
1506 4100 1646 4182 concilii,

321 4205 407 4294 quod
430 4227 489 4270 noe
510 4213 678 4290 tantopere
701 4204 742 4271 nd
764 4204 891 4272 felicem
914 4207 1036 4272 exitum
1064 4204 1182 4272 deduci
1210 4215 1375 4294 optemus,
1405 4215 1470 4270 tem
1498 4205 1646 4270 intricate

321 4319 353 4374 et
375 4307 491 4396 frigide
514 4311 652 4374 tractari.
677 4309 711 4374 id
734 4311 818 4375 enim
841 4312 947 4398 ipsum
969 4333 1055 4376 nunc
1078 4319 1207 4398 praeter
1229 4333 1356 4376 omnem
1373 4308 1531 4374 rationem
1545 4307 1645 4394 negli-

322 4413 410 4500 gitur
430 4422 528 4500 etque
556 4411 744 4478 emenibus
767 4412 936 4479 dimittitur
958 4413 1047 4501 quod
1074 4422 1182 4500 potres
1205 4413 1291 4481 omni
1314 4422 1431 4480 conatu
1453 4433 1645 4478 conservare

321 4525 353 4582 et
374 4517 510 4582 retinere
534 4514 710 4598 debebunt,
732 4515 914 4582 libertatem
938 4515 1062 4582 scilieet
1089 4515 1216 4582 concilii
1239 4525 1271 4580 et
1297 4515 1516 4602 plenissimam
1544 4512 1642 4578 focul-

320 4628 418 4683 tetem
441 4617 601 4685 derebus
627 4618 703 4684 fidei
732 4642 771 4685 ae
798 4641 924 4686 morum
953 4621 1023 4685 eine
1049 4617 1146 4684 ullius
1175 4618 1314 4684 hominio
1341 4628 1489 4705 respectu
1516 4615 1642 4683 conclu·

320 4720 417 4786 dendi
441 4731 473 4786 et
495 4721 673 4804 statuendi,
701 4721 782 4788 adeo
810 4731 846 4787 ut
873 4722 906 4787 id
929 4722 1015 4810 quod
1036 4731 1131 4788 onten
1153 4742 1281 4810 quoque
1303 4721 1364 4786 fuit
1386 4723 1418 4786 in
1441 4743 1496 4786 ore
1519 4717 1642 4787 illorum

320 4825 375 4912 qui
397 4822 545 4911 religioni
568 4835 697 4890 nostrae
720 4823 898 4892 catholicae
925 4824 1154 4909 adversentur,
1183 4825 1328 4912 spiritum
1353 4833 1499 4889 sanctum
1521 4821 1642 4888 scilieet

320 4949 362 4992 ex
383 4925 473 4994 Urbe
501 4951 559 5014 per
588 4925 760 5014 dispositos
789 4949 889 5015 equoe
915 4927 958 4992 nd
985 4929 1155 4996 concilium
1188 4929 1312 5008 vocari,
1343 4949 1429 4994 nune
1460 4927 1639 4993 reviviscet

319 5028 429 5118 itaque
451 5028 547 5096 velde
569 5052 717 5096 veremur
730 5053 771 5096 ne
787 5054 829 5098 ex
844 5030 906 5098 hoc
921 5032 1159 5098 inconvenienti
1174 5033 1207 5096 in
1222 5040 1387 5118 posterum
1402 5029 1496 5117 pluro
1510 5051 1636 5118 quoquo
