3512 5838
400 699 426 752 R
442 697 486 750 8ss
507 699 545 766 gli
562 703 686 752 mettesee
702 699 763 765 fine,
781 701 892 752 sarebbe
909 715 945 750 nn
962 701 1057 754 inciter
1074 701 1155 752 multe
1172 701 1274 754 achoni
1296 700 1385 752 aiere
1403 699 1511 753 concilii
1527 703 1653 764 nationsli,

400 786 419 836 il
438 786 487 836 che
505 787 618 838 sarebbe
641 787 668 838 di
687 786 859 852 grmdsumo
884 787 971 838 dunno
995 803 1012 838 e
1035 792 1105 838 tutte
1128 787 1155 840 la
1179 789 1333 840 cristianitas
1358 793 1455 854 questa
1479 803 1543 838 coss
1558 789 1592 840 hs
1607 795 1653 842 tre·

401 871 518 938 vegliato
537 874 607 924 essai
625 872 651 924 S.
671 873 711 922 δ”
727 879 753 924 et
770 873 866 924 fettola
882 873 1066 940 muraviglisre
1102 879 1129 924 et
1155 873 1254 936 dolere,
1287 874 1385 940 perche
1408 890 1455 940 per
1477 873 1503 924 le
1527 875 1654 941 peroledi

402 959 437 1011 D.
455 959 532 1024 Luigi
551 959 575 1010 d'
586 960 663 1010 Avila
682 965 819 1026 aspettave
837 962 898 1026 ogni
917 960 984 1012 altra
1002 976 1067 1011 cosa
1085 960 1134 1010 che
1152 967 1254 1026 questa.
1272 964 1317 1010 a’e
1337 959 1429 1012 doluta
1445 976 1493 1025 per
1505 966 1603 1026 quanto
1620 963 1653 1012 iu·

402 1043 483 1096 tendo
501 1047 572 1096 assei
589 1061 639 1096 con
657 1046 861 1098 l'inbaaciatore
880 1051 906 1096 et
925 1047 958 1112 gl'
969 1045 1004 1097 ha
1021 1053 1062 1098 tra
1079 1047 1096 1096 l’
1107 1047 1173 1097 altre
1191 1063 1253 1098 cose
1272 1046 1352 1110 detto,
1377 1045 1427 1096 che
1451 1045 1495 1096 del
1519 1062 1548 1096 re
1570 1049 1596 1096 in
1612 1049 1655 1098 mi·

402 1132 511 1183 neribus
528 1147 582 1184 uon
599 1132 634 1184 ha
651 1134 703 1182 mni
731 1133 850 1183 rieevnto
877 1135 968 1199 placer
985 1133 1095 1194 alcuno,
1126 1139 1153 1184 et
1176 1131 1211 1184 de
1236 1133 1281 1199 poi
1299 1132 1367 1184 ch'e
1385 1137 1454 1183 stato
1472 1131 1603 1199 pontefice
1625 1133 1656 1184 bs

403 1218 469 1269 fatto
488 1217 513 1268 al
531 1233 559 1268 re
578 1219 659 1269 rnclte
678 1219 761 1284 gratie
779 1220 806 1269 in
824 1219 982 1285 riconpensa
1000 1218 1071 1270 delle
1089 1219 1160 1286 quali
1183 1236 1236 1270 non
1258 1217 1293 1268 ha
1310 1220 1429 1269 ricevuto
1455 1233 1485 1269 se
1503 1235 1558 1268 non
1574 1219 1656 1286 parole

404 1310 431 1356 et
449 1303 595 1370 dispiaceri,
615 1304 683 1356 ende
701 1319 747 1356 ern
765 1310 873 1356 astretto
893 1305 927 1356 da
945 1308 990 1374 qui
1007 1307 1109 1356 innansi
1128 1321 1145 1356 a
1162 1303 1305 1372 procedere
1317 1304 1466 1364 altrimenti,
1478 1304 1656 1372 aggiongendo

405 1390 464 1440 chel
482 1407 510 1440 re
529 1391 634 1442 dovera
651 1407 745 1457 sapere
764 1391 813 1442 che
831 1391 868 1458 gli
885 1399 985 1459 potera
1002 1392 1092 1443 levare
1110 1391 1134 1442 le
1152 1393 1236 1460 gratie
1257 1407 1383 1442 concesse
1402 1395 1428 1442 et
1447 1390 1497 1441 che
1515 1391 1578 1442 inrsi
1597 1393 1620 1442 ci
1635 1391 1658 1443 le

403 1477 554 1540 leverebbe,
572 1479 634 1544 ogni
651 1477 725 1530 volta
744 1477 793 1530 che
811 1479 913 1530 lacesse
933 1481 988 1529 cosi
1006 1495 1073 1544 poco
1093 1483 1171 1530 conto
1186 1475 1256 1529 della
1267 1493 1380 1545 persona
1398 1493 1455 1532 sua.
1473 1477 1490 1527 l’
1503 1477 1659 1530 inbasciator

406 1579 484 1614 cerco
503 1563 587 1614 allnra
606 1563 632 1614 di
650 1564 780 1630 mitigarlo
800 1571 826 1616 et
844 1565 879 1617 ha
897 1566 941 1632 poi
959 1563 1062 1631 spedito
1080 1565 1167 1616 subito
1185 1581 1221 1616 un
1240 1564 1338 1616 corrier
1360 1579 1377 1614 a
1394 1563 1426 1614 D.
1446 1563 1524 1630 Luigi
1545 1557 1658 1630 d’lviln,

403 1648 502 1716 perche
520 1651 592 1714 possi
611 1649 658 1700 dar
676 1656 753 1702 conto
773 1650 799 1701 al
816 1667 844 1702 re
863 1651 889 1700 di
906 1657 1005 1718 quanto
1022 1649 1043 1701 il
1060 1666 1131 1718 papa
1148 1651 1183 1702 ha
1200 1651 1337 1718 regionale
1356 1666 1427 1702 seco.
1445 1652 1491 1700 s'e
1509 1649 1660 1702 medesirna·
1739 1661 1740 1718 ἦ

405 1741 492 1788 mente
512 1735 602 1787 deluto
622 1737 646 1788 el
664 1749 734 1803 pape
753 1753 802 1789 con
821 1737 909 1788 alcuni
927 1738 1055 1790 cardinali
1073 1743 1100 1790 et
1119 1739 1154 1790 he
1172 1737 1244 1788 detto
1264 1736 1323 1789 chel
1340 1753 1368 1788 re
1387 1753 1402 1787 e
1421 1739 1543 1788 oaenato
1559 1741 1586 1786 et
1598 1737 1660 1787 ch'e

405 1825 524 1890 cegione,
541 1821 638 1888 perche
656 1839 710 1876 uon
727 1824 753 1875 lo
772 1825 835 1876 vuol
853 1827 962 1888 aiutare,
982 1823 1031 1876 che
1049 1825 1137 1876 mandi
1149 1840 1166 1876 a
1178 1825 1258 1878 basso
1276 1825 1350 1876 molti
1362 1824 1475 1876 bocconi
1485 1823 1571 1874 amar-i
1589 1839 1661 1876 sensa

403 1906 501 1959 alcuna
518 1909 594 1976 colpa
612 1921 674 1974 sne,
698 1914 724 1959 et
746 1925 810 1974 pare
835 1910 885 1962 che
908 1927 959 1962 con
985 1913 1026 1962 cio
1050 1911 1141 1978 voglia
1164 1909 1270 1962 inferire
1289 1910 1339 1961 che
1356 1909 1441 1961 tolera
1458 1909 1541 1962 molte
1561 1925 1622 1962 cose
1638 1911 1662 1959 in

403 1993 524 2058 Francia,
542 1994 568 2044 le
586 1995 657 2060 quali
675 1995 739 2046 niun
756 1995 835 2047 modo
854 1995 1021 2060 soffrirebbe,
1038 2013 1068 2048 se
1086 1997 1156 2048 losse
1174 1995 1276 2047 ainmto
1295 1995 1340 2046 dal
1357 2011 1394 2048 re.
1414 1993 1501 2063 doppo
1520 1998 1608 2062 questi
1626 2011 1661 2048 ra·

404 2082 564 2148 gionamenti
588 2096 617 2131 ae
635 2079 744 2132 risolutc
763 2082 850 2134 subito
878 2081 904 2132 di
928 2083 1038 2134 mundar
1064 2085 1091 2134 in
1114 2081 1221 2150 Spagno
1245 2081 1263 2132 il
1285 2097 1402 2133 vescovo
1425 2079 1458 2134 de
1483 2081 1659 2146 Ventimiglia,
1740 2097 1741 2104 ¹

402 2165 500 2234 perche
519 2167 596 2218 arrisi
615 2165 668 2217 alla
686 2173 759 2216 corte
777 2168 821 2218 nel
839 2170 982 2221 medesimc
1000 2176 1089 2235 tempo
1109 2169 1274 2221 ch’mrivera
1285 2169 1320 2222 D.
1337 2164 1418 2236 Luigi
1430 2167 1552 2218 d'Avila.
1570 2169 1661 2235 pertire

404 2255 450 2326 poi
466 2269 513 2319 per
531 2251 645 2303 Francia
661 2251 681 2302 il
699 2254 789 2304 nuntio
809 2253 892 2306 Sento
910 2254 1003 2320 Oroce,
1021 2255 1153 2320 Nichetto,
1177 2272 1214 2308 uu
1231 2256 1374 2324 segretaric
1394 2253 1438 2308 del
1456 2253 1487 2306 C.
1507 2253 1660 2320 Bordigiers

405 2344 432 2390 et
448 2340 500 2390 Μοῐ
519 2338 543 2389 d’
554 2338 668 2408 Allegre.

896 2521 1096 2529 Μ*-

832 2751 1173 2842 CCLXXXVH.

629 2975 708 3050 Der
736 2975 868 3050 Kaieec
893 2995 940 3050 an
969 2975 1042 3050 den
1071 2972 1215 3050 ereren
1244 2973 1366 3065 [unm

743 3129 943 3196 Presaburg,
961 3131 977 3182 2
996 3128 1146 3182 October
1164 3129 1253 3181 1563.

834 3309 1015 3368 casceca.
1040 3309 1163 3382 cepe.

439 3488 478 3552 In
493 3487 745 3572 Beantwortung
761 3486 817 3550 des
833 3484 959 3552 Brielce
974 3506 1051 3550 vom
1068 3485 1106 3550 17
1119 3481 1207 3570 Sept
1223 3480 1347 3569 sprioht
1361 3479 1431 3546 sich
1445 3479 1485 3544 F.
1497 3477 1660 3546 nochmsls

337 3589 433 3654 dahin
456 3607 529 3654 aus:
658 3612 723 3654 non
745 3587 899 3676 expedire
922 3586 1121 3674 reipublicae
1137 3585 1242 3652 Chr*
1260 3583 1348 3670 quod
1371 3580 1501 3649 concilii
1515 3603 1659 3669 progres-

337 3716 391 3758 sus
414 3691 532 3760 diutius
567 3691 769 3772 extrahatur,
799 3692 856 3758 sed
878 3689 975 3757 rebus
1005 3691 1052 3756 sic
1080 3711 1114 3755 se
1142 3687 1336 3755 habentibus
1363 3695 1547 3773 praestare,
1570 3693 1607 3748 ut
1630 3681 1660 3747 id

336 3797 441 3885 primo
465 3818 593 3885 quoque
616 3805 761 3884 tempore
784 3793 981 3879 absolvatur,
1006 3817 1080 3860 cnm
1103 3793 1182 3858 nihil
1204 3791 1304 3856 ferme
1335 3789 1474 3878 supersit
1504 3786 1592 3875 quod
1618 3786 1659 3851 ibi

336 3900 540 3968 tractandum
562 3899 719 3966 videatur.
749 3900 817 3964 Fer
847 3899 899 3964 die
928 3897 1129 3964 Ketholiken
1157 3895 1275 3966 beders
1304 3918 1338 3961 es
1375 3916 1436 3959 nur
1463 3889 1550 3958 noch
1579 3892 1661 3955 einer

338 4002 584 4087 Entscheidnng
605 4001 687 4067 uber
710 4001 762 4066 die
784 4002 863 4066 Ehe.
886 4002 950 4066 Die
972 4001 1200 4086 Abtrtlnnigen
1223 3999 1394 4064 kilmmern
1409 3994 1480 4063 sich
1493 3993 1586 4060 nicht
1600 3993 1657 4058 ein-

337 4108 401 4173 mal
424 4129 478 4171 um
503 4106 555 4171 die
577 4105 756 4171 Bechltlsse
779 4105 836 4170 des
859 4104 998 4171 Concils.

438 4209 684 4276 Reformationis
708 4217 815 4274 antem
836 4208 1006 4294 negocium
1032 4206 1120 4296 quod
1141 4207 1352 4294 praecipuum
1375 4223 1446 4269 esse
1468 4199 1611 4268 debebat
1630 4205 1657 4262 et

338 4313 424 4404 quod
445 4338 504 4380 nos
528 4322 616 4378 tanto
640 4311 745 4378 studio
769 4311 907 4378 antehac
930 4311 1135 4397 urgebamus,
1160 4308 1271 4374 videre
1293 4306 1427 4394 potestis
1444 4326 1541 4394 qnam
1565 4303 1654 4367 sitin·

336 4421 485 4486 trientum
514 4427 545 4484 et
571 4416 702 4505 plenum
730 4414 928 4498 difficultate,
959 4415 1118 4500 siquidem
1148 4411 1245 4478 talem
1269 4411 1405 4478 formam
1426 4405 1656 4474 reformationis

335 4526 368 4587 in
389 4520 530 4588 medium
551 4521 749 4606 propositam
771 4539 841 4584 esse
863 4521 965 4584 nostis
988 4541 1086 4605 quam
1108 4525 1195 4582 certe
1227 4537 1286 4582 nos
1308 4514 1342 4578 in
1365 4511 1541 4578 ditionibus
1563 4508 1596 4575 S.
1617 4507 1649 4569 R

337 4629 461 4714 imperii
482 4626 655 4713 regnisque
681 4635 713 4689 et
735 4623 883 4688 dominiis
906 4623 1023 4687 nostris
1054 4619 1238 4686 executioni
1265 4615 1411 4682 mandari
1438 4635 1534 4702 posse
1561 4609 1650 4699 plane

339 4730 514 4796 diffidimus
537 4751 642 4817 neque
666 4729 762 4792 etiam
777 4725 966 4792 tentandum
988 4723 1081 4790 nobis
1104 4741 1281 4798 censemus,
1303 4720 1367 4784 nisi
1388 4717 1552 4805 publicem
1573 4713 1652 4801 quie

338 4845 400 4902 tem
424 4843 456 4900 et
477 4856 592 4920 pacem
614 4832 753 4914 turbere,
776 4829 952 4895 maximam
976 4827 1117 4894 omnium
1139 4847 1248 4891 rerum
1262 4823 1482 4888 confusionem
1503 4820 1608 4884 iacere
1627 4821 1654 4878 et

336 4938 458 5004 olerum
481 4935 670 5003 Germaniae
698 4937 732 5000 in
764 4941 941 4998 extremum
969 4929 1150 5020 periculum
1172 4925 1334 4995 adducere
1357 4923 1523 4992 vellemus.
1555 4937 1651 5006 neque

336 5041 523 5110 dubiumne
544 5041 623 5127 quin
645 5039 741 5106 etiam
764 5035 856 5104 Ser¹⁰⁰
874 5045 906 5102 et
921 5035 1109 5102 charissimo
1125 5033 1236 5119 nepoti
1250 5039 1360 5096 nostro
1376 5031 1445 5116 regi
1461 5025 1567 5095 Gath⁶⁰
1588 5045 1652 5110 gre·
