3460 5826
328 528 391 594 Μ

325 715 396 786 heri
417 739 527 784 omnes
550 725 768 784 convenenmt
789 737 927 806 eumque
948 714 1150 788 familiariter
1170 728 1208 786 ut
1221 717 1326 786 videri
1347 717 1519 788 voluerunt
1541 715 1665 786 661161

326 824 385 888 teti
400 829 483 906 sunt,
505 829 550 905 ut,
573 823 725 909 quoniam
746 820 808 886 hoc
822 829 967 907 tempore
988 844 1106 910 magno
1128 846 1203 889 cum
1216 823 1381 912 religionis
1396 832 1429 890 et
1442 823 1666 892 ecclesiarum

327 924 524 993 Gallicarum
544 925 733 992 detrimento
756 923 894 1008 abesset,
919 934 952 992 et
974 928 1044 992 eius
1066 929 1221 993 autoritas
1243 949 1283 994 ac
1304 929 1487 1014 praesentia
1508 937 1583 994 tum
1600 925 1668 1014 ipsi

328 1028 455 1095 Galliae
477 1035 545 1092 tum
568 1030 665 1094 ctiam
687 1027 845 1094 ecclesias
867 1028 1046 1095 catholicae
1061 1029 1161 1095 multo
1176 1029 1285 1096 utilior
1299 1052 1337 1096 ao
1352 1031 1455 1116 magis
1470 1030 1667 1097 necessaria

327 1142 412 1199 esset
433 1131 541 1197 futura
563 1153 659 1220 quam
682 1133 709 1196 si
731 1132 765 1196 in
786 1131 849 1198 hoc
871 1131 1007 1199 concilio
1030 1142 1185 1215 maneret,
1209 1133 1249 1198 de
1269 1133 1434 1200 redeundo
1456 1134 1491 1199 in
1512 1130 1666 1199 Galliam

328 1237 500 1322 cogitaret3
523 1235 695 1324 multisque
719 1233 790 1302 eliis
812 1238 846 1300 in
866 1235 952 1301 hanc
975 1237 1164 1302 sententiam
1188 1235 1281 1302 dictis
1305 1236 1346 1302 D.
1369 1237 1443 1304 (1.6
1463 1237 1667 1321 Lotaringia

326 1338 501 1426 respondit,
525 1339 604 1406 alios
626 1362 697 1406 ease
719 1340 753 1404 in
769 1337 884 1406 Galliis
906 1338 993 1404 viros
1016 1338 1150 1406 idoneos
1173 1341 1229 1428 qui
1244 1340 1392 1409 omnibus
1407 1338 1503 1407 rebus
1519 1339 1570 1406 ibi
1587 1363 1665 1428 pru·

327 1441 439 1508 denter
459 1442 629 1529 providere
651 1452 784 1530 possent
804 1465 910 1530 neque
933 1465 993 1508 sun
1014 1446 1200 1530 praesentia
1222 1443 1306 1510 hauc
1328 1443 1369 1510 ob
1387 1467 1456 1509 rem
1470 1465 1556 1531 opus
1578 1466 1664 1525 esse,

326 1545 385 1611 sed
405 1546 509 1632 magis
530 1545 697 1610 nitendum
719 1557 755 1611 ut
776 1545 950 1612 Christiani
973 1544 1059 1612 orbis
1082 1547 1116 1610 in
1137 1546 1293 1632 religione
1315 1550 1441 1613 iactura
1461 1547 1514 1612 hio
1529 1547 1569 1610 in
1586 1569 1663 1612 con·

326 1647 399 1714 cilio
428 1649 666 1714 submoveatur.
699 1649 781 1716 baec
809 1671 868 1714 nos
892 1649 1026 1736 abipso
1056 1649 1099 1713 D.
1123 1649 1157 1716 O.
1181 1650 1390 1736 Lotaringiee
1414 1658 1539 1716 secreto
1565 1673 1662 1715 acee-

325 1752 440 1839 pimua,
464 1751 552 1840 quod
573 1751 624 1818 Mu
643 1751 684 1818 V.
708 1751 740 1818 S.
766 1751 918 1818 duximus
941 1775 1011 1818 esse
1033 1750 1306 1841 perscribendum.

462 1938 489 1992 S.
508 1939 559 1992 den
576 1937 652 1992 Briei
666 1955 718 1992 von
738 1939 856 1992 Cobenal
874 1956 922 1993 eus
939 1941 1082 1992 Frankfurt
1099 1957 1133 1994 an
1151 1941 1203 1995 den
1221 1943 1252 1994 B.
1270 1959 1324 1994 von
1341 1942 1522 1996 Fltnikirchon
1541 1943 1604 1994 und
1617 1943 1660 1994 die

393 2025 521 2077 Feetrede
539 2025 586 2076 dea
604 2025 632 2075 Β.
653 2042 705 2077 von
718 2025 784 2076 Tine
801 2028 829 2077 in
846 2027 884 2078 Le
895 2027 956 2077 Plet
975 2029 997 2090 1,
1016 2029 1079 2090 6383
1097 2032 1122 2092 δ,
1140 2031 1199 2080 567.
1217 2029 1282 2079 Wes
1300 2043 1360 2079 man
1378 2030 1436 2080 sich
1453 2031 1479 2080 in
1491 2030 1591 2080 'l'rient
1604 2046 1657 2080 von

392 2111 658 2175 (161116111611111116,
677 2111 857 2163 6111116666
873 2128 921 2164 aua
933 2112 1094 2166 liilledonne
1114 2117 1170 2178 113,
1189 2130 1236 2166 ans
1254 2115 1451 2167 Beluae-blansi
1470 2117 1494 2179 3,
1512 2118 1568 2168 434
1588 2116 1660 2180 (bier

393 2197 557 2265 beffl'nnande
575 2197 790 2264 correspondens
808 2199 855 2250 des
872 2199 994 2251 Bischoss
1010 2217 1063 2252 rou
1080 2200 1252 2268 Ventimiglia
1270 2201 1350 2256 Oarlo
1367 2202 1500 2268 Vieoonti)
1526 2203 1588 2253 und
1607 2217 1656 2253 ens

393 2285 443 2350 Dp.
457 2284 521 2351 Peg.
539 2286 563 2348 3,
584 2286 633 2335 190
650 2285 718 2336 Nota
735 2301 752 2352 p
770 2283 856 2350 (Briei
866 2285 912 2336 der
924 2285 1051 2352 hegelen,
1070 2287 1288 2338 wabrecheinliob
1301 2291 1391 2340 vemt!
1404 2289 1577 2354 December).
1598 2289 1659 2339 Den

393 2371 485 2422 beaten
502 2369 658 2422 Aufsohlnee
684 2371 751 2422 111161
769 2369 821 2422 alle
838 2370 980 2438 Vorglnge
1003 2372 1046 2424 bei
1064 2373 1112 2424 der
1127 2373 1208 2424 Wahl
1234 2374 1289 2425 und
1311 2375 1439 2442 Krbnung
1464 2376 1493 2425 in
1508 2374 1659 2426 Prenkfnrt

393 2456 479 2523 geben
502 2455 546 2506 die
571 2456 769 2508 ausidhrlioheu
792 2455 935 2508 officiellcn
957 2457 1192 2526 Aufzeicbnungen
1217 2461 1244 2510 in
1263 2460 1314 2512 den
1330 2459 1489 2512 Wehleoten
1514 2459 1599 2513 Fuso.
1619 2459 1658 2510 111

394 2542 441 2593 des
458 2543 567 2594 Wiener
582 2541 703 2596 Archiva.
721 2570 754 2580 -
771 2543 811 2594 Zu
829 2542 889 2594 dem
906 2543 1004 2595 Votum
1026 2543 1073 2595 des
1091 2545 1121 2594 0.
1140 2561 1192 2596 von
1211 2545 1373 2613 Lotbringen
1390 2562 1452 2597 vom
1469 2549 1486 2596 1
1503 2547 1658 2596 December

393 2627 551 2694 (11611615,
569 2626 862 2696 1811111666116111
875 2631 923 2692 δὴ
940 2629 1084 2680 Mendbnm
1097 2631 1163 2694 3483
1180 2631 1230 2696 Ep.
1242 2631 1308 2699 Pog.
1321 2633 1346 2696 3,
1360 2633 1422 2695 1905
1439 2631 1544 2684 Pallan.
1557 2636 1584 2696 2,
1598 2634 1656 2684 58⁴.

878 3037 1097 3128 OOXXII.

584 3262 680 3336 Brua
708 3262 781 3336 und
807 3259 1039 3336 Draakorice
1067 3282 1113 3335 an
1143 3261 1215 3338 dan
1248 3262 1397 3359 Kalacr3

734 3415 865 3480 Trient,
893 3419 929 3467 16
948 3415 1134 3468 December
1153 3418 1244 3470 16⁶2.

631 3579 809 3636 0611111αοί11.
833 3575 978 3651 Oripinnl5
998 3577 1029 3634 in
1043 3583 1133 3652 torpe:
1155 3581 1197 3635 22
1218 3581 1370 3636 December.

428 3715 498 3784 Iam
520 3715 685 3784 decretum
707 3715 787 3781 illud
815 3715 855 3782 de
877 3715 1052 3783 residentia
1074 3715 1162 3805 quod
1183 3725 1280 3782 antee
1299 3716 1351 3782 Mt
1375 3716 1415 3783 V.
1438 3715 1471 3784 S.
1494 3719 1647 3800 misimus,

327 3845 347 3888 a
367 3822 513 3909 patribus
536 3821 716 3886 examinari
739 3829 888 3906 coeptum
913 3830 971 3904 est,
996 3821 1118 3909 dequo
1140 3822 1251 3886 veniae
1274 3822 1452 3886 sententiae
1468 3820 1647 3887 audiuntur.

326 3927 420 4013 pauci
441 3924 589 4013 probant,
611 3921 666 3988 alii
687 3945 793 4012 neque
814 3921 877 3989 hoo
898 3945 1004 4011 neque
1019 3921 1084 3988 ullo
1100 3922 1163 3990 alio
1179 3923 1220 3989 de
1234 3924 1408 3990 residentia
1422 3923 1553 3991 decreto
1570 3945 1646 4012 opus

327 4051 398 4096 osse
420 4028 540 4096 dicunt.
564 4027 677 4094 volunt
698 4025 844 4094 nonnulli
859 4025 936 4092 eddi
953 4025 1159 4092 residentiam
1181 4028 1250 4092 inre
1273 4029 1382 4093 divino
1405 4051 1476 4094 esse
1498 4051 1646 4117 praecep·

325 4141 402 4214 tem,
424 4155 509 4221 ques
530 4154 583 4197 res
604 4141 642 4196 ut
663 4130 857 4196 arbitramur
878 4130 993 4196 iterum
1015 4129 1059 4195 ed
1081 4152 1152 4196 eam
1174 4131 1411 4197 contentionem
1426 4130 1644 4198 deduceturin

326 4257 392 4324 qua
414 4234 634 4323 superioribus
655 4233 820 4300 mensibus
841 4231 979 4300 multum
1001 4236 1155 4320 temporis
1177 4235 1246 4300 61116
1267 4232 1333 4300 ullo
1355 4233 1462 4300 116616
1484 4244 1517 4300 61
1532 4255 1643 4320 magno

327 4361 400 4404 oum
422 4337 575 4406 scandolo
597 4337 804 4426 absumptum
826 4345 884 4402 cst
916 4358 954 4402 6ο
976 4338 1010 4402 16
1032 4347 1116 4404 61616
1137 4360 1189 4404 166
1220 4360 1292 4404 esse
1313 4336 1465 4404 videntur
1486 4346 1523 4403 ut
1543 4335 1643 4402 nullus

325 4440 441 4508 modus
462 4443 527 4508 iam
549 4441 684 4530 reperiri
705 4463 802 4528 posse
824 4439 985 4526 videatur,
1009 4463 1072 4530 quo
1094 4450 1203 4528 patres
1223 4439 1367 4508 breviter
1385 4461 1460 4506 snas
1475 4441 1641 4506 sententiaa

326 4544 506 4630 absolvant,
535 4567 575 4612 ac
604 4547 632 4610 si
661 4544 758 4610 etiem
785 4543 928 4610 breviter
956 4567 1066 4610 omnes
1095 4543 1247 4629 dicerent,
1275 4543 1364 4633 quod
1391 4545 1557 4632 impetrari
1584 4563 1641 4608 uon

325 4657 441 4737 potest,
464 4658 573 4715 temen
594 4649 658 4716 226
680 4657 788 4737 patres
810 4647 866 4736 qui
888 4650 1078 4714 sententiam
1092 4649 1127 4713 in
1142 4647 1277 4716 concilio
1293 4649 1412 4732 dicunt,
1436 4643 1641 4736 quorumttt

326 4759 401 4820 sunt
422 4751 576 4841 episcopi,
599 4752 678 4818 satis
700 4773 818 4840 magno
841 4760 985 4837 tempore
1007 4774 1089 4840 opus
1111 4749 1241 4818 babent

428 4857 480 4923 De
495 4856 702 4944 episcopatus
725 4855 795 4922 1616
810 4853 953 4920 nondum
968 4857 1128 4939 convenit,
1151 4856 1259 4922 multis
1273 4856 1343 4922 iure
1358 4853 1477 4938 divino,
1500 4852 1636 4942 plurimis

325 4958 465 5027 humano
486 4967 610 5026 tantum
625 4967 657 5026 61
671 4959 809 5047 positivo
824 4959 893 5025 iure
909 4958 1077 5047 episcopos
1100 4960 1261 5024 institutos
1276 4981 1347 5024 esse
1370 4957 1635 5026 contendentibus.

325 5062 369 5134 D.
383 5063 482 5154 legati
503 5085 544 5132 ea
565 5061 606 5132 do
615 5085 650 5130 16
664 5063 800 5132 Romam
823 5059 866 5130 ed
881 5083 1039 5131 summum
1053 5062 1239 5152 pontificem
1252 5061 1439 5148 retulerunt,
1455 5081 1633 5151 responsum
