3532 5832
326 667 406 734 nihil
434 667 524 734 aliud
552 669 621 755 agit
648 691 747 757 quam
773 679 810 734 ut
838 691 915 735 suos
946 669 1091 736 extollat.
1123 672 1322 758 praepositio
1349 671 1419 738 eius
1447 670 1489 738 (16
1522 671 1661 738 concilio

320 771 449 838 videtur
463 769 563 838 valde
577 773 695 836 ieiuna.
723 795 788 838 non
803 772 953 838 subiiciet
967 795 1002 840 se
1025 773 1172 858 concilio,
1194 783 1231 840 ut
1251 783 1380 840 1666166
1401 774 1580 840 secundm
1604 775 1660 841 (16-

320 885 411 942 creta
434 873 644 941 conciliorum
666 873 923 942 constantiensis
951 887 984 942 et
1005 875 1203 962 Basiliensis,
1230 876 1266 944 id
1293 877 1382 967 quod
1410 873 1689 946 comessionarii·

323 1001 389 1045 non
411 977 598 1044 concedent
1461 1043 1463 1049 y

426 1079 630 1168 Explorandi
652 1091 728 1145 sunt
750 1081 848 1146 animi
869 1081 1007 1148 aliorum
1035 1105 1165 1171 quoque
1193 1106 1307 1170 regum
1334 1094 1367 1151 et
1395 1085 1588 1172 principum.
1617 1084 1661 1152 de

326 1207 404 1271 rege
418 1183 651 1271 Hispaniarum
673 1184 870 1251 credendum
890 1185 1020 1252 videtur
1041 1187 1148 1273 ipsum
1169 1209 1235 1253 666
1256 1186 1476 1254 dissensurum
1499 1211 1519 1252 a
1533 1189 1570 1254 O.
1585 1188 1661 1272 M”,

327 1286 386 1352 sed
407 1297 516 1353 tamen
538 1287 607 1354 eiu's
629 1288 741 1354 literae
763 1289 797 1352 in
819 1288 882 1354 hoe
910 1291 1046 1376 negocio
1075 1291 1215 1377 scriptae
1237 1290 1391 1356 videntur
1418 1313 1489 1357 esse
1518 1291 1660 1378 tepidae.

327 1389 371 1454 ad
391 1390 474 1456 haec
494 1413 560 1456 non
581 1401 690 1478 potest
710 1391 846 1456 multum
868 1393 991 1476 iuvare,
1014 1394 1076 1458 nisi
1098 1395 1140 1458 sit
1160 1394 1373 1481 propinquior
1395 1394 1542 1460 concilio.
1570 1393 1661 1462 Galli

327 1505 489 1581 quaerunt
509 1504 634 1560 tantum
657 1517 752 1562 suum
773 1497 936 1583 privatum
952 1495 1157 1563 commodum
1172 1505 1205 1562 et
1218 1496 1371 1564 videntur
1387 1499 1501 1584 sopitis
1516 1498 1659 1564 motibus

327 1595 452 1662 Galliae
474 1621 539 1663 666
560 1598 769 1665 vehementer
789 1598 968 1665 laboraturi
997 1621 1057 1686 pro
1087 1597 1238 1684 concilio;
1267 1601 1295 1664 si
1322 1621 1452 1689 nanque
1481 1597 1563 1690 [rex]
1593 1603 1661 1667 sin-

329 1721 404 1766 cere
427 1701 556 1788 egisset
579 1725 647 1768 non
667 1701 861 1768 exclusisset
883 1725 1058 1768 caesarem.
1081 1701 1197 1789 reliqui
1218 1725 1313 1788 reges
1334 1725 1400 1768 666
1422 1713 1547 1770 curant.

427 1805 652 1876 Ecclesiastici
674 1807 849 1873 abhorrent
869 1818 1003 1894 propter
1024 1807 1284 1874 reformationem
1308 1830 1406 1894 quam
1427 1810 1551 1874 timent.
1584 1831 1660 1874 con·

326 1907 508 1974 sessionarii
530 1911 674 1975 animum
696 1932 793 1976 suum
815 1935 835 1976 a
856 1910 994 1978 concilio
1016 1910 1158 1976 alienum
1185 1911 1219 1976 in
1241 1912 1424 1998 praeteritis
1447 1911 1660 1978 conventibus

326 2011 547 2099 imperialibus
575 2024 608 2079 et
628 2015 819 2100 praesertim
846 2015 1022 2081 novissimo
1044 2012 1245 2100 Augustensi
1274 2015 1352 2080 satis
1382 2013 1598 2098 declaranmt,
1628 2025 1662 2080 et

326 2139 431 2203 nuper
453 2115 517 2182 duo
539 2114 694 2183 electores
710 2116 874 2184 Saxoniae
895 2127 928 2184 et
941 2116 1268 2204 Brandcnburgensis
1283 2118 1440 2204 proximis
1455 2117 1661 2204 quorundam

325 2219 467 2285 motibus
489 2221 523 2284 in
545 2218 721 2287 saxoniam
744 2245 877 2287 causam
901 2221 1030 2288 dedisse
1052 2221 1278 2308 suspicionem,
1308 2243 1407 2308 quam
1430 2219 1563 2308 quidam
1585 2243 1661 2286 con·

327 2323 472 2409 ceperint
492 2322 571 2387 Man
602 2322 635 2390 S.
658 2322 695 2390 O.
724 2327 929 2412 conspirasse
958 2347 1032 2390 cum
1054 2323 1206 2411 pontifice
1228 2326 1261 2388 in
1289 2325 1464 2412 perniciem
1488 2325 1660 2390 confessic-

327 2427 502 2491 nariorum.
526 2425 699 2493 difficultas
720 2429 781 2494 erit
800 2429 944 2494 maxima
965 2429 998 2492 in
1021 2429 1212 2494 executione
1234 2429 1442 2516 quantumvis
1464 2428 1660 2512 instituatur,

332 2530 410 2617 quia
424 2528 494 2597 sola
507 2530 577 2595 ΜΝ
593 2529 628 2597 S.
644 2553 709 2596 non
728 2533 848 2619 poterit
867 2555 928 2619 par
950 2554 1021 2598 esse
1044 2531 1233 2597 sustinendo
1255 2541 1345 2598 tanto
1368 2533 1467 2615 oneri,
1491 2530 1662 2619 obstatque

330 2654 399 2718 pax
419 2632 584 2720 religionis
608 2634 693 2701 1555
715 2637 809 2720 inite3
841 2657 925 2722 quae
948 2637 1074 2700 etiamsi
1096 2658 1161 2702 666
1183 2635 1336 2720 obstaret,
1359 2644 1467 2702 166666
1488 2655 1554 2700 666
1576 2635 1661 2700 foret

332 2735 561 2804 confidendum
589 2740 731 2804 externis
759 2739 969 2826 principibus,
998 2749 1035 2804 ut
1065 2741 1121 2827 qui
1142 2749 1275 2826 possent
1296 2737 1375 2804 Μιοιὶι
1397 2735 1430 2805 S.
1454 2738 1603 2804 deserere
1628 2739 1662 2802 in

231 2851 233 2856 '
326 2839 436 2907 medio
460 2863 593 2916 cursu..

429 2941 459 3008 Ε
482 2953 594 3010 666166
622 2946 648 3008 si
670 2943 738 3008 ΜΝ
766 2943 799 3010 S.
821 2944 918 3031 plane
947 2946 1123 3012 abstineret
1145 2947 1242 3012 tacite
1270 2945 1324 3011 vel
1351 2937 1504 3033 expresse
1531 2946 1572 3011 ab
1601 2944 1665 3011 hoc

326 3048 472 3133 negocio,
494 3047 617 3114 faceret
639 3058 751 3114 contra
773 3049 915 3115 officium
938 3073 1032 3116 suum
1054 3060 1086 3117 et
1102 3050 1333 3116 conscientiam
1348 3061 1381 3116 et
1396 3060 1509 3116 contra
1532 3049 1664 3115 decreta

327 3172 367 3216 ac
387 3173 536 3217 recessus
565 3162 783 3218 conventuum
804 3152 1030 3240 imperialium,
1063 3176 1137 3218 cum
1165 3154 1262 3218 etiam
1283 3154 1317 3217 in
1338 3154 1487 3238 proximo
1511 3151 1664 3219 obtulerit

328 3275 459 3340 operam
488 3277 591 3339 suam,
624 3258 671 3322 ita
701 3256 789 3344 quod
817 3279 852 3322 se
879 3259 984 3344 ipsam
1007 3255 1248 3344 quodammodo
1278 3255 1480 3342 obligaverit.
1518 3255 1663 3321 adhaec

326 3355 414 3422 idem
431 3359 528 3422 ctiam
544 3361 610 3447 egit
624 3359 693 3426 ΜΝ
706 3359 739 3426 S.
757 3359 845 3447 apud
860 3361 1046 3446 pontificem
1066 3384 1126 3448 per
1144 3361 1294 3425 comitem
1310 3357 1497 3446 Scipionem
1512 3357 1664 3426 d'Areho.

329 3461 356 3525 si
378 3469 491 3547 ageret
515 3460 584 3527 Mu·
607 3461 640 3528 S.
663 3463 783 3551 tepide,
816 3462 905 3528 haud
935 3464 1033 3530 dubie
1062 3461 1299 3550 gratificaretur
1320 3486 1436 3550 papae,
1460 3463 1519 3528 sed
1550 3472 1665 3550 postea

328 3565 542 3631 coniiceretnr
575 3569 678 3632 omnis
707 3565 804 3653 culpa
833 3568 867 3631 in
887 3565 966 3632 Mem
989 3566 1022 3632 S.
1054 3568 1163 3654 itaque
1196 3565 1433 3653 respondeatur
1459 3566 1603 3652 pontifici
1631 3566 1664 3630 in

326 3665 415 3732 hanc
437 3671 638 3735 sententiam.

429 3875 583 3942 Rationes
607 3875 695 3964 quod
717 3898 830 3942 caesar
849 3899 916 3942 666
938 3873 1057 3942 debeat
1070 3876 1279 3942 vehementer
1293 3876 1370 3943 huic
1383 3879 1519 3964 negocio
1541 3878 1663 3944 incum-

327 3975 427 4044 bere:
460 3979 607 4066 pontifex
634 3979 716 4044 forts
743 4000 808 4044 non
836 3981 919 4046 serio
946 3988 1065 4044 tractet
1091 4003 1152 4046 nec
1186 4001 1220 4045 se
1255 3979 1385 4045 subiicit
1417 3980 1561 4047 concilio.
1605 4005 1664 4048 rex

327 4079 507 4168 Hispaniae
535 4082 664 4148 videtur
692 4081 849 4147 dubitare.
895 4082 1042 4148 absentia
1074 4084 1143 4148 eius
1170 4085 1204 4148 in
1232 4083 1409 4170 Hispaniis.
1453 4107 1514 4149 rex
1536 4083 1663 4152 Galliae

328 4184 407 4250 nihil
422 4187 484 4250 nisi
498 4187 646 4274 proprias
662 4186 906 4252 commoditates
921 4188 1057 4274 quaerit.
1085 4187 1200 4275 reliqui
1220 4209 1315 4274 reges
1330 4209 1395 4253 non
1411 4197 1533 4254 curant.
1558 4187 1662 4254 eccle·

328 4289 447 4354 siastici
479 4289 608 4376 fugiunt
633 4289 902 4357 reformationem.
944 4289 1187 4356 confessionarii
1224 4290 1398 4356 abhorrent
1425 4286 1596 4358 concilium
1632 4301 1665 4358 et

329 4413 481 4478 expresse
504 4391 702 4458 dissuadent.
725 4394 924 4459 executionis
947 4393 1119 4468 difficultas
1142 4393 1232 4480 apud
1253 4403 1418 4482 utrosque.
1441 4403 1598 4460 tractatus
1622 4393 1662 4459 de

330 4496 520 4561 executione
542 4518 639 4584 quem
666 4495 748 4562 forte
774 4517 862 4584 papa
889 4508 1049 4584 proponet
1069 4497 1281 4585 periculosus,
1310 4498 1388 4564 item
1417 4507 1529 4564 contra
1549 4519 1663 4584 pacem

328 4597 503 4684 religionis.

431 4700 530 4782 Quod
551 4724 616 4767 non
639 4701 758 4768 debeat
778 4725 931 4768 recusare
953 4701 1006 4768 vel
1028 4701 1214 4790 negligere:
1239 4703 1316 4790 quia
1329 4702 1452 4769 faceret
1466 4712 1580 4770 contra
1595 4703 1661 4769 offi-

330 4805 414 4870 cium
438 4827 541 4891 suum,
565 4815 679 4872 contra
691 4829 840 4872 recessus
861 4808 998 4893 imperii,
1021 4816 1135 4873 contra
1148 4830 1189 4873 ea
1204 4830 1288 4895 quae
1303 4809 1337 4872 in
1351 4809 1510 4895 proximis
1526 4809 1661 4875 comitiis

328 4907 490 4995 pollicitus
523 4917 581 4994 est,
617 4918 729 4976 contra
756 4918 897 4976 16661616
923 4931 982 4997 per
1004 4909 1040 4976 Ο.
1064 4909 1260 4997 Scipionem.
1305 4909 1388 4976 forte
1420 4933 1508 4998 papa
1538 4921 1662 4998 optaret

329 5011 417 5100 quod
439 5011 561 5080 Caesar
583 5035 618 5082 se
640 5014 812 5103 praeberet
834 5013 1008 5081 difficilem.
