3532 5832
695 869 838 953 XXV.

488 1091 567 1165 Der
592 1089 710 1187 Papst
736 1108 782 1162 an
811 1088 884 1161 den
913 1041 1064 1175 llaiser3

564 1269 656 1334 Rom,
678 1271 694 1322 3
711 1267 862 1320 Februar
880 1267 970 1318 1560.

212 1484 355 1539 Romana.
381 1482 604 1556 Originoltrevu
625 1481 655 1534 ia
677 1485 767 1552 tergo:
788 1478 859 1534 nillil
872 1475 1044 1550 replicatum,
1067 1472 1206 1565 2Maatii
1222 1476 1315 1530 1560.

647 1689 724 1756 Pius
738 1711 825 1778 papa
838 1688 895 1754 IV.

199 1877 403 1943 Charissime
426 1878 458 1940 in
473 1875 601 1942 Christo
623 1873 669 1938 fili
689 1880 815 1956 noster,
839 1871 976 1937 salutem
998 1881 1030 1937 et
1052 1869 1266 1958 apostolicam
1287 1871 1435 1936 benedic-

113 1981 227 2045 tionem.
241 1983 445 2068 gravissimis
462 1981 546 2044 curis
562 1978 703 2043 animum
719 1987 862 2042 nostrum
877 1999 937 2064 pro
953 1986 1102 2064 suscepto
1118 1997 1222 2062 nuper
1236 1973 1436 2061 apostolatus

112 2081 204 2147 officio
228 2082 433 2148 laborantem
457 2105 521 2146 non
542 2103 657 2168 parurn
681 2082 846 2166 quiescere
869 2083 1040 2164 sensimus,
1059 2079 1134 2144 dum
1159 2087 1233 2144 tuae
1256 2078 1437 2144 serenitatis
1544 2133 1560 2160 ,

114 2183 210 2250 literas
225 2189 360 2274 pietatis
376 2209 454 2271 erga
469 2208 528 2249 nos
543 2195 618 2250 tuae
633 2184 757 2252 indices
772 2185 961 2272 legeremus.
985 2185 1018 2248 in
1033 2183 1150 2271 quibus
1174 2181 1263 2270 quod
1282 2180 1436 2250 laetitiam

110 2287 315 2374 expressisti,
352 2311 417 2376 qua
449 2289 583 2354 affcctus
605 2311 639 2354 es
672 2311 714 2354 ex
750 2287 811 2358 hoc
840 2288 928 2376 quod
961 2289 1169 2374 omnipotenti
1194 2287 1254 2354 deo
1287 2287 1320 2352 in
1342 2284 1437 2350 uobis

111 2391 284 2458 humillimo
310 2415 403 2458 servo
426 2415 484 2458 suo
507 2392 629 2478 placuit
652 2393 799 2480 operari,
834 2401 908 2456 tuae
931 2391 1155 2479 gratulationis
1179 2389 1320 2456 officium
1343 2397 1435 2476 grato

112 2496 236 2579 perinde
261 2521 303 2562 ac
326 2497 419 2563 dccet
441 2485 547 2561 animo
571 2497 781 2584 accipientes,
805 2498 931 2582 agimus
955 2491 1085 2560 divinae
1107 2492 1349 2559 misericordiae
1365 2513 1437 2578 gra-

112 2597 177 2682 tias,
210 2599 304 2686 quod
326 2622 410 2688 quae
433 2623 514 2665 onus
535 2599 628 2664 nobis
651 2600 774 2665 viribus
797 2601 914 2665 nostris
936 2598 1032 2686 longe
1059 2599 1162 2662 maius
1185 2596 1351 2684 imposuit,
1383 2617 1438 2660 ea·

115 2699 177 2765 dem
191 2713 228 2767 ut
244 2702 438 2768 confidimus
461 2704 695 2790 optatissimum
710 2703 803 2768 nobis
820 2701 976 2767 auxilium
990 2701 1199 2789 praeparavit
1221 2701 1253 2763 in
1268 2708 1344 2763 tuac
1359 2721 1438 2786 erga

115 2813 250 2869 sanctam
274 2805 359 2870 hanc
387 2805 497 2870 sedem
526 2805 704 2870 devotionis
728 2805 1016 2891 observantiaeque
1040 2793 1220 2870 constantia
1248 2823 1436 2888 summaque

116 2907 221 2974 o'rtute
246 2919 346 2995 atque
369 2907 550 2994 prudentia.
589 2907 684 2995 plane
706 2911 791 2974 enim
814 2931 1004 2996 persuasum
1025 2906 1199 2988 hahemus,
1236 2906 1333 2970 immo
1356 2926 1435 2968 vero

116 3011 224 3076 scimus
248 3023 299 3094 te,
323 3014 406 3076 sicut
428 3011 534 3076 clarae
556 3013 729 3077 memoriae
751 3011 842 3078 fratri
864 3022 919 3077 tuo
935 3009 1052 3078 Oarolo
1075 3009 1260 3097 imperatori
1284 3018 1316 3072 et
1338 3009 1437 3071 maio-

117 3111 193 3178 ribus
216 3116 284 3179 tuis
305 3115 457 3201 piissimis
491 3114 691 3201 principibus
724 3118 758 3180 in
787 3117 922 3202 imperio
957 3139 996 3180 ao
1018 3115 1126 3202 regnis
1150 3112 1349 3193 successisti,
1383 3111 1437 3193 ita,

118 3237 181 3280 cum
203 3240 319 3283 eorum
340 3218 470 3303 pietatis
492 3227 524 3281 et
546 3216 643 3300 studii
671 3219 704 3281 in
726 3218 913 3306 religionem
936 3218 1127 3284 catholicam
1149 3217 1441 3298 imitatorsemper

118 3322 269 3402 extiteris,
293 3319 436 3384 futurum
458 3321 544 3386 omni
566 3330 709 3408 tempore
733 3321 896 3409 religionis
919 3321 1059 3409 fideique
1087 3317 1265 3385 catholicae
1287 3328 1354 3383 tam
1375 3325 1441 3380 tur·

118 3419 248 3489 bulentis
273 3423 472 3508 temporibus
495 3426 787 3490 constantissimum
810 3422 1005 3490 advocatum
1027 3445 1067 3488 ac
1090 3422 1293 3487 defensorem
1315 3427 1437 3484 nostro·

120 3547 245 3614 rumque
269 3529 395 3613 piorum
418 3529 621 3594 consiliorum
638 3539 757 3594 etcum
779 3527 911 3615 reliquis
933 3527 1130 3615 reipublicae
1152 3525 1345 3592 christianae
1367 3544 1440 3608 par·

119 3627 194 3694 tihus
217 3643 288 3696 tum
310 3631 454 3717 inprimis
477 3633 528 3696 isti
552 3631 770 3698 nobilissimae
792 3633 913 3697 nationi
936 3633 1125 3697 salutarium
1139 3631 1319 3698 adiutorem
1333 3650 1439 3715 neque

119 3730 173 3798 ullo
194 3733 268 3800 loeo
290 3734 344 3800 vel
365 3734 479 3801 honori
501 3747 610 3801 nostro
632 3735 685 3801 vel
718 3736 804 3830 sedis
832 3735 1029 3821 apostolicae
1060 3735 1209 3822 dignitati
1231 3735 1283 3800 vel
1306 3744 1439 3801 sanctae

118 3839 218 3902 nstris
234 3837 394 3904 ecclesiae
410 3838 573 3925 obsequiis
595 3839 787 3906 defuturum.
812 3862 877 3926 qua
898 3839 1029 3926 quidem
1045 3838 1085 3904 de
1101 3849 1150 3923 te,
1174 3837 1360 3904 charissime
1382 3837 1437 3922 iili,

120 3957 169 4022 spc
183 3938 353 4028 explorata
369 3951 520 4027 certaque
541 3942 662 4007 fiducia
683 3941 830 4024 adducti,
855 3942 949 4008 simul
964 3966 1004 4008 ac
1018 3944 1051 4006 in
1065 3942 1128 4008 hoc
1143 3941 1215 4008 loco
1230 3942 1349 4007 linimus
1365 3963 1438 4008 con-

120 4040 219 4128 stituti,
233 4045 596 4130 eatibipaterniamoris
612 4046 811 4130 nostrisigna
819 4046 976 4128 dedimus,
990 4069 1072 4134 quae
1081 4046 1139 4111 abs
1154 4055 1186 4111 te
1201 4047 1234 4109 in
1248 4045 1348 4110 hteris
1360 4046 1438 4131 ipsis

119 4145 214 4211 animo
238 4157 488 4214 commemorata
508 4151 690 4235 gratissimo
713 4148 854 4214 iucunda
869 4149 927 4236 tihi
944 4149 1043 4214 fuisse
1054 4148 1243 4233 gaudemus,
1261 4155 1292 4212 et
1303 4147 1439 4234 posthac

121 4257 268 4329 quatenus
297 4250 427 4339 quidem
452 4261 583 4318 sanctae
598 4252 694 4318 huius
710 4253 796 4318 sedis
814 4251 954 4338 dignitas
975 4253 1131 4339 patietur,
1154 4253 1200 4317 ita
1220 4253 1325 4338 parati
1340 4251 1439 4317 futuri

121 4366 219 4416 sumus
236 4352 280 4417 ad
305 4375 345 4417 ea
367 4376 451 4440 quae
466 4355 509 4419 ad
524 4364 613 4420 tuam
635 4354 878 4441 amplitudinem
901 4368 934 4422 et
947 4356 1083 4444 gloriam
1098 4355 1320 4443 pertinebunt,
1345 4364 1380 4419 ut
1393 4355 1439 4419 fa-

122 4451 172 4516 cile
185 4453 407 4520 intellecturus
422 4458 466 4520 sis
489 4467 614 4522 tantum
637 4461 812 4526 accessisse
833 4459 876 4526 ad
890 4461 1060 4547 pristinum
1076 4483 1154 4546 erga
1174 4470 1207 4525 te
1222 4459 1363 4524 studium
1384 4481 1437 4522 no·

122 4565 220 4642 strum,
238 4570 392 4645 quantum
409 4560 451 4626 ad
465 4561 499 4626 id
515 4562 742 4628 declarandum
758 4564 933 4629 accesserit
946 4562 1117 4628 facultatis.
1140 4563 1342 4649 omnipotens
1359 4562 1438 4628 deus

124 4665 362 4744 acherianae
384 4665 438 4750 fili,
461 4665 654 4731 incolumem
677 4667 838 4732 custodiat
860 4676 892 4732 et
911 4667 1080 4754 imperium
1103 4665 1146 4732 ad
1162 4665 1250 4754 quod
1265 4665 1387 4732 electus
1403 4687 1438 4730 es

123 4761 160 4828 ita
173 4768 215 4834 ad
231 4792 309 4834 suae
324 4770 454 4836 divinae
470 4773 645 4837 maiestatis
661 4769 797 4858 gloriam
814 4782 846 4836 et
861 4779 992 4836 sanctae
1014 4771 1125 4836 matris
1149 4769 1306 4836 ecclesiae
1321 4769 1439 4836 utilita-

124 4873 178 4934 tem
190 4871 415 4940 administrare
430 4873 596 4959 concedat,
619 4882 656 4940 ut
676 4895 717 4940 ex
732 4871 965 4964 temporahbus
980 4873 1089 4964 regnis
1111 4872 1154 4938 ad
1177 4881 1308 4938 aeterna
1323 4894 1437 4966 perve-

124 4991 181 5042 nue
202 4979 365 5044 merearis.
