3460 5826
309 503 371 566 448

303 693 338 752 r'c
362 687 403 752 ad
427 686 665 752 commissarios
688 697 721 750 et
742 695 885 750 oratores
907 677 1035 749 nostros
1058 683 1260 748 efficeremus
1282 682 1371 768 apud
1392 679 1560 769 praelatos
1583 679 1652 744 Hi-

304 814 424 876 spanos
448 803 480 855 et
503 789 630 869 Gallos,
664 780 705 853 'ne
729 788 768 852 Su
797 791 866 854 eius
891 797 1127 874 competentem
1151 785 1277 851 titulum
1309 787 1451 873 supremi
1481 783 1653 872 pontificis

308 893 502 960 universalis
525 891 683 958 ecclesiae
707 891 908 973 subtrahant,
931 891 1087 976 adquam
1103 890 1234 977 quidem
1249 892 1436 976 petitionem
1451 888 1650 955 confirman-

310 997 385 1061 dam
408 996 494 1062 idem
517 998 654 1061 nuncius
678 994 876 1081 apostolicus
900 995 1103 1060 autoritatem
1126 993 1301 1058 multorum
1329 1003 1455 1080 patrum
1478 990 1650 1077 allegavit.

310 1099 373 1165 hoe
394 1101 548 1185 scriptum
571 1097 719 1162 volumus
743 1098 830 1184 quod
852 1099 950 1162 iidem
973 1107 1117 1162 oratores
1140 1106 1173 1160 et
1195 1099 1407 1162 commissarii
1428 1097 1532 1161 nostri
1555 1117 1650 1159 com-

307 1203 471 1266 municent
494 1224 566 1265 cum
590 1201 683 1264 dictis
706 1201 873 1286 utriusque
897 1201 1035 1264 nationis
1059 1197 1204 1264 Gallicae
1227 1208 1260 1263 et
1274 1199 1471 1285 Hispanicae
1486 1197 1650 1283 praelatis

307 1306 417 1388 eisquc
441 1303 623 1388 significent
645 1302 742 1388 quod,
766 1325 840 1366 cum
863 1301 999 1366 durante
1028 1301 1090 1366 hoe
1118 1299 1257 1367 concilio
1286 1323 1414 1386 semper
1442 1299 1648 1366 voluerimus

307 1417 450 1470 oratores
473 1415 600 1469 nostros
623 1406 656 1468 iu
679 1415 835 1491 quantum
858 1427 1011 1490 umquam
1034 1403 1104 1467 lieri
1125 1414 1237 1489 posset
1260 1405 1448 1469 coniunctos
1472 1424 1545 1467 esse
1570 1425 1648 1466 cum

307 1507 395 1592 ipsis,
418 1517 454 1571 ut
477 1509 531 1593 qui
554 1509 618 1570 sint
641 1530 661 1569 a
682 1505 810 1571 duobus
832 1505 1013 1592 potioribus
1036 1505 1203 1571 christiani
1227 1505 1314 1571 orbis
1329 1505 1461 1590 regibus
1477 1505 1520 1570 ad
1537 1507 1648 1591 ipsum

307 1606 476 1674 concilium
501 1607 655 1695 deputati,
678 1610 712 1672 in
735 1608 963 1692 promovendis
993 1609 1032 1672 iis
1061 1630 1144 1694 quac
1172 1607 1214 1671 ad
1244 1607 1492 1672 restaurandum
1514 1606 1648 1692 lapsum

307 1713 464 1776 ecclesiae
488 1721 520 1776 et
542 1710 719 1776 catholicae
742 1710 906 1795 religionis
937 1720 1055 1775 statum
1085 1713 1298 1797 pertinerent,
1325 1732 1384 1774 nos
1406 1710 1491 1775 hanc
1513 1731 1648 1797 quoque

307 1836 375 1879 rem
397 1811 540 1878 voluisse
564 1812 724 1878 cumillis
753 1813 893 1898 benigne
923 1812 1068 1877 conferre
1097 1823 1129 1878 et
1156 1810 1327 1898 diligenter
1348 1823 1475 1900 petere,
1504 1822 1541 1876 ut
1565 1814 1648 1898 ipsis

308 1916 488 1981 oratoribus
511 1925 543 1980 et
566 1916 794 1982 commissariis
824 1916 942 1979 nostris
973 1935 1055 2001 quae
1080 1937 1190 1978 eorum
1214 1916 1256 1978 sit
1284 1917 1442 1980 sententia
1468 1914 1509 1978 de
1537 1915 1648 1978 istius-

307 2018 395 2084 modi
417 2017 571 2104 petitione
600 2019 715 2082 summi
743 2017 905 2105 pontificis
931 2016 1019 2081 haud
1041 2017 1200 2102 gravatim
1230 2015 1412 2102 significare
1438 2014 1555 2096 velint,
1580 2039 1647 2102 quo

308 2121 427 2185 rectius
448 2119 615 2207 possimus·
634 2119 712 2205 quid
734 2119 828 2184 nobis
850 2119 990 2205 desuper
1012 2119 1174 2203 agendum
1197 2119 1239 2182 sit
1261 2116 1441 2183 deliberare
1469 2129 1503 2183 et
1525 2121 1646 2183 eonsti-

308 2235 408 2304 tuerc,
432 2221 694 2308 quandoquidem
716 2245 776 2307 pro
799 2243 838 2286 ea
860 2221 1069 2286 observantie
1097 2243 1163 2309 qua
1184 2219 1262 2286 8⁰²¹·
1284 2221 1325 2284 D.
1348 2221 1387 2284 N.
1417 2223 1647 2307 prosequimur

306 2339 339 2393 et
360 2349 418 2412 pro
441 2323 616 2412 imperialis
639 2326 738 2390 nostri
762 2323 860 2388 officii
882 2322 991 2389 debito
1015 2323 1102 2411 quod
1123 2323 1217 2389 nobis
1238 2333 1402 2411 tamquam
1425 2327 1644 2410 primogenito

306 2441 339 2496 et
361 2427 524 2494 obedienti
548 2425 705 2492 ccclesiae
726 2425 793 2491 lilio
817 2427 983 2510 incumbit,
1006 2449 1072 2492 nou
1093 2426 1251 2492 vellemus
1275 2425 1340 2492 8²¹³
1364 2428 1434 2492 cius
1463 2429 1496 2492 in
1525 2429 1644 2492 autori·

306 2543 373 2597 tate
396 2543 428 2597 et
450 2539 608 2618 potestate
630 2530 694 2616 ipsi
717 2529 757 2594 de
780 2531 848 2594 iure
870 2529 981 2594 debita
1002 2540 1035 2594 et
1053 2524 1247 2616 competenti
1259 2529 1381 2595 turbari
1403 2529 1555 2614 impediri
1587 2553 1644 2595 sau

307 2635 481 2710 molestari,
507 2633 668 2719 adquam
698 2631 822 2698 scilicet
849 2633 1087 2698 defendendam
1115 2643 1148 2696 et
1174 2633 1446 2698 manutenendam
1474 2643 1642 2718 tamquam

306 2759 476 2823 supremus
499 2736 548 2801 Se.
571 2736 605 2801 S.
629 2746 661 2801 ot
683 2735 716 2800 S.
741 2735 827 2800 sedis
855 2736 1055 2822 apostolicae
1078 2735 1257 2801 advocatus
1280 2746 1427 2800 tenemur
1454 2745 1487 2800 et
1509 2735 1641 2822 obligati

307 2861 428 2904 sumus.
452 2862 470 2901 e
493 2839 621 2904 diverso
644 2849 753 2903 tamen
775 2838 934 2903 nollemus
957 2841 1054 2903 etiam
1082 2837 1146 2903 8²⁶³
1171 2841 1239 2905 eius
1262 2837 1357 2903 talem
1381 2848 1413 2903 et
1435 2848 1558 2904 tantam
1583 2838 1640 2903 sibi

307 2944 513 3006 autoritatem
537 2951 570 3005 ct
591 2951 783 3027 potestatem
804 2942 990 3024 vendicare,
1015 2963 1191 3028 perquam
1222 2963 1314 3006 sacro
1344 2941 1479 3007 concilio
1507 2944 1640 3025 antiqua

309 3054 341 3108 et
371 3043 482 3108 debita
509 3044 665 3109 autoritas
693 3051 790 3129 atque
819 3042 951 3107 libertas
979 3043 1175 3109 adimeretur
1206 3042 1260 3108 rel
1288 3043 1516 3130 infringeretur
1544 3054 1639 3131 atque

308 3145 480 3228 labefieret,
505 3145 562 3209 sed
585 3145 672 3231 quod
688 3167 878 3231 cuperemus
894 3143 1058 3210 intellecta
1072 3146 1217 3232 ipsorum
1232 3148 1390 3211 sententia
1405 3167 1538 3231 operam
1554 3146 1637 3222 dare,

306 3259 431 3313 uttam
454 3247 629 3312 inhaere
653 3267 750 3333 quam
773 3249 805 3311 iu
829 3245 901 3311 aliis
924 3247 1027 3333 possit
1050 3250 1235 3313 conservari
1258 3259 1290 3312 et
1311 3248 1439 3312 retineri
1468 3247 1637 3313 hincinde

309 3361 374 3416 tam
397 3351 481 3416 inter
514 3371 673 3414 summum
696 3349 881 3436 pontificem
911 3359 943 3415 et
971 3350 1142 3415 concilium
1165 3373 1262 3438 quam
1285 3361 1395 3436 patres
1418 3353 1638 3453 ipsos'mutua

308 3452 482 3518 concordia
504 3462 536 3517 et
558 3463 674 3534 unitos,
698 3474 762 3540 quo
784 3455 903 3517 rectius
925 3452 1117 3541 pleniusque
1138 3454 1274 3538 negocia
1288 3451 1416 3519 concilii
1430 3453 1472 3518 ad
1487 3453 1639 3518 honorem

309 3557 362 3620 dei
383 3578 423 3619 ac
445 3554 612 3620 utilitatem
638 3554 880 3620 christianitatis
902 3559 1034 3620 tractari
1063 3567 1095 3622 et
1117 3555 1232 3621 confici
1255 3565 1383 3643 queant.
1413 3577 1514 3642 quare
1539 3565 1637 3621 orato·

307 3658 398 3724 ribus
421 3667 454 3722 et
475 3658 704 3722 commissariie
726 3658 844 3722 nostris
867 3661 955 3723 omni
983 3657 1090 3724 studio
1118 3659 1178 3724 erit
1200 3657 1386 3723 enitendum
1414 3668 1446 3722 et
1475 3657 1637 3723 elaboran-

308 3760 384 3826 dum
408 3770 444 3824 ut
466 3759 625 3825 dictorum
648 3759 866 3846 praelatorum
889 3759 1058 3825 Gallorum
1088 3771 1121 3826 et
1142 3761 1363 3846 Hispanorum
1392 3763 1585 3825 sententiam
1610 3763 1638 3824 in

309 3865 445 3948 negocio
475 3863 694 3949 suprascripto
724 3866 897 3950 exquirant
924 3873 957 3928 et
983 3862 1024 3929 de
1052 3887 1092 3929 ea
1120 3884 1178 3928 uos
1208 3865 1312 3948 primo
1341 3885 1472 3949 quoque
1499 3874 1638 3950 tempore

309 3966 462 4030 certiores
484 3963 640 4030 reddant.
655 4013 662 4027 .
677 4013 684 4028 .

409 4067 617 4153 Postscripta.
640 4067 707 4133 Ru·
734 4069 907 4154 episcopus
929 4067 1288 4154 Quinqueecclesiensis
1310 4075 1482 4154 postquam
1506 4068 1634 4134 Triden-

307 4180 375 4235 tum
397 4172 590 4256 pervenerit,
616 4169 758 4235 conferet
779 4193 815 4235 sc
838 4170 926 4237 solue
949 4171 992 4236 ad
1013 4171 1094 4236 ΒΜ
1116 4172 1149 4235 in
1166 4170 1292 4236 Christo
1310 4181 1441 4256 patrem
1463 4169 1506 4235 D.
1523 4169 1560 4236 O.
1576 4171 1633 4235 Lo-

306 4271 475 4357 tharingae
497 4295 536 4338 ac
558 4272 598 4336 Ρ*Ι
621 4274 690 4338 eius
713 4273 786 4338 ΒΝ·
801 4273 935 4339 redditis
958 4274 1058 4338 literis
1080 4275 1197 4338 nostris
1220 4271 1474 4338 credentialibus
1502 4271 1632 4338 salutem
1721 4287 1722 4300 ¹

307 4373 393 4439 dicet
414 4375 674 4464 singularemque
696 4386 839 4442 nostram
861 4373 1119 4443 benevolentiam
1143 4375 1331 4441 declarabit.
1370 4397 1410 4439 ac
1433 4375 1634 4462 postmodum

307 4475 349 4539 P*
371 4479 440 4542 eius
462 4477 535 4542 ΒΜ·
558 4479 706 4544 ostendet
727 4501 786 4546 nos
809 4501 829 4544 a
851 4479 903 4544 pa
925 4501 1003 4544 suae
1025 4481 1098 4544 ΒΜ·
1120 4477 1266 4544 discemu
1287 4499 1385 4563 super
1406 4478 1446 4542 iis
1468 4499 1554 4565 quas
1576 4487 1635 4542 tum

307 4578 364 4641 P‘⁸'
388 4580 457 4642 ciue
479 4579 609 4666 R¹²²¹pro
633 4603 691 4646 suo
714 4580 972 4667 praeclarissimo
995 4580 1170 4646 adiurandi
1193 4578 1364 4644 ecclesiam
1394 4589 1427 4644 et
1453 4579 1636 4665 religionem

308 4681 428 4763 studio,
452 4691 519 4746 tum
541 4682 596 4746 alii
623 4683 718 4748 uobis
746 4685 981 4769 suggesserint,
1009 4682 1287 4769 diligentissimam
1317 4683 1496 4745 instituisse
1525 4681 1633 4748 delibe

308 4785 464 4850 rationem
486 4783 526 4850 de
549 4785 672 4850 idoneis
695 4795 727 4850 et
742 4787 933 4872 opportunis
947 4785 1126 4852 rationibus
1141 4784 1301 4866 ineundis,
1330 4782 1448 4870 quibus
1463 4783 1634 4870 legitimum

308 4907 516 4972 progressum
540 4896 573 4950 et
594 4886 777 4953 libertatem
801 4887 928 4954 concilii
950 4911 990 4954 ac
1011 4890 1183 4974 negocium
1205 4887 1443 4953 reformationis
1474 4907 1632 4974 promove

307 5011 424 5074 remus,
448 5012 488 5056 ac
509 5012 544 5056 re
565 4999 692 5058 matius
716 4991 922 5062 considerata
943 4993 1053 5058 risum
1073 4991 1174 5058 fuisse
1197 5011 1317 5084 operas
1339 4991 1524 5080 praecium.
1544 4999 1581 5057 ut
1598 4986 1632 5053 ad
