3440 5816
125 753 230 792 summe
246 739 386 808 diligentis
403 745 431 794 st
447 754 519 794 cors.
538 755 572 794 es
589 755 654 793 sane
666 742 737 794 ιὶιιιι
753 741 781 792 iu
798 741 883 792 tnbm
901 739 1050 790 ιοιιιίιιιιιιι
1067 736 1192 790 membris
1208 753 1257 791 seu
1273 739 1386 805 punctis,

124 827 163 878 its
181 842 230 880 uos
247 844 352 896 quoque
371 827 465 880 eodem
482 833 587 880 ιοιιιιο
605 828 697 880 ordine
712 829 741 879 iu
756 827 941 894 praesentibus
959 823 996 876 pu
1013 824 1046 876 V.
1064 825 1132 876 pm
1150 825 1186 876 sd
1203 825 1308 892 singule
1325 840 1384 874 suc·

127 913 217 964 ciucte
235 919 263 965 et
280 913 410 967 benevole
428 913 551 966 duximus
568 913 788 982 respondendum.

193 999 350 1066 Priusquam
374 1006 463 1053 eutem
480 999 587 1052 scirem
605 1001 689 1065 ipsum
706 1001 858 1063 veniamus,
880 998 970 1050 iecere
987 1013 1041 1050 nou
1058 1013 1197 1064 possumus
1215 998 1279 1064 quin
1295 995 1334 1048 Ρῑι
1353 995 1385 1046 V.

124 1086 195 1137 ΒΝ·
214 1087 308 1137 iterum
325 1092 407 1154 etque
419 1088 513 1138 iterum
525 1085 684 1138 affirmemus
697 1085 883 1138 omnisillsin
901 1087 1026 1151 optimam
1044 1099 1061 1134 s
1078 1085 1155 1134 nobis
1172 1087 1273 1149 pertern
1291 1083 1387 1147 accipi,

125 1177 153 1222 st
176 1173 250 1238 quod
266 1187 315 1239 pro
337 1173 423 1224 reteri
440 1177 531 1224 noema
551 1173 580 1222 in
596 1172 659 1222 i>um
681 1171 714 1224 V.
733 1170 808 1222 Bm
825 1170 1012 1222 benevolentis
1030 1185 1090 1220 cum
1108 1169 1181 1220 nullo
1200 1169 1334 1220 hominum
1353 1168 1386 1218 de

124 1258 206 1309 rebus
223 1259 291 1309 tanti
307 1260 434 1310 momenti
451 1258 586 1310 lubentius
603 1257 791 1310 contulerimus
812 1263 838 1308 et
855 1256 967 1323 posthac
986 1255 1107 1308 eollstnrl
1125 1257 1214 1318 simus,
1227 1269 1305 1322 quum
1324 1269 1384 1305 cum

122 1343 168 1394 Pi·
191 1343 224 1400 V.
242 1344 314 1410 ltu,
337 1345 376 1396 ita
392 1350 423 1396 ut
438 1341 477 1396 ps
493 1344 524 1398 V.
542 1343 611 1396 Β*
635 1359 740 1409 sempor
755 1343 871 1394 futurum
894 1345 928 1394 sit
950 1343 1063 1394 liberum
1081 1355 1255 1408 qusecunque
1273 1341 1323 1406 ipsi
1341 1355 1384 1390 ue·

125 1431 243 1483 mauris
259 1436 309 1482 sut
324 1431 401 1482 utilis
418 1430 475 1483 iore
491 1429 652 1482 ridebuntur
668 1431 806 1482 nobiseum
826 1430 1030 1480 communicare.

194 1533 274 1596 Quod
289 1535 370 1602 igitur
389 1535 507 1601 inprimis
525 1535 619 1586 sttinet
636 1533 671 1584 sd
688 1535 824 1584 materiem
843 1533 1042 1600 deputationum
1061 1547 1093 1583 ex
1110 1532 1261 1583 ustionibus
1278 1531 1305 1580 in
1325 1547 1386 1582 cou-

120 1619 184 1672 eilio
207 1620 405 1685 ssciendsrum,
426 1635 566 1688 possumus
583 1619 747 1671 sanctissime
766 1617 909 1683 sitirmsre,
933 1625 1107 1686 posteaquem
1124 1617 1179 1668 1³²·
1197 1617 1230 1672 V.
1249 1617 1305 1668 Re·
1329 1619 1387 1668 viss

121 1706 173 1758 tuit
196 1706 391 1772 quodammodo
411 1705 550 1758 consilium
573 1706 683 1759 anobis
707 1711 812 1771 petere,
839 1720 891 1771 qno
909 1709 988 1770 pecto
1013 1701 1132 1756 nonnihil
1150 1705 1256 1754 brevius
1278 1703 1384 1770 expedi·

121 1793 229 1860 dunque
251 1809 294 1844 res
318 1793 424 1844 ccucssii
443 1791 568 1845 concludi
595 1797 622 1844 et
639 1791 742 1844 absolvi
760 1797 881 1858 possent,
908 1807 957 1843 nos
976 1805 1008 1841 ex
1025 1789 1123 1842 nudius
1142 1791 1251 1842 ulterius
1274 1789 1388 1843 hominis

120 1879 259 1944 instinctu,
271 1879 494 1946 quemadmodum
511 1879 629 1932 fortassis
647 1880 701 1930 1²¹⁸·
720 1879 753 1930 V.
770 1879 828 1929 Res
846 1880 1002 1944 suspicatur,
1014 1877 1061 1928 sed
1074 1877 1169 1944 purtim
1180 1878 1286 1943 propris
1297 1880 1387 1928 nostm

120 1966 299 2032 cogitatione,
321 1967 416 2032 partim
433 1981 498 2018 vero
515 1965 632 2017 fidelium
650 1971 798 2017 nostrorum
817 1963 1025 2016 consiiisriorum
1047 1965 1092 2030 qui
1111 1963 1155 2014 tric
1173 1962 1244 2029 epud
1261 1977 1310 2014 nos
1327 1967 1389 2012 sunt

119 2053 293 2118 manum
310 2053 433 2104 inductos
450 2053 520 2106 beno
532 2053 732 2120 deputetionum
744 2053 815 2102 mem
833 2048 872 2102 pe
890 2051 923 2104 V.
941 2051 1009 2101 Bm·
1017 2052 1192 2116 proposuisse,
1211 2063 1229 2100 s
1245 2063 1300 2116 qus
1317 2048 1388 2100 hund

121 2137 203 2188 iscile
222 2153 272 2190 uos
288 2141 375 2206 potuit
386 2139 522 2191 dimovere
535 2138 678 2190 difficulter
695 2140 747 2189 ists
759 2153 827 2204 quse
838 2137 943 2188 videbor
955 2137 1055 2187 verseri
1072 2138 1100 2187 in
1118 2152 1150 2187 eo
1168 2134 1241 2202 quod
1257 2149 1385 2202 pomum

119 2222 235 2274 alierum
251 2227 385 2276 satiem
398 2229 474 2276 extre
484 2224 604 2276 Italicum
621 2239 726 2290 peuces
737 2239 808 2274 nunc
819 2224 910 2274 sintin
928 2223 981 2274 hoo
993 2237 1069 2274 sscro
1083 2222 1207 2288 concilio,
1222 2223 1287 2288 quin
1299 2223 1386 2287 potius

121 2308 189 2360 iilud
217 2323 249 2361 eo
268 2312 352 2378 megis
375 2311 453 2362 nobis
475 2311 654 2376 persusdebst
671 2310 740 2361 bunc
766 2312 837 2361 viem
861 2323 920 2360 esso
936 2309 1156 2377 smpleoteudam.
1173 2325 1223 2361 uos
1248 2309 1318 2360 euim
1340 2323 1388 2373 pro

121 2399 215 2446 metes
241 2410 355 2462 persona
371 2396 437 2448 nihil
455 2396 499 2448 iric
516 2399 680 2463 quaerimus,
706 2395 919 2462 quondoquidem
937 2397 1016 2447 nobis
1033 2410 1081 2462 per
1097 2395 1293 2462 queliscunqus
1310 2395 1388 2444 huius

119 2483 192 2532 esuri
210 2481 317 2532 concilii
334 2481 442 2534 demere
458 2485 618 2549 poeniteres
635 2481 809 2535 minctum
826 2497 913 2548 neque
930 2487 1049 2532 struens
1066 2487 1157 2532 ιιοιιιι
1175 2481 1225 2532 iuit
1240 2495 1328 2548 usqne
1348 2485 1388 2530 est

121 2568 196 2633 quod
219 2583 289 2620 unus
310 2573 358 2619 sut
382 2568 435 2620 duo
457 2573 560 2620 tentum
581 2568 694 2636 Angites
712 2575 759 2620 aut
775 2568 921 2618 Hibernise
947 2567 1065 2634 episcopi
1088 2567 1199 2619 modern
1221 2563 1337 2618 hebeunt
1360 2567 1387 2617 in

122 2654 240 2706 concilio
258 2656 427 2706 autoritatem
445 2670 525 2722 quem
536 2653 645 2722 trigints
662 2655 775 2720 Hispsni
792 2659 840 2704 sut
850 2654 922 2706 (lulli
940 2661 999 2716 stc,
1018 2654 1065 2705 sed
1082 2655 1121 2706 ita
1138 2669 1193 2706 rem
1210 2653 1388 2706 intelleximus

125 2745 155 2790 ut
177 2741 307 2807 quicquid
330 2756 378 2809 per
396 2741 559 2793 siusceumdi
582 2741 768 2808 depulsuouss
785 2739 871 2803 fieret,
895 2739 1066 2792 nibilominus
1087 2746 1184 2807 postea
1205 2740 1241 2791 ad
1258 2741 1387 2808 integrum

123 2827 243 2877 omnium
260 2833 363 2893 potrum
380 2829 408 2878 iu
426 2827 541 2878 concilio
559 2827 726 2878 existemium
745 2827 975 2892 congregationem
993 2825 1135 2876 referretur
1151 2831 1179 2876 et
1189 2826 1261 2890 opud
1279 2826 1386 2876 eosdem

124 2919 216 2977 patras
233 2917 381 2964 remaneret
391 2916 449 2979 ipss
462 2911 638 2964 concludendi
656 2912 776 2963 incultas.
796 2927 849 2978 qus
861 2911 966 2978 quidem
977 2913 1005 2962 in
1023 2912 1096 2962 reid
1114 2911 1198 2963 solum
1226 2913 1388 2977 respicimus,

123 3005 154 3048 ut
171 3004 296 3050 caeteros
308 3000 429 3051 ustiones
447 2998 575 3066 quicquid
592 3001 620 3050 in
637 2999 689 3050 hoc
702 2999 817 3050 concilio
840 2998 974 3050 decretum
994 2999 1081 3063 tuerit,
1092 3001 1166 3050 tanto
1184 2999 1316 3050 lubentius
1333 3013 1388 3050 sm-

122 3083 285 3150 piectsutur,
303 3086 326 3136 si
349 3085 458 3136 videam
480 3099 616 3134 essenon
639 3099 697 3136 esse
721 3085 858 3152 neglectos
884 3085 959 3150 eique
982 3083 1034 3134 illis
1058 3086 1186 3135 eximetur
1203 3083 1249 3136 ills
1272 3086 1386 3152 suspicio

123 3171 198 3236 quod
219 3171 405 3232 Italicsustio
426 3177 534 3236 propter
551 3169 744 3221 multitudinem
763 3171 945 3236 episcoporum
962 3171 1077 3238 reliques
1096 3182 1186 3222 omues
1203 3171 1386 3238 suffragiorum

124 3273 236 3308 numero
254 3259 363 3307 vincere
381 3261 499 3319 conetur,
512 3271 572 3306 cum
589 3260 679 3307 temen
693 3256 760 3306 elise
777 3256 895 3322 reliques
906 3258 1028 3308 ustiones
1046 3260 1140 3308 merito
1159 3259 1308 3308 existimare
1326 3273 1387 3324 pos·

123 3345 191 3408 sint,
214 3344 387 3394 necessitates
405 3348 432 3394 et
449 3343 560 3394 vulnera
576 3357 626 3394 sus
642 3343 702 3393 eliis
720 3345 816 3394 exteris
839 3359 892 3395 uon
908 3343 1018 3412 perinde
1037 3359 1070 3396 sc
1087 3345 1139 3395 sibi
1156 3345 1220 3410 ipsis
1238 3358 1297 3394 esee
1314 3349 1387 3396 note.

124 3433 253 3481 iacturum
272 3430 397 3497 temporis
415 3443 484 3496 quse
495 3430 524 3478 in
536 3442 569 3480 es
585 3427 682 3479 rederi
698 3435 797 3496 posset,
810 3445 859 3480 nos
876 3445 929 3480 nou
946 3431 1010 3480 sude
1027 3429 1205 3498 intelligimus,
1217 3432 1279 3496 quie
1297 3437 1388 3496 posset

123 3531 228 3582 semper
239 3516 341 3581 pertitio
359 3530 497 3581 operarum
514 3517 583 3565 inter
595 3514 734 3580 deputetos
752 3517 920 3582 superveriie
938 3517 1054 3567 meteriis
1072 3532 1104 3567 ex
1122 3531 1175 3566 unu
1193 3523 1220 3566 et
1237 3516 1388 3568 uuiversum

122 3610 229 3668 petrum
246 3601 441 3653 multitudinem
460 3617 492 3652 ex
510 3601 594 3652 nitere
612 3601 732 3668 partibus
749 3602 788 3652 its
805 3601 876 3667 lieri,
901 3605 932 3654 ui
948 3615 982 3652 ne
1000 3603 1080 3654 unice
1096 3603 1204 3669 quidem
1222 3603 1288 3655 bora
1305 3602 1388 3670 negli-

123 3694 240 3754 geretur.
260 3693 288 3739 et
298 3687 422 3753 quonism
440 3686 608 3739 haecomnia
624 3693 655 3738 ιι
667 3687 767 3738 dictum
785 3693 825 3738 est
836 3690 940 3740 sincere
954 3704 987 3740 sc
1000 3689 1142 3740 owdides
1158 3690 1236 3741 nobis
1253 3705 1301 3756 per
1317 3691 1387 3742 mern

124 3775 324 3828 deliberationis
342 3779 444 3826 tentum
460 3773 565 3840 prolata
582 3778 651 3836 snut,
668 3789 717 3826 nos
735 3775 851 3840 quidem,
862 3781 892 3826 nt
909 3781 989 3828 antea
1006 3788 1110 3842 quoque
1129 3776 1271 3828 οοιιιοιιιιὶ
1289 3791 1387 3840 sumus,

124 3863 225 3913 nemini
250 3861 337 3928 legem
363 3860 512 3927 impositum
539 3875 597 3910 esse
615 3860 750 3924 volumus,
778 3860 825 3911 sed
849 3861 975 3928 quicquid
997 3863 1024 3912 in
1048 3877 1081 3914 ea
1104 3879 1133 3914 re
1158 3865 1287 3928 optimum
1315 3863 1388 3916 iectu

124 3949 212 3999 visum
229 3947 321 4011 fuerit,
340 3948 366 3997 ei
381 3962 432 3998 nos
450 3961 483 3998 ex
500 3951 575 4014 parts
593 3952 682 3998 uostm
699 3947 820 3999 lubenter
837 3949 1078 4000 accomodsbimns.

193 4031 300 4085 Deinde
318 4033 389 4100 quod
408 4035 503 4084 attinet
514 4032 549 4084 sd
560 4033 608 4085 ills
624 4034 706 4084 verba
723 4037 931 4101 proponentibus
949 4036 1043 4102 legetis
1061 4041 1121 4099 etc,
1135 4038 1254 4103 quemvis
1272 4036 1386 4088 antehac

125 4122 303 4172 iuststerimus
313 4125 344 4171 ut
359 4119 474 4171 verbalis
491 4133 570 4187 snper
581 4121 673 4171 iisdem
692 4121 836 4173 declsrstio
855 4122 944 4189 ulique
954 4121 1036 4186 fleret,
1049 4125 1113 4189 quis
1123 4127 1211 4175 tameo
1223 4139 1293 4174 nuuc
1310 4123 1388 4176 intei-

127 4205 240 4260 leximus
262 4206 311 4260 pur
329 4208 361 4260 V.
379 4208 447 4260 sn·-
472 4207 691 4271 dsclsrstiouem,
714 4209 787 4274 quod
809 4209 912 4261 scilicet
930 4209 1064 4262 decretum
1087 4225 1167 4277 super
1184 4211 1234 4262 beu
1253 4227 1281 4262 rs
1302 4212 1388 4279 publi·

128 4299 218 4344 cetum
236 4295 357 4360 quemvis
374 4291 528 4346 fucultatem
539 4295 704 4362 proponendi
715 4295 810 4364 legetis
822 4296 962 4362 concedet,
973 4311 1025 4348 non
1043 4302 1133 4348 nmen
1150 4298 1298 4350 ontoubue
1315 4299 1388 4350 illem

127 4381 228 4432 sdimst
250 4386 300 4432 etc.
325 4381 498 4448 cupimusque
515 4386 546 4432 ut
568 4382 619 4432 heo
636 4397 741 4448 quoque
759 4385 787 4433 iu
809 4391 884 4448 parte
907 4382 945 4435 pc
966 4384 997 4434 V.
1015 4385 1081 4434 Res·
1105 4391 1240 4436 constaret
1257 4387 1328 4452 quod
1353 4389 1387 4439 sb

128 4467 263 4533 nequitus
280 4481 410 4533 nusquam
428 4469 576 4534 cogitemus
594 4468 728 4533 recedere,
746 4483 825 4535 quem
842 4472 942 4538 ubique
959 4473 1121 4538 respicimus,
1139 4473 1217 4524 nobis
1233 4489 1297 4524 seue
1315 4473 1387 4525 sulfi-

130 4554 188 4616 oiet,
206 4553 279 4620 quod
296 4555 426 4620 integrum
444 4559 471 4606 ct
487 4555 590 4606 salvum
607 4556 684 4610 uobis
702 4569 880 4621 reservemus,
897 4573 977 4624 super
992 4560 1025 4608 iis
1042 4573 1112 4625 quse
1129 4575 1276 4626 proponere
1294 4560 1387 4612 vulue-

129 4640 209 4690 rimus
231 4640 305 4690 ΒΜ
327 4640 390 4691 th
409 4641 441 4692 V.
459 4655 513 4692 uus
536 4657 596 4692 cum
615 4641 732 4692 eusdem
756 4642 817 4692 ΗΝ·
837 4643 946 4711 collegis
964 4645 1100 4698 consulere
1118 4653 1252 4700 eteorum
1275 4647 1388 4700 consilio

131 4727 220 4780 hebito
244 4725 291 4780 ilis
312 4744 381 4796 quse
404 4731 482 4782 nobis
503 4745 551 4796 pro
576 4733 776 4784 conservatione
798 4733 947 4784 catholicae
970 4734 1103 4801 religionis
1125 4737 1153 4785 iu
1179 4750 1255 4788 esoro
1278 4737 1387 4802 imperio

130 4817 269 4882 regnisque
288 4820 315 4865 et
331 4817 475 4880 provinciis
496 4819 593 4868 uostris
612 4816 778 4870 hereditariis
794 4821 945 4871 secesseris
962 4819 1130 4884 videbuntur,
1147 4822 1191 4873 vel
1207 4837 1255 4890 per
1273 4823 1387 4874 medium

134 4899 163 4952 R.
180 4901 267 4952 ΡΜωιι
284 4902 317 4954 V.
336 4902 387 4966 vei,
405 4905 428 4952 si
444 4903 519 4968 ipsse
535 4904 563 4954 in
580 4904 632 4956 hoo
653 4912 832 4971 gmssreutur,
850 4909 878 4957 iu
900 4923 953 4973 quc
970 4913 1058 4958 tamen
1082 4909 1182 4960 nullum
1203 4912 1307 4978 penitus
1325 4925 1385 4960 con·

130 4989 282 5040 troversism
300 4990 369 5040 iuter
386 5005 436 5041 uos
453 4995 481 5041 et
497 4991 568 5056 ipses
585 4991 699 5044 futuram
718 4991 890 5058 confidimus,
912 5009 958 5061 per
974 5011 1024 5046 uos
1041 4997 1113 5062 ipsos
1130 4998 1173 5049 rel
1191 5014 1237 5064 per
1254 4999 1386 5052 missistros
