3498 5830
687 781 843 865 LXXI.

342 1000 421 1075 Der
448 1000 580 1076 Κείσου·
605 1022 651 1076 sn
680 987 813 1076 scinco
842 999 985 1106 Qrstor
1012 1003 1047 1076 in
1078 1002 1189 1092 Rom3

512 1156 619 1220 Wien,
640 1159 676 1206 14
694 1155 884 1210 November
903 1157 991 1206 1560.

604 1337 678 1392 Arcu
699 1335 736 1393 B.
784 1337 922 1410 Odgiucl.

411 1515 640 1582 Ferdinendus
662 1527 723 1582 etc.

220 1619 399 1704 Magnifice
421 1618 527 1684 fidelis
541 1619 637 1684 nobis
660 1617 836 1686 dilecte...
859 1616 977 1684 deinde
999 1616 1059 1684 tibi
1082 1616 1256 1683 clementer
1279 1618 1431 1683 duximus

88 1721 350 1807 significandum
373 1745 438 1788 non
460 1723 608 1790 obscuris
630 1723 673 1788 ed
688 1745 748 1788 nos
763 1720 954 1789 authoribus
969 1722 1107 1788 relatum
1122 1743 1203 1803 esse,
1228 1720 1316 1808 quod
1337 1720 1432 1786 isthic

87 1825 217 1892 Romae
244 1827 330 1892 lema
351 1827 594 1894 circumferatur
616 1825 657 1892 de
671 1829 815 1892 victoriis
831 1847 912 1913 quas
928 1824 1082 1892 Moschus
1098 1835 1210 1890 contre
1225 1823 1430 1889 Luthersnos

86 1928 278 1996 cbh'nuisse
300 1931 435 2014 dicetur,
459 1940 491 1996 st
513 1930 601 2018 quod
621 1953 686 1997 non
702 1930 808 1996 desint
823 1932 878 2020 qui
894 1929 1056 1994 affirment
1070 1951 1230 1994 summum
1245 1927 1430 2014 pontificem

87 2035 272 2098 missurum
291 2034 337 2104 illi
359 2033 469 2100 titulos
489 2036 598 2121 regios
620 2033 773 2121 illumque
794 2043 965 2098 venturum
988 2033 1031 2097 ad
1054 2030 1269 2097 obedientiam
1293 2029 1325 2096 S.
1344 2031 1430 2096 sedis
1488 2077 1494 2088 .

87 2137 307 2221 spostolicae,
330 2136 447 2225 quibus
470 2137 652 2204 rumoribus
676 2139 823 2224 cognitis,
857 2158 931 2202 cum
952 2135 1047 2202 facile
1070 2133 1320 2220 intelligeremus
1342 2134 1431 2222 quod

87 2262 153 2304 non
188 2242 368 2306 cariturum
398 2251 483 2306 esset
509 2240 653 2329 periculo
680 2238 864 2306 huiusmodi
893 2239 1059 2305 consilium
1091 2237 1144 2302 Sl·
1172 2237 1216 2322 S„
1248 2237 1429 2303 consultum

86 2341 157 2407 iore
183 2341 341 2408 duximus
362 2356 399 2409 ut
420 2341 477 2409 8²¹⁸
501 2346 569 2410 sius
592 2342 632 2409 de
654 2342 717 2409 hac
736 2365 773 2408 re
795 2366 854 2430 per
875 2365 934 2410 nos
956 2351 1142 2408 reverenter
1164 2350 1196 2405 et
1218 2341 1360 2407 officiose
1374 2339 1429 2405 sd·

90 2457 280 2513 moneatur.

201 2549 236 2615 si
259 2561 343 2616 certo
367 2560 529 2617 constaret
551 2560 773 2638 prepotentem
795 2549 884 2616 illum
905 2551 1082 2637 principem
1099 2573 1134 2615 re
1148 2571 1227 2614 vera
1242 2547 1428 2615 desiderare

89 2664 125 2718 ut
146 2652 330 2739 recipiatur
350 2655 382 2718 in
405 2655 562 2740 gremium
585 2663 618 2720 ct
640 2653 858 2719 obedientiam
880 2653 913 2719 S.
930 2655 1042 2718 metris
1064 2641 1246 2719 nostrsc'R.
1271 2651 1427 2718 ecclesius

94 2767 125 2820 ct
147 2759 299 2843 cooptari
320 2759 353 2822 in
381 2779 550 2822 numerum
573 2767 605 2822 ct
627 2767 753 2822 coetum
782 2779 896 2844 regum
922 2768 955 2822 ct
975 2757 1158 2844 principum
1181 2755 1427 2820 christianorum

93 2871 124 2923 et
147 2859 391 2944 catholicorum,
415 2860 504 2926 haud
533 2859 630 2926 dubie
659 2862 755 2926 etiam
784 2883 857 2925 cum
886 2859 947 2924 illis
976 2869 1009 2924 et
1037 2861 1178 2926 maxime
1201 2881 1282 2947 quos
1305 2855 1428 2924 vicinos

94 2962 198 3030 habet
218 2974 364 3029 amenter
385 2963 520 3050 pacifice
542 2973 575 3029 et
590 2966 697 3051 quiete
711 2965 847 3046 viveret,
870 2965 1010 3029 maxime
1025 2986 1100 3028 cum
1113 2986 1179 3028 non
1194 2965 1236 3028 sit
1249 2963 1427 3046 lacessitus,
1456 3023 1459 3029 .

95 3069 200 3133 etsie
227 3069 338 3154 utique
367 3069 454 3133 omni
475 3067 675 3134 humanitate
697 3067 810 3132 favore
837 3075 869 3132 et
896 3066 1054 3132 honorum
1084 3069 1281 3132 ornamentis
1308 3064 1425 3152 dignus

95 3171 188 3236 iuret
234 3169 290 3236 sed
313 3169 486 3236 crudelitas
510 3193 576 3257 qua
597 3191 675 3235 usus
708 3191 780 3236 csse
810 3169 927 3236 dicitur
958 3172 991 3235 in
1019 3169 1180 3257 capienda
1207 3181 1240 3235 et
1267 3169 1427 3234 vertenda

97 3273 244 3356 Livonis,
274 3276 357 3339 sacri
390 3275 516 3360 imperii
537 3275 706 3360 provincia
729 3282 762 3338 et
783 3273 928 3340 membro
951 3272 1158 3358 amplissimo,
1193 3274 1314 3338 indicet
1336 3273 1426 3338 illum

96 3375 192 3462 longe
216 3376 288 3460 elio,
312 3376 436 3442 scilicet
448 3378 674 3464 inimicissimo
684 3397 763 3462 erga
777 3399 871 3462 reges
887 3385 919 3442 st
932 3377 1094 3462 principes
1111 3375 1301 3442 christianos
1319 3379 1426 3443 animo

97 3479 280 3566 praeditum
296 3501 369 3546 csse
391 3480 546 3568 illumque
566 3480 629 3546 hoc
651 3479 769 3546 bellum
787 3479 874 3567 quod
888 3481 973 3566 gerit
988 3501 1062 3544 cum
1082 3481 1237 3566 magistro
1261 3489 1293 3544 ct
1315 3479 1427 3546 ordine

96 3582 227 3648 militiae
247 3581 468 3648 Thcutonicee
490 3585 524 3647 in
544 3583 684 3648 Livonis
706 3585 887 3670 suscepisse
909 3582 1083 3669 impulsum
1105 3583 1280 3649 ambitione
1303 3581 1335 3648 et'
1355 3607 1427 3671 per·

97 3688 213 3752 nitioso
229 3685 414 3752 dilamdue
430 3686 656 3752 dominationis
679 3698 711 3753 et
732 3687 913 3773 tyrannidis
929 3709 1007 3755 suae
1030 3682 1146 3770 studio,
1169 3708 1235 3752 non
1256 3697 1429 3774 propterca

99 3791 184 3876 quod
205 3785 349 3876 Livoues
372 3789 444 3856 illos
466 3791 507 3856 ob
530 3800 686 3856 mutatum
708 3790 895 3877 religionem
912 3790 986 3856 odio
1000 3789 1131 3873 habeat,
1155 3790 1250 3855 sicuti
1264 3790 1427 3856 nonnullis

99 3892 219 3958 Romae
246 3915 436 3980 persuasum
466 3915 537 3959 esse
559 3893 696 3959 videtur.
741 3893 774 3958 id
796 3915 935 3981 nemque
957 3893 1010 3959 vel
1044 3892 1121 3959 inde
1150 3892 1311 3978 colligitur
1339 3893 1427 3981 quod

100 4019 159 4061 nec
176 3995 408 4063 honestissimis
423 3996 606 4084 quibusque
618 3996 856 4063 conditionibus
874 3997 919 4061 illi
931 4019 951 4060 s
961 3997 1141 4063 Livonibus
1154 3996 1268 4062 deletis
1281 3999 1425 4083 acquies-

101 4121 171 4164 cere
192 4121 298 4188 neque
319 4109 449 4165 nostrae
471 4101 688 4187 requisitionis
709 4100 808 4166 ullam
830 4102 987 4166 rationem
1009 4100 1130 4166 habers
1145 4098 1293 4184 voluerit,
1317 4123 1357 4165 sc
1379 4103 1424 4164 in·

100 4225 194 4288 super
221 4202 396 4270 catholicos
429 4202 564 4290 perinde
592 4225 632 4269 ac
658 4202 730 4269 illos
760 4206 815 4288 qui
844 4227 864 4268 a
890 4202 1045 4290 religione
1074 4213 1185 4268 nostra
1214 4203 1372 4268 catholice
1394 4213 1426 4268 et

103 4305 284 4373 orthodoxa
301 4306 526 4389 discesserunt,
549 4328 607 4392 pro
630 4293 806 4380 haereticis,
822 4315 931 4372 teneat
957 4329 1018 4372 nec
1039 4309 1101 4392 ipsi
1122 4307 1245 4372 Romae
1267 4317 1425 4393 parceret,

102 4408 127 4470 si
152 4407 237 4474 illurn
265 4419 332 4474 tem
361 4409 500 4474 vicinam
524 4407 660 4474 haberet
682 4432 780 4496 quum
808 4409 988 4475 Livonism.
1023 4410 1112 4497 quod
1141 4412 1167 4474 si
1190 4433 1268 4495 ergo
1293 4432 1422 4474 nuncu

103 4533 220 4578 summo
253 4511 405 4600 pontifice
437 4510 500 4578 hoc
526 4511 623 4578 modo
653 4513 871 4599 susciperetur
898 4512 1058 4579 fovendus
1092 4522 1123 4578 et
1151 4513 1324 4595 emendus,
1357 4514 1423 4577 iarn

104 4637 180 4680 nunc
201 4614 410 4704 providemus
433 4617 466 4679 in
489 4625 643 4702 quantem
665 4625 887 4703 tempestatem
909 4615 1094 4680 huiusmodi
1117 4615 1169 4682 8²³⁸
1188 4639 1265 4682 suae
1289 4616 1424 4682 consilia

104 4718 326 4806 rempublicam
350 4719 556 4785 christianam
579 4728 687 4784 essent
709 4719 902 4784 coniectura.
925 4720 1065 4806 primum
1081 4721 1165 4784 enim
1181 4742 1255 4784 curn
1277 4721 1304 4784 is
1326 4718 1423 4784 hosti-

104 4817 167 4885 liter
187 4845 361 4909 aggrsssus
384 4824 425 4886 sit
446 4823 571 4910 imperii
585 4823 623 4887 R.
641 4822 800 4888 dicionem
823 4832 856 4888 et
875 4820 1055 4887 membrum
1070 4822 1311 4909 amplissimum,
1335 4823 1422 4888 haud

106 4919 191 4990 dubie
206 4924 264 4991 8¹⁸¹
280 4927 350 4990 eius
364 4927 507 5014 graviter
529 4936 614 4991 esset
637 4927 799 4992 offensura
819 4949 885 4992 non
907 4924 1010 4991 solum
1025 4925 1154 4991 ordines
1176 4925 1320 4991 eiusdem
1336 4928 1420 4991 sacri

106 5021 228 5114 imperii,
258 5052 372 5096 verum
405 5031 503 5096 etiarn
528 5027 646 5096 Sermum
667 5029 822 5096 Poloniae
850 5052 970 5118 regem,
995 5031 1049 5119 qui
1078 5051 1151 5094 cum
1180 5029 1268 5094 illum
1297 5028 1417 5096 habeat
