3450 5818
358 721 530 774 irrstruotione
548 723 696 790 praecepit,
719 721 881 790 praeclaram
900 717 968 774 hene
988 721 1154 776 occasionem
1178 723 1250 776 nacti
1273 726 1307 778 de
1330 723 1389 792 ipsa
1410 737 1514 794 quoque
1540 727 1623 782 reior-

357 808 473 859 matione
491 807 551 858 1³²¹·
570 811 604 860 D.
622 809 717 876 legatis
740 815 856 861 nostram
879 813 1035 860 sententiam
1059 813 1156 876 scripto
1181 815 1354 878 aperiremus,
1381 819 1535 878 pracsertim
1562 833 1625 868 eum

359 893 384 942 in
403 893 516 958 publicis
535 897 785 962 congregationibus
804 901 922 947 oratores
941 895 1039 946 nullam
1063 913 1158 947 vocem
1182 898 1310 962 habeant,
1334 901 1383 950 nisi
1406 907 1536 966 quatenus
1560 907 1625 954 suut

359 979 483 1043 episcopi.
519 979 570 1030 Die
596 980 693 1031 Schriit
718 981 765 1032 der
783 981 913 1032 Oratoren
936 998 997 1032 rom
1019 985 1035 1032 6
1060 983 1113 1033 und
1138 983 1180 1033 die
1204 985 1323 1036 Antwort
1347 984 1394 1036 der
1416 985 1537 1054 Legateu
1560 1004 1626 1038 vom

358 1066 374 1114 9
392 1064 464 1114 Mira
482 1066 509 1114 in
526 1065 565 1116 Le
583 1066 645 1116 Plat
662 1069 686 1130 5,
708 1069 856 1130 loa-1033
874 1067 927 1132 vgl.
948 1067 1049 1118 Pallav.
1068 1071 1092 1133 2,
1111 1071 1162 1119 sat
1181 1070 1236 1120 und
1253 1068 1416 1122 Milledonne
1436 1073 1475 1124 ro.
1500 1073 1532 1122 In
1550 1075 1627 1123 einer

358 1149 528 1200 Naehschriit
544 1167 604 1202 vom
621 1153 652 1202 17
666 1155 737 1204 littra
757 1155 821 1203 wird
839 1155 909 1204 daun
928 1154 997 1204 uoeh
1016 1155 1081 1205 [lber
1099 1155 1152 1205 den
1165 1156 1235 1222 Tage
1249 1171 1330 1207 curor
1348 1157 1476 1224 eriolgten
1487 1157 1626 1224 Emptsng

358 1233 406 1286 (les
424 1238 584 1300 spanisehen
599 1238 789 1305 Abgssendten
807 1241 922 1290 Pescara
942 1240 1085 1293 beriehtct:
1112 1241 1213 1292 eowohl
1230 1243 1257 1292 in
1281 1243 1380 1294 seiuem
1398 1243 1508 1296 Mandat
1533 1243 1574 1294 ala
1596 1245 1626 1294 in

360 1321 407 1371 der
430 1321 676 1390 Begrttssungsrede
699 1327 737 1376 soi
762 1325 803 1376 die
819 1326 1006 1377 Continuation
1029 1327 1102 1378 stark
1126 1328 1218 1378 bctout
1242 1328 1362 1394 worden;
1390 1335 1444 1380 tam
1469 1330 1626 1381 mandatum

358 1409 442 1472 ipsum
461 1424 539 1474 quam
559 1412 641 1460 oratio
661 1426 694 1460 ea
713 1411 762 1476 (Le
779 1411 839 1461 Plst
857 1415 881 1474 ὅ,
903 1412 962 1474 loo)
980 1414 1059 1478 priori
1077 1413 1125 1462 ills
1141 1413 1215 1462 bulla
1234 1412 1279 1463 8¹³¹
1298 1415 1330 1464 D.
1349 1415 1381 1463 N.
1401 1431 1468 1480 quae
1490 1432 1539 1481 pro
1558 1433 1623 1466 con·

357 1495 504 1545 tinuatione
534 1501 655 1546 emanata
677 1496 725 1546 luit
749 1499 807 1546 visa
830 1502 891 1546 sunt
913 1499 969 1547 niti.
997 1497 1067 1548 unde
1091 1513 1183 1564 pamm
1211 1501 1266 1563 spei
1290 1499 1418 1550 habemus
1446 1517 1493 1550 nos
1522 1500 1626 1567 aliquid

359 1587 451 1630 contra
470 1579 630 1632 declaratam
649 1588 762 1632 mentem
781 1580 850 1632 Cat⁶¹
876 1583 946 1648 regis
964 1582 1035 1648 apud
1054 1584 1198 1648 Hispaniae
1218 1587 1356 1650 episcopos
1375 1587 1569 1652 impetraturos.

858 1823 1060 1832 --—·——

851 2097 1039 2182 CLVIll.

572 2331 652 2407 Der
680 2333 813 2406 Kaiser
839 2355 887 2410 an
916 2335 977 2409 die
1006 2331 1342 2422 conciioratorem

766 2503 864 2572 Prcg,
885 2505 1140 2560 teuerstatt.

787 2711 968 2767 Concilactea.
996 2711 1119 2782 Ooocept.

388 2891 605 2978 Posteaquam
629 2915 707 2958 vero
730 2915 816 2957 nune
838 2891 1122 2957 animadvertimus
1145 2915 1204 2958 nos
1227 2893 1331 2958 sectos
1347 2914 1419 2958 esse
1434 2891 1500 2956 voti
1517 2890 1621 2956 nostri

287 3002 462 3081 compotes,
486 2993 634 3082 adeoque
658 2996 724 3060 iam
747 3004 892 3083 apertum
915 3017 986 3059 esse
1011 2993 1182 3060 concilium
1205 2995 1293 3059 nulla
1316 2995 1435 3059 iniecta
1451 2994 1620 3059 continua-

286 3099 381 3162 tionis
403 3097 565 3164 mentione
589 3097 851 3186 celebratamque
874 3099 1051 3164 sessionem
1074 3099 1142 3162 sine
1166 3097 1434 3162 condemnatione
1458 3096 1619 3161 dictorum

286 3198 483 3284 dogmatum,
507 3200 541 3266 id
563 3225 624 3268 neo
652 3205 685 3267 in
713 3204 860 3290 proxime
889 3202 998 3266 futura
1030 3203 1172 3267 sessione
1202 3199 1442 3290 expectandum
1469 3199 1554 3281 fore,
1586 3201 1620 3262 in

285 3325 357 3367 eam
381 3305 572 3369 sententiam
595 3307 752 3388 venimus,
776 3305 863 3392 quod
884 3328 949 3369 non
974 3303 1087 3370 deceat
1103 3305 1173 3368 ΒΜ·
1189 3302 1312 3389 legatos
1336 3325 1394 3368 seu
1415 3301 1453 3366 R.
1476 3323 1615 3367 venera-

285 3405 431 3494 bilesque
460 3416 569 3493 patres
602 3410 709 3475 acrius
733 3418 790 3474 aut
819 3408 1032 3494 importunius
1056 3406 1096 3473 de
1119 3407 1272 3474 evitanda
1294 3409 1326 3472 in
1349 3415 1513 3493 posterum
1536 3404 1616 3490 dog·

285 3520 406 3574 matum
428 3513 622 3577 tractatione
638 3510 791 3598 deinceps
806 3513 922 3596 urgeri.
947 3533 1047 3596 quare
1062 3510 1212 3576 volumus
1228 3561 1235 3575 .
1253 3559 1260 3574 .
1277 3559 1285 3576 .
1309 3520 1345 3574 ut
1365 3509 1503 3596 posthae
1517 3509 1618 3594 paulo

286 3614 394 3679 mitius
418 3611 587 3700 leniusque
610 3614 695 3680 hanc
717 3615 884 3680 materiam
916 3616 1078 3697 tractetis,
1112 3616 1262 3679 nimirum
1292 3613 1421 3700 quando
1449 3615 1619 3678 senseritis

284 3726 358 3805 post
386 3717 569 3803 proximem
599 3717 739 3783 iirturam
768 3719 943 3784 sessionem
976 3717 1016 3783 de
1040 3717 1244 3804 dogmatibus
1274 3725 1446 3781 tractatum
1474 3717 1528 3798 iri,
1557 3739 1618 3781 vos

287 3819 375 3907 apud
397 3819 469 3886 ΒΜ·
491 3820 615 3906 legatos
640 3830 672 3886 et
693 3820 750 3886 ubi
766 3844 847 3908 opus
864 3823 925 3887 erit
940 3845 1037 3908 quam
1053 3821 1123 3886 fieri
1138 3830 1245 3908 potest
1260 3819 1493 3885 modestissime
1510 3829 1617 3884 osten·

285 3923 385 4007 datis,
413 3945 473 3988 nos
500 3924 533 3988 iu
562 3947 602 3990 ea
624 3945 696 3990 esse
720 3927 880 3990 sententie
902 3923 989 4012 quod
1011 3933 1154 4010 praestet
1175 3925 1341 3989 materiam
1365 3924 1459 3988 istam
1483 3921 1615 4000 differri,

285 4027 393 4117 quoad
421 4026 462 4092 de
491 4036 578 4092 certo
609 4037 735 4094 constet
762 4051 804 4093 an
831 4028 854 4091 ii
883 4029 938 4114 qui
968 4027 1010 4092 ab
1046 4027 1228 4092 obedientia
1261 4036 1293 4092 ot
1327 4025 1478 4092 institutis
1509 4025 1541 4092 S.
1576 4027 1612 4090 lt

284 4131 442 4196 ecclesiae
465 4130 684 4196 discesserunt
708 4129 749 4196 ad
773 4132 942 4197 concilium
967 4131 1092 4195 venturi
1116 4131 1180 4196 sint
1201 4153 1262 4196 nec
1277 4151 1328 4212 ne,
1352 4129 1511 4216 siquidem
1528 4130 1614 4194 arbi·

283 4244 405 4300 tremm
428 4232 471 4298 ad
491 4234 693 4302 reducendos
715 4233 787 4302 illos
810 4259 853 4300 ex
876 4235 1037 4301 erroribus
1060 4236 1094 4298 in
1115 4235 1202 4299 viam
1217 4235 1363 4299 veritatis
1386 4231 1521 4297 multum
1544 4255 1613 4298 mo·

283 4339 383 4404 menti
405 4335 593 4422 allatumm,
623 4340 651 4404 si
678 4335 758 4406 talia
784 4338 847 4405 illis
869 4337 1093 4427 praesentibus
1117 4345 1149 4400 ct
1178 4335 1375 4401 sufficienter
1403 4335 1520 4400 auditis
1551 4347 1615 4400 tra·

284 4451 410 4508 otentur
432 4441 644 4509 discutiantur
665 4452 698 4508 et
716 4442 940 4510 decernantur.
964 4441 1072 4508 etheo
1088 4450 1246 4527 utpstres
1262 4440 1391 4524 faciant,
1414 4439 1562 4528 poteritis
1583 4448 1615 4503 et

284 4545 442 4611 debebitis
466 4544 596 4632 quidem
619 4568 674 4610 eos
696 4547 826 4612 nomine
848 4555 958 4612 nostro
981 4544 1146 4611 adhortari
1161 4567 1291 4609 monere
1307 4553 1339 4608 et
1354 4545 1529 4630 requirere,
1554 4543 1613 4608 sed

282 4658 400 4732 tamen,
425 4649 451 4712 si
475 4649 537 4735 ipsi
559 4649 592 4712 in
616 4648 777 4714 diversam
801 4651 992 4715 sententiam
1015 4649 1197 4731 transirent,
1220 4669 1279 4711 vos
1301 4669 1366 4710 non
1381 4647 1473 4710 nimis
1490 4645 1612 4711 obnixe

283 4762 340 4817 aut
360 4750 542 4840 praefracte
564 4749 626 4814 illis
648 4775 830 4840 repugnare
852 4751 993 4817 ullamve
1017 4773 1055 4817 eo
1078 4751 1207 4815 nomine
1233 4750 1498 4836 protestationem
1513 4750 1610 4813 inter·

281 4877 402 4944 ponere
424 4849 588 4931 volumus,
616 4877 657 4920 ne
686 4856 767 4922 sorte
795 4866 903 4944 patres
935 4857 1137 4944 suspicentur
1159 4853 1245 4940 quod
1267 4851 1403 4918 velimus
1426 4853 1611 4918 universum

281 4957 524 5026 oecumenicum
555 4958 724 5026 concilium
755 4983 776 5026 a
805 4969 885 5026 nutu
914 4971 1023 5026 nostro
1054 4958 1122 5025 solo
1152 4955 1335 5046 dependere
1366 4957 1459 5044 eique
1481 4955 1609 5022 frenum

281 5083 521 5152 imponere...
