<?xml version="1.0" encoding="UTF-8"?>
<!DOCTYPE html PUBLIC "-//W3C//DTD XHTML 1.0 Transitional//EN"
    "http://www.w3.org/TR/xhtml1/DTD/xhtml1-transitional.dtd">
<html xmlns="http://www.w3.org/1999/xhtml" xml:lang="en" lang="en">
 <head>
  <title>
</title>
<meta http-equiv="Content-Type" content="text/html;charset=utf-8" />
  <meta name='ocr-system' content='tesseract 3.04.00' />
  <meta name='ocr-capabilities' content='ocr_page ocr_carea ocr_par ocr_line ocrx_word'/>
</head>
<body>
  <div class='ocr_page' id='page_1' title='image "./zurgeschichtede00unkngoog/zurgeschichtede00unkngoog_0499.png"; bbox 0 0 3468 5820; ppageno 0'>
   <div class='ocr_carea' id='block_1_1' title="bbox 339 496 398 558">
    <p class='ocr_par' dir='ltr' id='par_1_1' title="bbox 339 496 398 558">
     <span class='ocr_line' id='line_1_1' title="bbox 339 496 398 558; baseline -0.034 0"><span class='ocrx_word' id='word_1_1' title='bbox 339 496 398 558; x_wconf 77' lang='lat' dir='ltr'><strong>tut</strong></span> 
     </span>
    </p>
   </div>
   <div class='ocr_carea' id='block_1_2' title="bbox 340 677 1663 2512">
    <p class='ocr_par' dir='ltr' id='par_1_2' title="bbox 340 677 1663 2512">
     <span class='ocr_line' id='line_1_2' title="bbox 343 677 1662 771; baseline 0 -21"><span class='ocrx_word' id='word_1_2' title='bbox 343 684 383 750; x_wconf 89' lang='lat' dir='ltr'><strong>de</strong></span> <span class='ocrx_word' id='word_1_3' title='bbox 406 679 557 750; x_wconf 80' lang='lat' dir='ltr'><strong>exhibitis</strong></span> <span class='ocrx_word' id='word_1_4' title='bbox 582 681 751 768; x_wconf 82' lang='lat' dir='ltr'><strong>diligenter</strong></span> <span class='ocrx_word' id='word_1_5' title='bbox 773 689 806 746; x_wconf 89' lang='lat' dir='ltr'><strong>et</strong></span> <span class='ocrx_word' id='word_1_6' title='bbox 827 677 991 766; x_wconf 77' lang='lat' dir='ltr'><strong>sigillatim</strong></span> <span class='ocrx_word' id='word_1_7' title='bbox 1012 682 1170 770; x_wconf 85' lang='lat' dir='ltr'><strong>inquiras,</strong></span> <span class='ocrx_word' id='word_1_8' title='bbox 1205 703 1225 746; x_wconf 89' lang='lat' dir='ltr'><strong>a</strong></span> <span class='ocrx_word' id='word_1_9' title='bbox 1247 705 1310 770; x_wconf 91' lang='lat' dir='ltr'><strong>quo</strong></span> <span class='ocrx_word' id='word_1_10' title='bbox 1341 692 1374 750; x_wconf 89' lang='lat' dir='ltr'><strong>et</strong></span> <span class='ocrx_word' id='word_1_11' title='bbox 1401 683 1530 771; x_wconf 87' lang='lat' dir='ltr'><strong>quando</strong></span> <span class='ocrx_word' id='word_1_12' title='bbox 1553 693 1586 750; x_wconf 87' lang='lat' dir='ltr'><strong>et</strong></span> <span class='ocrx_word' id='word_1_13' title='bbox 1607 685 1662 750; x_wconf 92' lang='lat' dir='ltr'><strong>ubi</strong></span> 
     </span>
     <span class='ocr_line' id='line_1_3' title="bbox 340 782 1658 874; baseline 0.002 -22"><span class='ocrx_word' id='word_1_14' title='bbox 340 788 467 852; x_wconf 89' lang='lat' dir='ltr'><strong>demum</strong></span> <span class='ocrx_word' id='word_1_15' title='bbox 490 785 665 874; x_wconf 82' lang='lat' dir='ltr'><strong>prodierint</strong></span> <span class='ocrx_word' id='word_1_16' title='bbox 685 782 738 850; x_wconf 88' lang='lat' dir='ltr'><strong>vel</strong></span> <span class='ocrx_word' id='word_1_17' title='bbox 761 793 880 850; x_wconf 88' lang='lat' dir='ltr'><strong>statuta</strong></span> <span class='ocrx_word' id='word_1_18' title='bbox 900 783 1033 868; x_wconf 87' lang='lat' dir='ltr'><strong>fuerint,</strong></span> <span class='ocrx_word' id='word_1_19' title='bbox 1062 784 1115 850; x_wconf 90' lang='lat' dir='ltr'><strong>vel</strong></span> <span class='ocrx_word' id='word_1_20' title='bbox 1143 794 1355 874; x_wconf 76' lang='lat' dir='ltr'><strong>posteaquam</strong></span> <span class='ocrx_word' id='word_1_21' title='bbox 1382 786 1565 854; x_wconf 83' lang='lat' dir='ltr'><strong>authentica</strong></span> <span class='ocrx_word' id='word_1_22' title='bbox 1587 811 1658 854; x_wconf 85' lang='lat' dir='ltr'><strong>esse</strong></span> 
     </span>
     <span class='ocr_line' id='line_1_4' title="bbox 340 888 1660 984; baseline 0.001 -29"><span class='ocrx_word' id='word_1_23' title='bbox 340 891 542 978; x_wconf 86' lang='lat' dir='ltr'><strong>compereris,</strong></span> <span class='ocrx_word' id='word_1_24' title='bbox 566 890 607 956; x_wconf 86' lang='lat' dir='ltr'><strong>ad</strong></span> <span class='ocrx_word' id='word_1_25' title='bbox 630 909 688 953; x_wconf 89' lang='lat' dir='ltr'><strong>nos</strong></span> <span class='ocrx_word' id='word_1_26' title='bbox 712 889 948 976; x_wconf 85' lang='lat' dir='ltr'><strong>quamprimum</strong></span> <span class='ocrx_word' id='word_1_27' title='bbox 970 889 1177 972; x_wconf 88' lang='lat' dir='ltr'><strong>transmittes,</strong></span> <span class='ocrx_word' id='word_1_28' title='bbox 1201 892 1279 979; x_wconf 89' lang='lat' dir='ltr'><strong>quia</strong></span> <span class='ocrx_word' id='word_1_29' title='bbox 1299 913 1360 956; x_wconf 90' lang='lat' dir='ltr'><strong>neo</strong></span> <span class='ocrx_word' id='word_1_30' title='bbox 1382 888 1437 956; x_wconf 91' lang='lat' dir='ltr'><strong>illo</strong></span> <span class='ocrx_word' id='word_1_31' title='bbox 1461 913 1588 984; x_wconf 91' lang='lat' dir='ltr'><strong>quoque</strong></span> <span class='ocrx_word' id='word_1_32' title='bbox 1612 914 1660 956; x_wconf 89' lang='lat' dir='ltr'><strong>sa·</strong></span> 
     </span>
     <span class='ocr_line' id='line_1_5' title="bbox 341 991 1661 1082; baseline -0.002 -21"><span class='ocrx_word' id='word_1_33' title='bbox 341 995 503 1061; x_wconf 87' lang='lat' dir='ltr'><strong>tisfaotum</strong></span> <span class='ocrx_word' id='word_1_34' title='bbox 526 993 584 1059; x_wconf 93' lang='lat' dir='ltr'><strong>tibi</strong></span> <span class='ocrx_word' id='word_1_35' title='bbox 606 1002 708 1080; x_wconf 91' lang='lat' dir='ltr'><strong>putes,</strong></span> <span class='ocrx_word' id='word_1_36' title='bbox 732 991 759 1057; x_wconf 90' lang='lat' dir='ltr'><strong>si</strong></span> <span class='ocrx_word' id='word_1_37' title='bbox 782 991 927 1079; x_wconf 85' lang='lat' dir='ltr'><strong>pontifex</strong></span> <span class='ocrx_word' id='word_1_38' title='bbox 949 991 1009 1057; x_wconf 90' lang='lat' dir='ltr'><strong>sub</strong></span> <span class='ocrx_word' id='word_1_39' title='bbox 1032 992 1175 1080; x_wconf 84' lang='lat' dir='ltr'><strong>generali</strong></span> <span class='ocrx_word' id='word_1_40' title='bbox 1203 1016 1244 1059; x_wconf 86' lang='lat' dir='ltr'><strong>ae</strong></span> <span class='ocrx_word' id='word_1_41' title='bbox 1274 992 1414 1080; x_wconf 88' lang='lat' dir='ltr'><strong>benigna</strong></span> <span class='ocrx_word' id='word_1_42' title='bbox 1441 995 1548 1082; x_wconf 84' lang='lat' dir='ltr'><strong>eliqua</strong></span> <span class='ocrx_word' id='word_1_43' title='bbox 1569 993 1661 1082; x_wconf 90' lang='lat' dir='ltr'><strong>polli-</strong></span> 
     </span>
     <span class='ocr_line' id='line_1_6' title="bbox 342 1095 1661 1186; baseline -0.003 -20"><span class='ocrx_word' id='word_1_44' title='bbox 342 1101 502 1184; x_wconf 85' lang='lat' dir='ltr'><strong>citatione,</strong></span> <span class='ocrx_word' id='word_1_45' title='bbox 530 1098 598 1164; x_wconf 86' lang='lat' dir='ltr'><strong>lore</strong></span> <span class='ocrx_word' id='word_1_46' title='bbox 621 1096 772 1161; x_wconf 87' lang='lat' dir='ltr'><strong>videlieet</strong></span> <span class='ocrx_word' id='word_1_47' title='bbox 794 1106 830 1162; x_wconf 92' lang='lat' dir='ltr'><strong>ut</strong></span> <span class='ocrx_word' id='word_1_48' title='bbox 851 1095 1043 1162; x_wconf 89' lang='lat' dir='ltr'><strong>adveniente</strong></span> <span class='ocrx_word' id='word_1_49' title='bbox 1067 1105 1192 1162; x_wconf 85' lang='lat' dir='ltr'><strong>oratore</strong></span> <span class='ocrx_word' id='word_1_50' title='bbox 1214 1119 1266 1164; x_wconf 87' lang='lat' dir='ltr'><strong>res</strong></span> <span class='ocrx_word' id='word_1_51' title='bbox 1289 1099 1438 1186; x_wconf 87' lang='lat' dir='ltr'><strong>utrinque</strong></span> <span class='ocrx_word' id='word_1_52' title='bbox 1459 1097 1554 1164; x_wconf 87' lang='lat' dir='ltr'><strong>facile</strong></span> <span class='ocrx_word' id='word_1_53' title='bbox 1577 1120 1661 1162; x_wconf 90' lang='lat' dir='ltr'><strong>eom·</strong></span> 
     </span>
     <span class='ocr_line' id='line_1_7' title="bbox 340 1199 1662 1292; baseline -0.001 -21"><span class='ocrx_word' id='word_1_54' title='bbox 340 1213 492 1292; x_wconf 86' lang='lat' dir='ltr'><strong>ponatur,</strong></span> <span class='ocrx_word' id='word_1_55' title='bbox 522 1201 720 1291; x_wconf 90' lang='lat' dir='ltr'><strong>promiserit,</strong></span> <span class='ocrx_word' id='word_1_56' title='bbox 752 1200 808 1266; x_wconf 89' lang='lat' dir='ltr'><strong>sed</strong></span> <span class='ocrx_word' id='word_1_57' title='bbox 832 1224 915 1289; x_wconf 88' lang='lat' dir='ltr'><strong>quae</strong></span> <span class='ocrx_word' id='word_1_58' title='bbox 937 1200 978 1266; x_wconf 88' lang='lat' dir='ltr'><strong>ad</strong></span> <span class='ocrx_word' id='word_1_59' title='bbox 1000 1199 1130 1289; x_wconf 89' lang='lat' dir='ltr'><strong>plenam</strong></span> <span class='ocrx_word' id='word_1_60' title='bbox 1161 1203 1268 1290; x_wconf 88' lang='lat' dir='ltr'><strong>potius</strong></span> <span class='ocrx_word' id='word_1_61' title='bbox 1291 1211 1324 1268; x_wconf 89' lang='lat' dir='ltr'><strong>et</strong></span> <span class='ocrx_word' id='word_1_62' title='bbox 1344 1203 1393 1270; x_wconf 90' lang='lat' dir='ltr'><strong>rei</strong></span> <span class='ocrx_word' id='word_1_63' title='bbox 1414 1225 1528 1270; x_wconf 85' lang='lat' dir='ltr'><strong>secure</strong></span> <span class='ocrx_word' id='word_1_64' title='bbox 1550 1227 1662 1290; x_wconf 85' lang='lat' dir='ltr'><strong>aggre-</strong></span> 
     </span>
     <span class='ocr_line' id='line_1_8' title="bbox 341 1304 1662 1395; baseline 0.002 -23"><span class='ocrx_word' id='word_1_65' title='bbox 341 1306 476 1372; x_wconf 89' lang='lat' dir='ltr'><strong>diendae</strong></span> <span class='ocrx_word' id='word_1_66' title='bbox 499 1307 740 1371; x_wconf 80' lang='lat' dir='ltr'><strong>instructionem</strong></span> <span class='ocrx_word' id='word_1_67' title='bbox 762 1306 977 1392; x_wconf 89' lang='lat' dir='ltr'><strong>requiruntur,</strong></span> <span class='ocrx_word' id='word_1_68' title='bbox 1001 1307 1069 1370; x_wconf 86' lang='lat' dir='ltr'><strong>eius</strong></span> <span class='ocrx_word' id='word_1_69' title='bbox 1092 1304 1130 1370; x_wconf 59' lang='grc' dir='ltr'><strong>δ”</strong></span> <span class='ocrx_word' id='word_1_70' title='bbox 1153 1305 1328 1372; x_wconf 87' lang='lat' dir='ltr'><strong>identidem</strong></span> <span class='ocrx_word' id='word_1_71' title='bbox 1344 1305 1485 1374; x_wconf 86' lang='lat' dir='ltr'><strong>inoulees</strong></span> <span class='ocrx_word' id='word_1_72' title='bbox 1500 1317 1602 1395; x_wconf 88' lang='lat' dir='ltr'><strong>atque</strong></span> <span class='ocrx_word' id='word_1_73' title='bbox 1615 1331 1662 1374; x_wconf 85' lang='lat' dir='ltr'><strong>re·</strong></span> 
     </span>
     <span class='ocr_line' id='line_1_9' title="bbox 343 1408 1660 1498; baseline 0.001 -23"><span class='ocrx_word' id='word_1_74' title='bbox 343 1419 443 1498; x_wconf 88' lang='lat' dir='ltr'><strong>petas.</strong></span> <span class='ocrx_word' id='word_1_75' title='bbox 469 1410 556 1498; x_wconf 90' lang='lat' dir='ltr'><strong>quod</strong></span> <span class='ocrx_word' id='word_1_76' title='bbox 579 1412 606 1472; x_wconf 82' lang='lat' dir='ltr'><strong>si</strong></span> <span class='ocrx_word' id='word_1_77' title='bbox 627 1408 677 1473; x_wconf 91' lang='lat' dir='ltr'><strong>his</strong></span> <span class='ocrx_word' id='word_1_78' title='bbox 701 1419 807 1473; x_wconf 88' lang='lat' dir='ltr'><strong>autem</strong></span> <span class='ocrx_word' id='word_1_79' title='bbox 829 1409 975 1494; x_wconf 85' lang='lat' dir='ltr'><strong>pontifex</strong></span> <span class='ocrx_word' id='word_1_80' title='bbox 996 1431 1016 1473; x_wconf 90' lang='lat' dir='ltr'><strong>a</strong></span> <span class='ocrx_word' id='word_1_81' title='bbox 1039 1430 1098 1473; x_wconf 89' lang='lat' dir='ltr'><strong>sua</strong></span> <span class='ocrx_word' id='word_1_82' title='bbox 1119 1412 1278 1474; x_wconf 87' lang='lat' dir='ltr'><strong>sententia</strong></span> <span class='ocrx_word' id='word_1_83' title='bbox 1307 1409 1425 1477; x_wconf 81' lang='lat' dir='ltr'><strong>abduci</strong></span> <span class='ocrx_word' id='word_1_84' title='bbox 1453 1431 1520 1476; x_wconf 90' lang='lat' dir='ltr'><strong>non</strong></span> <span class='ocrx_word' id='word_1_85' title='bbox 1542 1421 1660 1496; x_wconf 87' lang='lat' dir='ltr'><strong>posset,</strong></span> 
     </span>
     <span class='ocr_line' id='line_1_10' title="bbox 341 1510 1661 1602; baseline 0.002 -24"><span class='ocrx_word' id='word_1_86' title='bbox 341 1536 405 1578; x_wconf 91' lang='lat' dir='ltr'><strong>non</strong></span> <span class='ocrx_word' id='word_1_87' title='bbox 427 1513 485 1578; x_wconf 84' lang='lat' dir='ltr'><strong>abs</strong></span> <span class='ocrx_word' id='word_1_88' title='bbox 507 1536 542 1578; x_wconf 88' lang='lat' dir='ltr'><strong>re</strong></span> <span class='ocrx_word' id='word_1_89' title='bbox 565 1513 660 1578; x_wconf 88' lang='lat' dir='ltr'><strong>fuerit</strong></span> <span class='ocrx_word' id='word_1_90' title='bbox 681 1520 717 1576; x_wconf 87' lang='lat' dir='ltr'><strong>ut</strong></span> <span class='ocrx_word' id='word_1_91' title='bbox 738 1520 805 1582; x_wconf 87' lang='lat' dir='ltr'><strong>tum</strong></span> <span class='ocrx_word' id='word_1_92' title='bbox 828 1510 1012 1598; x_wconf 88' lang='lat' dir='ltr'><strong>exemplum</strong></span> <span class='ocrx_word' id='word_1_93' title='bbox 1025 1511 1131 1576; x_wconf 84' lang='lat' dir='ltr'><strong>fratris</strong></span> <span class='ocrx_word' id='word_1_94' title='bbox 1153 1513 1199 1577; x_wconf 92' lang='lat' dir='ltr'><strong>tui</strong></span> <span class='ocrx_word' id='word_1_95' title='bbox 1223 1513 1348 1578; x_wconf 82' lang='lat' dir='ltr'><strong>comitis</strong></span> <span class='ocrx_word' id='word_1_96' title='bbox 1371 1513 1540 1602; x_wconf 76' lang='lat' dir='ltr'><strong>scipionia,</strong></span> <span class='ocrx_word' id='word_1_97' title='bbox 1565 1537 1661 1602; x_wconf 88' lang='lat' dir='ltr'><strong>quem</strong></span> 
     </span>
     <span class='ocr_line' id='line_1_11' title="bbox 342 1613 1663 1708; baseline 0.002 -26"><span class='ocrx_word' id='word_1_98' title='bbox 342 1617 422 1684; x_wconf 89' lang='lat' dir='ltr'><strong>adeo</strong></span> <span class='ocrx_word' id='word_1_99' title='bbox 446 1640 548 1706; x_wconf 87' lang='lat' dir='ltr'><strong>usque</strong></span> <span class='ocrx_word' id='word_1_100' title='bbox 571 1615 796 1683; x_wconf 84' lang='lat' dir='ltr'><strong>defraudatum</strong></span> <span class='ocrx_word' id='word_1_101' title='bbox 819 1613 1010 1699; x_wconf 86' lang='lat' dir='ltr'><strong>dimiserint,</strong></span> <span class='ocrx_word' id='word_1_102' title='bbox 1044 1624 1079 1682; x_wconf 87' lang='lat' dir='ltr'><strong>ut</strong></span> <span class='ocrx_word' id='word_1_103' title='bbox 1100 1615 1259 1704; x_wconf 86' lang='lat' dir='ltr'><strong>promissa</strong></span> <span class='ocrx_word' id='word_1_104' title='bbox 1281 1615 1342 1682; x_wconf 89' lang='lat' dir='ltr'><strong>sibi</strong></span> <span class='ocrx_word' id='word_1_105' title='bbox 1366 1617 1557 1684; x_wconf 80' lang='lat' dir='ltr'><strong>documenta</strong></span> <span class='ocrx_word' id='word_1_106' title='bbox 1579 1642 1663 1708; x_wconf 87' lang='lat' dir='ltr'><strong>quae</strong></span> 
     </span>
     <span class='ocr_line' id='line_1_12' title="bbox 340 1717 1662 1809; baseline -0.002 -22"><span class='ocrx_word' id='word_1_107' title='bbox 340 1723 381 1787; x_wconf 88' lang='lat' dir='ltr'><strong>ad</strong></span> <span class='ocrx_word' id='word_1_108' title='bbox 405 1745 439 1787; x_wconf 90' lang='lat' dir='ltr'><strong>se</strong></span> <span class='ocrx_word' id='word_1_109' title='bbox 461 1722 526 1790; x_wconf 91' lang='lat' dir='ltr'><strong>iam</strong></span> <span class='ocrx_word' id='word_1_110' title='bbox 548 1719 639 1787; x_wconf 92' lang='lat' dir='ltr'><strong>Urbe</strong></span> <span class='ocrx_word' id='word_1_111' title='bbox 666 1719 843 1808; x_wconf 81' lang='lat' dir='ltr'><strong>profestum</strong></span> <span class='ocrx_word' id='word_1_112' title='bbox 871 1720 952 1784; x_wconf 90' lang='lat' dir='ltr'><strong>mitti</strong></span> <span class='ocrx_word' id='word_1_113' title='bbox 981 1717 1155 1800; x_wconf 87' lang='lat' dir='ltr'><strong>debebant,</strong></span> <span class='ocrx_word' id='word_1_114' title='bbox 1187 1741 1230 1786; x_wconf 91' lang='lat' dir='ltr'><strong>ne</strong></span> <span class='ocrx_word' id='word_1_115' title='bbox 1251 1721 1296 1806; x_wconf 71' lang='lat' dir='ltr'><strong>lin</strong></span> <span class='ocrx_word' id='word_1_116' title='bbox 1318 1721 1404 1789; x_wconf 87' lang='lat' dir='ltr'><strong>hune</strong></span> <span class='ocrx_word' id='word_1_117' title='bbox 1425 1722 1556 1809; x_wconf 88' lang='lat' dir='ltr'><strong>quidem</strong></span> <span class='ocrx_word' id='word_1_118' title='bbox 1579 1721 1662 1786; x_wconf 87' lang='lat' dir='ltr'><strong>diem</strong></span> 
     </span>
     <span class='ocr_line' id='line_1_13' title="bbox 341 1822 1662 1914; baseline -0.001 -23"><span class='ocrx_word' id='word_1_119' title='bbox 341 1827 439 1891; x_wconf 88' lang='lat' dir='ltr'><strong>missa</strong></span> <span class='ocrx_word' id='word_1_120' title='bbox 461 1825 592 1907; x_wconf 88' lang='lat' dir='ltr'><strong>fuerint,</strong></span> <span class='ocrx_word' id='word_1_121' title='bbox 623 1846 686 1911; x_wconf 87' lang='lat' dir='ltr'><strong>qua</strong></span> <span class='ocrx_word' id='word_1_122' title='bbox 715 1825 799 1888; x_wconf 87' lang='lat' dir='ltr'><strong>nosti</strong></span> <span class='ocrx_word' id='word_1_123' title='bbox 822 1822 981 1888; x_wconf 88' lang='lat' dir='ltr'><strong>modestia</strong></span> <span class='ocrx_word' id='word_1_124' title='bbox 1002 1833 1180 1911; x_wconf 86' lang='lat' dir='ltr'><strong>opportune</strong></span> <span class='ocrx_word' id='word_1_125' title='bbox 1203 1823 1346 1891; x_wconf 84' lang='lat' dir='ltr'><strong>obiicias.</strong></span> <span class='ocrx_word' id='word_1_126' title='bbox 1381 1835 1544 1913; x_wconf 86' lang='lat' dir='ltr'><strong>postremo</strong></span> <span class='ocrx_word' id='word_1_127' title='bbox 1568 1849 1662 1914; x_wconf 88' lang='lat' dir='ltr'><strong>quae·</strong></span> 
     </span>
     <span class='ocr_line' id='line_1_14' title="bbox 342 1924 1663 2016; baseline 0 -22"><span class='ocrx_word' id='word_1_128' title='bbox 342 1952 468 2016; x_wconf 83' lang='lat' dir='ltr'><strong>cunque</strong></span> <span class='ocrx_word' id='word_1_129' title='bbox 490 1929 622 2015; x_wconf 83' lang='lat' dir='ltr'><strong>insuper</strong></span> <span class='ocrx_word' id='word_1_130' title='bbox 644 1924 685 1991; x_wconf 89' lang='lat' dir='ltr'><strong>ad</strong></span> <span class='ocrx_word' id='word_1_131' title='bbox 707 1947 774 1991; x_wconf 85' lang='lat' dir='ltr'><strong>rem</strong></span> <span class='ocrx_word' id='word_1_132' title='bbox 797 1925 932 1991; x_wconf 78' lang='lat' dir='ltr'><strong>celerius</strong></span> <span class='ocrx_word' id='word_1_133' title='bbox 955 1935 987 1992; x_wconf 88' lang='lat' dir='ltr'><strong>et</strong></span> <span class='ocrx_word' id='word_1_134' title='bbox 1009 1928 1218 2015; x_wconf 87' lang='lat' dir='ltr'><strong>opportunius</strong></span> <span class='ocrx_word' id='word_1_135' title='bbox 1233 1929 1450 2016; x_wconf 78' lang='lat' dir='ltr'><strong>peragendam</strong></span> <span class='ocrx_word' id='word_1_136' title='bbox 1467 1928 1663 1994; x_wconf 84' lang='lat' dir='ltr'><strong>eonduotura</strong></span> 
     </span>
     <span class='ocr_line' id='line_1_15' title="bbox 342 2029 1661 2117; baseline -0.002 -19"><span class='ocrx_word' id='word_1_137' title='bbox 342 2044 398 2099; x_wconf 87' lang='lat' dir='ltr'><strong>tua</strong></span> <span class='ocrx_word' id='word_1_138' title='bbox 419 2032 477 2098; x_wconf 89' lang='lat' dir='ltr'><strong>tibi</strong></span> <span class='ocrx_word' id='word_1_139' title='bbox 500 2032 658 2096; x_wconf 83' lang='lat' dir='ltr'><strong>industrie</strong></span> <span class='ocrx_word' id='word_1_140' title='bbox 680 2039 712 2094; x_wconf 87' lang='lat' dir='ltr'><strong>et</strong></span> <span class='ocrx_word' id='word_1_141' title='bbox 732 2029 904 2117; x_wconf 88' lang='lat' dir='ltr'><strong>prudentia</strong></span> <span class='ocrx_word' id='word_1_142' title='bbox 927 2039 1086 2117; x_wconf 89' lang='lat' dir='ltr'><strong>suggeret,</strong></span> <span class='ocrx_word' id='word_1_143' title='bbox 1111 2053 1150 2097; x_wconf 89' lang='lat' dir='ltr'><strong>ea</strong></span> <span class='ocrx_word' id='word_1_144' title='bbox 1171 2030 1274 2098; x_wconf 88' lang='lat' dir='ltr'><strong>abste</strong></span> <span class='ocrx_word' id='word_1_145' title='bbox 1290 2031 1403 2098; x_wconf 88' lang='lat' dir='ltr'><strong>sedulo</strong></span> <span class='ocrx_word' id='word_1_146' title='bbox 1419 2030 1566 2098; x_wconf 87' lang='lat' dir='ltr'><strong>adhiberi</strong></span> <span class='ocrx_word' id='word_1_147' title='bbox 1582 2056 1661 2097; x_wconf 89' lang='lat' dir='ltr'><strong>sum-</strong></span> 
     </span>
     <span class='ocr_line' id='line_1_16' title="bbox 343 2133 1661 2224; baseline -0.002 -22"><span class='ocrx_word' id='word_1_148' title='bbox 343 2159 472 2224; x_wconf 86' lang='lat' dir='ltr'><strong>mopere</strong></span> <span class='ocrx_word' id='word_1_149' title='bbox 489 2135 716 2201; x_wconf 87' lang='lat' dir='ltr'><strong>desideramus.</strong></span> <span class='ocrx_word' id='word_1_150' title='bbox 734 2133 795 2198; x_wconf 88' lang='lat' dir='ltr'><strong>orit</strong></span> <span class='ocrx_word' id='word_1_151' title='bbox 805 2133 889 2198; x_wconf 89' lang='lat' dir='ltr'><strong>inter</strong></span> <span class='ocrx_word' id='word_1_152' title='bbox 905 2143 1034 2200; x_wconf 84' lang='lat' dir='ltr'><strong>caetera</strong></span> <span class='ocrx_word' id='word_1_153' title='bbox 1048 2143 1123 2200; x_wconf 87' lang='lat' dir='ltr'><strong>tuae</strong></span> <span class='ocrx_word' id='word_1_154' title='bbox 1138 2137 1171 2200; x_wconf 94' lang='lat' dir='ltr'><strong>in</strong></span> <span class='ocrx_word' id='word_1_155' title='bbox 1185 2158 1245 2201; x_wconf 91' lang='lat' dir='ltr'><strong>nos</strong></span> <span class='ocrx_word' id='word_1_156' title='bbox 1262 2136 1427 2224; x_wconf 86' lang='lat' dir='ltr'><strong>complura</strong></span> <span class='ocrx_word' id='word_1_157' title='bbox 1439 2136 1661 2202; x_wconf 86' lang='lat' dir='ltr'><strong>observantiae</strong></span> 
     </span>
     <span class='ocr_line' id='line_1_17' title="bbox 343 2237 1661 2328; baseline -0.002 -22"><span class='ocrx_word' id='word_1_158' title='bbox 343 2240 449 2306; x_wconf 88' lang='lat' dir='ltr'><strong>studia</strong></span> <span class='ocrx_word' id='word_1_159' title='bbox 470 2241 514 2304; x_wconf 85' lang='lat' dir='ltr'><strong>ita</strong></span> <span class='ocrx_word' id='word_1_160' title='bbox 537 2248 678 2326; x_wconf 86' lang='lat' dir='ltr'><strong>gratum,</strong></span> <span class='ocrx_word' id='word_1_161' title='bbox 702 2247 738 2301; x_wconf 92' lang='lat' dir='ltr'><strong>ut</strong></span> <span class='ocrx_word' id='word_1_162' title='bbox 758 2246 901 2302; x_wconf 85' lang='lat' dir='ltr'><strong>nostram</strong></span> <span class='ocrx_word' id='word_1_163' title='bbox 929 2237 970 2301; x_wconf 90' lang='lat' dir='ltr'><strong>ad</strong></span> <span class='ocrx_word' id='word_1_164' title='bbox 998 2247 1029 2304; x_wconf 91' lang='lat' dir='ltr'><strong>te</strong></span> <span class='ocrx_word' id='word_1_165' title='bbox 1060 2238 1240 2304; x_wconf 84' lang='lat' dir='ltr'><strong>ornandum</strong></span> <span class='ocrx_word' id='word_1_166' title='bbox 1267 2263 1404 2326; x_wconf 88' lang='lat' dir='ltr'><strong>pronam</strong></span> <span class='ocrx_word' id='word_1_167' title='bbox 1425 2240 1661 2328; x_wconf 87' lang='lat' dir='ltr'><strong>benignamque</strong></span> 
     </span>
     <span class='ocr_line' id='line_1_18' title="bbox 342 2339 1658 2430; baseline 0.002 -22"><span class='ocrx_word' id='word_1_168' title='bbox 342 2353 482 2408; x_wconf 89' lang='lat' dir='ltr'><strong>mentem</strong></span> <span class='ocrx_word' id='word_1_169' title='bbox 505 2353 536 2408; x_wconf 91' lang='lat' dir='ltr'><strong>et</strong></span> <span class='ocrx_word' id='word_1_170' title='bbox 557 2341 755 2408; x_wconf 87' lang='lat' dir='ltr'><strong>voluntatem</strong></span> <span class='ocrx_word' id='word_1_171' title='bbox 778 2339 918 2406; x_wconf 88' lang='lat' dir='ltr'><strong>uberiori</strong></span> <span class='ocrx_word' id='word_1_172' title='bbox 941 2341 1114 2430; x_wconf 85' lang='lat' dir='ltr'><strong>aliquando</strong></span> <span class='ocrx_word' id='word_1_173' title='bbox 1136 2341 1244 2408; x_wconf 86' lang='lat' dir='ltr'><strong>fruotu</strong></span> <span class='ocrx_word' id='word_1_174' title='bbox 1265 2341 1403 2410; x_wconf 84' lang='lat' dir='ltr'><strong>libenter</strong></span> <span class='ocrx_word' id='word_1_175' title='bbox 1423 2344 1482 2410; x_wconf 88' lang='lat' dir='ltr'><strong>tibi</strong></span> <span class='ocrx_word' id='word_1_176' title='bbox 1506 2347 1604 2411; x_wconf 87' lang='lat' dir='ltr'><strong>simus</strong></span> <span class='ocrx_word' id='word_1_177' title='bbox 1619 2355 1658 2410; x_wconf 89' lang='lat' dir='ltr'><strong>te-</strong></span> 
     </span>
     <span class='ocr_line' id='line_1_19' title="bbox 346 2447 522 2512; baseline -0.011 0"><span class='ocrx_word' id='word_1_178' title='bbox 346 2447 522 2512; x_wconf 77' lang='lat' dir='ltr'><strong>stificaturi.</strong></span> 
     </span>
    </p>
   </div>
   <div class='ocr_carea' id='block_1_3' title="bbox 338 2635 1660 3396">
    <p class='ocr_par' dir='ltr' id='par_1_3' title="bbox 409 2635 1660 3223">
     <span class='ocr_line' id='line_1_20' title="bbox 478 2635 1659 2704; baseline 0.003 -17"><span class='ocrx_word' id='word_1_179' title='bbox 478 2637 508 2687; x_wconf 91' lang='lat' dir='ltr'><strong>ln</strong></span> <span class='ocrx_word' id='word_1_180' title='bbox 526 2635 611 2702; x_wconf 81' lang='lat' dir='ltr'><strong>Fulge</strong></span> <span class='ocrx_word' id='word_1_181' title='bbox 630 2636 676 2687; x_wconf 86' lang='lat' dir='ltr'><strong>der</strong></span> <span class='ocrx_word' id='word_1_182' title='bbox 693 2637 820 2701; x_wconf 80' lang='lat' dir='ltr'><strong>Weisung</strong></span> <span class='ocrx_word' id='word_1_183' title='bbox 837 2637 865 2685; x_wconf 89' lang='lat' dir='ltr'><strong>in</strong></span> <span class='ocrx_word' id='word_1_184' title='bbox 882 2635 926 2686; x_wconf 82' lang='lat' dir='ltr'><strong>Nr.</strong></span> <span class='ocrx_word' id='word_1_185' title='bbox 947 2635 1102 2686; x_wconf 77' lang='lat' dir='ltr'>ccxxxw</span> <span class='ocrx_word' id='word_1_186' title='bbox 1125 2636 1197 2688; x_wconf 80' lang='lat' dir='ltr'><strong>hatte</strong></span> <span class='ocrx_word' id='word_1_187' title='bbox 1219 2637 1288 2688; x_wconf 79' lang='lat' dir='ltr'><strong>Areo</strong></span> <span class='ocrx_word' id='word_1_188' title='bbox 1312 2653 1354 2688; x_wconf 87' lang='lat' dir='ltr'><strong>am</strong></span> <span class='ocrx_word' id='word_1_189' title='bbox 1378 2641 1393 2688; x_wconf 87' lang='lat'><strong>3</strong></span> <span class='ocrx_word' id='word_1_190' title='bbox 1411 2637 1485 2704; x_wconf 78' lang='lat' dir='ltr'><strong>April</strong></span> <span class='ocrx_word' id='word_1_191' title='bbox 1503 2638 1547 2688; x_wconf 87' lang='lat' dir='ltr'><strong>die</strong></span> <span class='ocrx_word' id='word_1_192' title='bbox 1566 2639 1659 2690; x_wconf 81' lang='lat' dir='ltr'><strong>Confir-</strong></span> 
     </span>
     <span class='ocr_line' id='line_1_21' title="bbox 413 2721 1659 2790; baseline 0.001 -16"><span class='ocrx_word' id='word_1_193' title='bbox 413 2724 597 2774; x_wconf 84' lang='lat' dir='ltr'><strong>mationsbulle</strong></span> <span class='ocrx_word' id='word_1_194' title='bbox 615 2724 657 2773; x_wconf 83' lang='lat' dir='ltr'><strong>ssir</strong></span> <span class='ocrx_word' id='word_1_195' title='bbox 674 2723 738 2773; x_wconf 85' lang='lat' dir='ltr'><strong>Karl</strong></span> <span class='ocrx_word' id='word_1_196' title='bbox 755 2723 780 2772; x_wconf 90' lang='lat' dir='ltr'>V</span> <span class='ocrx_word' id='word_1_197' title='bbox 798 2722 838 2772; x_wconf 82' lang='lat' dir='ltr'><strong>als</strong></span> <span class='ocrx_word' id='word_1_198' title='bbox 855 2723 949 2772; x_wconf 85' lang='lat' dir='ltr'><strong>Kaisar</strong></span> <span class='ocrx_word' id='word_1_199' title='bbox 965 2721 1020 2772; x_wconf 86' lang='lat' dir='ltr'><strong>und</strong></span> <span class='ocrx_word' id='word_1_200' title='bbox 1039 2722 1125 2787; x_wconf 86' lang='lat' dir='ltr'><strong>einige</strong></span> <span class='ocrx_word' id='word_1_201' title='bbox 1147 2724 1232 2774; x_wconf 79' lang='lat' dir='ltr'><strong>Aeten</strong></span> <span class='ocrx_word' id='word_1_202' title='bbox 1255 2739 1302 2774; x_wconf 87' lang='lat' dir='ltr'><strong>aus</strong></span> <span class='ocrx_word' id='word_1_203' title='bbox 1324 2723 1445 2790; x_wconf 81' lang='lat' dir='ltr'><strong>Bologns</strong></span> <span class='ocrx_word' id='word_1_204' title='bbox 1466 2741 1528 2776; x_wconf 83' lang='lat' dir='ltr'><strong>vom</strong></span> <span class='ocrx_word' id='word_1_205' title='bbox 1551 2725 1579 2780; x_wconf 86' lang='lat' dir='ltr'><strong>J.</strong></span> <span class='ocrx_word' id='word_1_206' title='bbox 1600 2729 1659 2778; x_wconf 81' lang='lat'>1530</span> 
     </span>
     <span class='ocr_line' id='line_1_22' title="bbox 413 2808 1660 2877; baseline 0 -17"><span class='ocrx_word' id='word_1_207' title='bbox 413 2811 574 2877; x_wconf 80' lang='lat' dir='ltr'><strong>eingesandt.</strong></span> <span class='ocrx_word' id='word_1_208' title='bbox 601 2809 677 2861; x_wconf 84' lang='lat' dir='ltr'><strong>Mehr</strong></span> <span class='ocrx_word' id='word_1_209' title='bbox 694 2810 767 2860; x_wconf 88' lang='lat' dir='ltr'><strong>hatte</strong></span> <span class='ocrx_word' id='word_1_210' title='bbox 786 2824 814 2859; x_wconf 86' lang='lat' dir='ltr'><strong>er</strong></span> <span class='ocrx_word' id='word_1_211' title='bbox 831 2808 887 2858; x_wconf 89' lang='lat' dir='ltr'><strong>sieb</strong></span> <span class='ocrx_word' id='word_1_212' title='bbox 905 2809 979 2858; x_wconf 85' lang='lat' dir='ltr'><strong>nieht</strong></span> <span class='ocrx_word' id='word_1_213' title='bbox 1001 2808 1167 2860; x_wconf 79' lang='lat' dir='ltr'><strong>versohab&#39;sn</strong></span> <span class='ocrx_word' id='word_1_214' title='bbox 1185 2810 1304 2874; x_wconf 82' lang='lat' dir='ltr'><strong>ktnnen,</strong></span> <span class='ocrx_word' id='word_1_215' title='bbox 1327 2811 1381 2860; x_wconf 87' lang='lat' dir='ltr'><strong>und</strong></span> <span class='ocrx_word' id='word_1_216' title='bbox 1399 2811 1589 2862; x_wconf 85' lang='lat' dir='ltr'><strong>insbesondere</strong></span> <span class='ocrx_word' id='word_1_217' title='bbox 1610 2827 1660 2861; x_wconf 83' lang='lat' dir='ltr'><strong>war</strong></span> 
     </span>
     <span class='ocr_line' id='line_1_23' title="bbox 411 2894 1658 2963; baseline 0 -15"><span class='ocrx_word' id='word_1_218' title='bbox 411 2896 465 2948; x_wconf 89' lang='lat' dir='ltr'><strong>ihm</strong></span> <span class='ocrx_word' id='word_1_219' title='bbox 482 2902 575 2963; x_wconf 82' lang='lat' dir='ltr'><strong>gesagt</strong></span> <span class='ocrx_word' id='word_1_220' title='bbox 602 2895 707 2946; x_wconf 84' lang='lat' dir='ltr'><strong>worden</strong></span> <span class='ocrx_word' id='word_1_221' title='bbox 738 2895 799 2946; x_wconf 77' lang='lat' dir='ltr'><strong>dass</strong></span> <span class='ocrx_word' id='word_1_222' title='bbox 823 2895 866 2946; x_wconf 89' lang='lat' dir='ltr'><strong>die</strong></span> <span class='ocrx_word' id='word_1_223' title='bbox 890 2894 1077 2947; x_wconf 80' lang='lat' dir='ltr'><strong>Confirmation</strong></span> <span class='ocrx_word' id='word_1_224' title='bbox 1100 2895 1141 2946; x_wconf 79' lang='lat' dir='ltr'><strong>sur</strong></span> <span class='ocrx_word' id='word_1_225' title='bbox 1157 2897 1221 2946; x_wconf 83' lang='lat' dir='ltr'><strong>Karl</strong></span> <span class='ocrx_word' id='word_1_226' title='bbox 1245 2897 1285 2946; x_wconf 85' lang='lat' dir='ltr'><strong>als</strong></span> <span class='ocrx_word' id='word_1_227' title='bbox 1303 2899 1391 2963; x_wconf 78' lang='lat' dir='ltr'><strong>Konig</strong></span> <span class='ocrx_word' id='word_1_228' title='bbox 1415 2898 1456 2948; x_wconf 86' lang='lat' dir='ltr'><strong>bei</strong></span> <span class='ocrx_word' id='word_1_229' title='bbox 1480 2897 1528 2948; x_wconf 86' lang='lat' dir='ltr'><strong>der</strong></span> <span class='ocrx_word' id='word_1_230' title='bbox 1552 2897 1658 2948; x_wconf 85' lang='lat' dir='ltr'><strong>Plttnde·</strong></span> 
     </span>
     <span class='ocr_line' id='line_1_24' title="bbox 410 2982 1656 3050; baseline 0.001 -16"><span class='ocrx_word' id='word_1_231' title='bbox 410 2999 476 3050; x_wconf 80' lang='lat' dir='ltr'><strong>rung</strong></span> <span class='ocrx_word' id='word_1_232' title='bbox 493 2983 573 3035; x_wconf 81' lang='lat' dir='ltr'><strong>Rome</strong></span> <span class='ocrx_word' id='word_1_233' title='bbox 591 2983 711 3034; x_wconf 85' lang='lat' dir='ltr'><strong>verloren</strong></span> <span class='ocrx_word' id='word_1_234' title='bbox 729 2997 866 3048; x_wconf 82' lang='lat' dir='ltr'><strong>gegangen</strong></span> <span class='ocrx_word' id='word_1_235' title='bbox 884 2984 930 3032; x_wconf 86' lang='lat' dir='ltr'><strong>sei.</strong></span> <span class='ocrx_word' id='word_1_236' title='bbox 957 2982 976 3032; x_wconf 84' lang='lat' dir='ltr'>J</span> <span class='ocrx_word' id='word_1_237' title='bbox 982 2997 1044 3034; x_wconf 89' lang='lat' dir='ltr'><strong>enes</strong></span> <span class='ocrx_word' id='word_1_238' title='bbox 1062 2983 1227 3034; x_wconf 81' lang='lat' dir='ltr'><strong>Aetenattlols</strong></span> <span class='ocrx_word' id='word_1_239' title='bbox 1245 2985 1310 3035; x_wconf 88' lang='lat' dir='ltr'><strong>aber</strong></span> <span class='ocrx_word' id='word_1_240' title='bbox 1326 2999 1392 3048; x_wconf 79' lang='lat' dir='ltr'><strong>war,</strong></span> <span class='ocrx_word' id='word_1_241' title='bbox 1418 2985 1468 3036; x_wconf 87' lang='lat' dir='ltr'><strong>wie</strong></span> <span class='ocrx_word' id='word_1_242' title='bbox 1486 2985 1555 3036; x_wconf 82' lang='lat' dir='ltr'><strong>anob</strong></span> <span class='ocrx_word' id='word_1_243' title='bbox 1573 2987 1656 3037; x_wconf 80' lang='lat' dir='ltr'><strong>Fsrdi-</strong></span> 
     </span>
     <span class='ocr_line' id='line_1_25' title="bbox 409 3067 1658 3136; baseline 0.002 -16"><span class='ocrx_word' id='word_1_244' title='bbox 409 3069 480 3120; x_wconf 87' lang='lat' dir='ltr'><strong>nand</strong></span> <span class='ocrx_word' id='word_1_245' title='bbox 499 3069 557 3120; x_wconf 88' lang='lat' dir='ltr'><strong>dem</strong></span> <span class='ocrx_word' id='word_1_246' title='bbox 582 3069 734 3120; x_wconf 79' lang='lat' dir='ltr'><strong>Gesandten</strong></span> <span class='ocrx_word' id='word_1_247' title='bbox 757 3071 926 3132; x_wconf 80' lang='lat' dir='ltr'><strong>sntwortete,</strong></span> <span class='ocrx_word' id='word_1_248' title='bbox 948 3067 990 3118; x_wconf 84' lang='lat' dir='ltr'><strong>fur</strong></span> <span class='ocrx_word' id='word_1_249' title='bbox 1015 3067 1065 3118; x_wconf 88' lang='lat' dir='ltr'><strong>den</strong></span> <span class='ocrx_word' id='word_1_250' title='bbox 1089 3069 1277 3136; x_wconf 78' lang='lat' dir='ltr'><strong>vorliegenden</strong></span> <span class='ocrx_word' id='word_1_251' title='bbox 1295 3070 1352 3121; x_wconf 75' lang='lat' dir='ltr'><strong>Fnll</strong></span> <span class='ocrx_word' id='word_1_252' title='bbox 1376 3071 1507 3124; x_wconf 84' lang='lat' dir='ltr'><strong>wertblos.</strong></span> <span class='ocrx_word' id='word_1_253' title='bbox 1538 3073 1658 3124; x_wconf 78' lang='lat' dir='ltr'><strong>lndessen</strong></span> 
     </span>
     <span class='ocr_line' id='line_1_26' title="bbox 411 3151 1656 3223; baseline 0.002 -18"><span class='ocrx_word' id='word_1_254' title='bbox 411 3156 485 3206; x_wconf 84' lang='lat' dir='ltr'><strong>hatte</strong></span> <span class='ocrx_word' id='word_1_255' title='bbox 503 3155 545 3205; x_wconf 89' lang='lat' dir='ltr'><strong>die</strong></span> <span class='ocrx_word' id='word_1_256' title='bbox 562 3155 681 3206; x_wconf 78' lang='lat' dir='ltr'><strong>Anlrunft</strong></span> <span class='ocrx_word' id='word_1_257' title='bbox 698 3170 751 3204; x_wconf 85' lang='lat' dir='ltr'><strong>von</strong></span> <span class='ocrx_word' id='word_1_258' title='bbox 770 3153 888 3206; x_wconf 82' lang='lat' dir='ltr'><strong>Guaman</strong></span> <span class='ocrx_word' id='word_1_259' title='bbox 907 3155 1047 3216; x_wconf 85' lang='lat' dir='ltr'><strong>(Reimann</strong></span> <span class='ocrx_word' id='word_1_260' title='bbox 1063 3157 1091 3205; x_wconf 90' lang='lat' dir='ltr'><strong>in</strong></span> <span class='ocrx_word' id='word_1_261' title='bbox 1108 3151 1297 3223; x_wconf 78' lang='lat' dir='ltr'><strong>Forsohungdn</strong></span> <span class='ocrx_word' id='word_1_262' title='bbox 1315 3157 1339 3220; x_wconf 84' lang='lat'><strong>8,</strong></span> <span class='ocrx_word' id='word_1_263' title='bbox 1358 3159 1382 3220; x_wconf 83' lang='lat'><strong>8,</strong></span> <span class='ocrx_word' id='word_1_264' title='bbox 1402 3174 1441 3208; x_wconf 86' lang='lat' dir='ltr'><strong>wo</strong></span> <span class='ocrx_word' id='word_1_265' title='bbox 1454 3159 1511 3208; x_wconf 87' lang='lat' dir='ltr'><strong>sieh</strong></span> <span class='ocrx_word' id='word_1_266' title='bbox 1524 3160 1594 3210; x_wconf 72' lang='lat' dir='ltr'><strong>auen</strong></span> <span class='ocrx_word' id='word_1_267' title='bbox 1611 3159 1656 3209; x_wconf 85' lang='lat' dir='ltr'><strong>alle</strong></span> 
     </span>
    </p>

    <p class='ocr_par' dir='ltr' id='par_1_4' title="bbox 338 3239 1656 3396">
     <span class='ocr_line' id='line_1_27' title="bbox 338 3239 1656 3311; baseline 0.003 -21"><span class='ocrx_word' id='word_1_268' title='bbox 338 3295 341 3301; x_wconf 28' lang='lat'><em>⁷</em></span> <span class='ocrx_word' id='word_1_269' title='bbox 412 3241 503 3292; x_wconf 87' lang='lat' dir='ltr'><strong>bieber</strong></span> <span class='ocrx_word' id='word_1_270' title='bbox 521 3241 661 3308; x_wconf 78' lang='lat' dir='ltr'><strong>gehttrigsn</strong></span> <span class='ocrx_word' id='word_1_271' title='bbox 680 3241 768 3291; x_wconf 85' lang='lat' dir='ltr'><strong>Briele</strong></span> <span class='ocrx_word' id='word_1_272' title='bbox 786 3239 1036 3307; x_wconf 70' lang='lat' dir='ltr'><strong>angeluhrtflndenl</strong></span> <span class='ocrx_word' id='word_1_273' title='bbox 1050 3242 1077 3290; x_wconf 87' lang='lat' dir='ltr'><strong>in</strong></span> <span class='ocrx_word' id='word_1_274' title='bbox 1090 3240 1236 3292; x_wconf 86' lang='lat' dir='ltr'><strong>lnnsbrnek</strong></span> <span class='ocrx_word' id='word_1_275' title='bbox 1255 3242 1334 3306; x_wconf 79' lang='lat' dir='ltr'><strong>(nsab</strong></span> <span class='ocrx_word' id='word_1_276' title='bbox 1346 3245 1494 3295; x_wconf 77' lang='lat' dir='ltr'><strong>rtmisoben</strong></span> <span class='ocrx_word' id='word_1_277' title='bbox 1506 3247 1656 3311; x_wconf 78' lang='lat' dir='ltr'><strong>Depesoben</strong></span> 
     </span>
     <span class='ocr_line' id='line_1_28' title="bbox 411 3327 1655 3396; baseline 0.003 -18"><span class='ocrx_word' id='word_1_278' title='bbox 411 3343 499 3379; x_wconf 75' lang='lat' dir='ltr'><strong>waren</strong></span> <span class='ocrx_word' id='word_1_279' title='bbox 516 3329 594 3379; x_wconf 81' lang='lat' dir='ltr'><strong>Avila</strong></span> <span class='ocrx_word' id='word_1_280' title='bbox 610 3327 664 3378; x_wconf 87' lang='lat' dir='ltr'><strong>und</strong></span> <span class='ocrx_word' id='word_1_281' title='bbox 683 3327 801 3379; x_wconf 82' lang='lat' dir='ltr'><strong>Guaman</strong></span> <span class='ocrx_word' id='word_1_282' title='bbox 818 3329 846 3378; x_wconf 90' lang='lat' dir='ltr'><strong>in</strong></span> <span class='ocrx_word' id='word_1_283' title='bbox 864 3328 916 3378; x_wconf 85' lang='lat' dir='ltr'><strong>den</strong></span> <span class='ocrx_word' id='word_1_284' title='bbox 932 3327 1030 3378; x_wconf 84' lang='lat' dir='ltr'><strong>letnten</strong></span> <span class='ocrx_word' id='word_1_285' title='bbox 1047 3327 1244 3393; x_wconf 75' lang='lat' dir='ltr'><strong>Febrnsrtagen</strong></span> <span class='ocrx_word' id='word_1_286' title='bbox 1263 3331 1290 3380; x_wconf 88' lang='lat' dir='ltr'><strong>in</strong></span> <span class='ocrx_word' id='word_1_287' title='bbox 1310 3330 1418 3380; x_wconf 80' lang='lat' dir='ltr'><strong>Antibes</strong></span> <span class='ocrx_word' id='word_1_288' title='bbox 1437 3330 1577 3396; x_wconf 54' lang='lat' dir='ltr'><strong>gelandun</strong></span> <span class='ocrx_word' id='word_1_289' title='bbox 1595 3331 1655 3382; x_wconf 81' lang='lat' dir='ltr'><strong>dam</strong></span> 
     </span>
    </p>
   </div>
   <div class='ocr_carea' id='block_1_4' title="bbox 409 3410 1711 3484">
    <p class='ocr_par' dir='ltr' id='par_1_5' title="bbox 409 3410 1711 3484">
     <span class='ocr_line' id='line_1_29' title="bbox 409 3410 1711 3484; baseline 0.002 -18"><span class='ocrx_word' id='word_1_290' title='bbox 409 3415 449 3466; x_wconf 85' lang='lat' dir='ltr'><strong>Le</strong></span> <span class='ocrx_word' id='word_1_291' title='bbox 465 3415 526 3466; x_wconf 82' lang='lat' dir='ltr'><strong>Plut</strong></span> <span class='ocrx_word' id='word_1_292' title='bbox 542 3417 567 3478; x_wconf 78' lang='grc' dir='ltr'><strong>ὅ,</strong></span> <span class='ocrx_word' id='word_1_293' title='bbox 586 3415 646 3478; x_wconf 86' lang='grc'>713)</span> <span class='ocrx_word' id='word_1_294' title='bbox 676 3416 751 3464; x_wconf 80' lang='lat' dir='ltr'><strong>am&#39;l</strong></span> <span class='ocrx_word' id='word_1_295' title='bbox 778 3414 851 3464; x_wconf 72' lang='lat' dir='ltr'><strong>Mara</strong></span> <span class='ocrx_word' id='word_1_296' title='bbox 877 3413 932 3464; x_wconf 91' lang='lat' dir='ltr'><strong>und</strong></span> <span class='ocrx_word' id='word_1_297' title='bbox 956 3414 1025 3464; x_wconf 80' lang='grc' dir='ltr'><strong>ᾶιιιιι</strong></span> <span class='ocrx_word' id='word_1_298' title='bbox 1047 3415 1074 3464; x_wconf 91' lang='lat' dir='ltr'><strong>in</strong></span> <span class='ocrx_word' id='word_1_299' title='bbox 1098 3410 1174 3465; x_wconf 87' lang='lat' dir='ltr'><strong>Wien</strong></span> <span class='ocrx_word' id='word_1_300' title='bbox 1198 3430 1240 3466; x_wconf 81' lang='lat' dir='ltr'><strong>arn</strong></span> <span class='ocrx_word' id='word_1_301' title='bbox 1266 3416 1342 3466; x_wconf 67' lang='lat'><strong>2311.</strong></span> <span class='ocrx_word' id='word_1_302' title='bbox 1366 3417 1403 3468; x_wconf 87' lang='lat' dir='ltr'><strong>M.</strong></span> <span class='ocrx_word' id='word_1_303' title='bbox 1423 3415 1519 3468; x_wconf 80' lang='lat' dir='ltr'><strong>Aulasa</strong></span> <span class='ocrx_word' id='word_1_304' title='bbox 1540 3420 1655 3484; x_wconf 80' lang='lat' dir='ltr'><strong>geboten,</strong></span> <span class='ocrx_word' id='word_1_305' title='bbox 1710 3427 1711 3438; x_wconf 63' lang='lat'>¹</span> 
     </span>
    </p>
   </div>
   <div class='ocr_carea' id='block_1_5' title="bbox 409 3499 1654 3825">
    <p class='ocr_par' dir='ltr' id='par_1_6' title="bbox 409 3499 1654 3825">
     <span class='ocr_line' id='line_1_30' title="bbox 410 3499 1654 3570; baseline 0.002 -20"><span class='ocrx_word' id='word_1_306' title='bbox 410 3503 515 3552; x_wconf 83' lang='lat' dir='ltr'><strong>weltere</strong></span> <span class='ocrx_word' id='word_1_307' title='bbox 525 3500 638 3551; x_wconf 88' lang='lat' dir='ltr'><strong>Sobritte</strong></span> <span class='ocrx_word' id='word_1_308' title='bbox 656 3517 688 3552; x_wconf 81' lang='lat' dir='ltr'><strong>au</strong></span> <span class='ocrx_word' id='word_1_309' title='bbox 705 3501 771 3551; x_wconf 88' lang='lat' dir='ltr'><strong>thun</strong></span> <span class='ocrx_word' id='word_1_310' title='bbox 788 3516 831 3550; x_wconf 90' lang='lat' dir='ltr'><strong>um</strong></span> <span class='ocrx_word' id='word_1_311' title='bbox 850 3499 891 3550; x_wconf 79' lang='lat' dir='ltr'><strong>tur</strong></span> <span class='ocrx_word' id='word_1_312' title='bbox 908 3500 1072 3552; x_wconf 83' lang='lat' dir='ltr'><strong>Maximilisn</strong></span> <span class='ocrx_word' id='word_1_313' title='bbox 1090 3501 1132 3552; x_wconf 91' lang='lat' dir='ltr'><strong>die</strong></span> <span class='ocrx_word' id='word_1_314' title='bbox 1143 3502 1291 3567; x_wconf 87' lang='lat' dir='ltr'><strong>piipstliehe</strong></span> <span class='ocrx_word' id='word_1_315' title='bbox 1303 3503 1474 3570; x_wconf 78' lang='lat' dir='ltr'><strong>Bestlitigung</strong></span> <span class='ocrx_word' id='word_1_316' title='bbox 1487 3505 1654 3556; x_wconf 82' lang='lat' dir='ltr'><strong>zuerwirlren</strong></span> 
     </span>
     <span class='ocr_line' id='line_1_31' title="bbox 410 3585 1654 3654; baseline 0.001 -17"><span class='ocrx_word' id='word_1_317' title='bbox 410 3588 466 3637; x_wconf 86' lang='lat' dir='ltr'><strong>Der</strong></span> <span class='ocrx_word' id='word_1_318' title='bbox 483 3587 570 3652; x_wconf 76' lang='lat' dir='ltr'><strong>Konig</strong></span> <span class='ocrx_word' id='word_1_319' title='bbox 588 3586 681 3636; x_wconf 87' lang='lat' dir='ltr'><strong>sandte</strong></span> <span class='ocrx_word' id='word_1_320' title='bbox 699 3601 740 3636; x_wconf 86' lang='lat' dir='ltr'><strong>am</strong></span> <span class='ocrx_word' id='word_1_321' title='bbox 760 3588 775 3636; x_wconf 80' lang='lat'><strong>&#39;1</strong></span> <span class='ocrx_word' id='word_1_322' title='bbox 793 3585 867 3652; x_wconf 81' lang='lat' dir='ltr'><strong>April</strong></span> <span class='ocrx_word' id='word_1_323' title='bbox 885 3587 949 3636; x_wconf 82' lang='lat' dir='ltr'><strong>awai</strong></span> <span class='ocrx_word' id='word_1_324' title='bbox 968 3601 1002 3636; x_wconf 78' lang='lat' dir='ltr'><strong>an</strong></span> <span class='ocrx_word' id='word_1_325' title='bbox 1019 3585 1088 3637; x_wconf 79' lang='lat' dir='ltr'><strong>Areo</strong></span> <span class='ocrx_word' id='word_1_326' title='bbox 1107 3587 1251 3654; x_wconf 82' lang='lat' dir='ltr'><strong>geriohtete</strong></span> <span class='ocrx_word' id='word_1_327' title='bbox 1269 3587 1411 3638; x_wconf 85' lang='lat' dir='ltr'><strong>Sohreiben</strong></span> <span class='ocrx_word' id='word_1_328' title='bbox 1434 3590 1513 3639; x_wconf 84' lang='lat' dir='ltr'><strong>nebst</strong></span> <span class='ocrx_word' id='word_1_329' title='bbox 1531 3592 1602 3640; x_wconf 88' lang='lat' dir='ltr'><strong>einer</strong></span> <span class='ocrx_word' id='word_1_330' title='bbox 1618 3589 1654 3639; x_wconf 84' lang='grc' dir='ltr'><strong>Εἰ-</strong></span> 
     </span>
     <span class='ocr_line' id='line_1_32' title="bbox 411 3672 1653 3739; baseline 0 -15"><span class='ocrx_word' id='word_1_331' title='bbox 411 3672 551 3724; x_wconf 79' lang='lat' dir='ltr'><strong>deslormel</strong></span> <span class='ocrx_word' id='word_1_332' title='bbox 570 3687 603 3723; x_wconf 88' lang='lat' dir='ltr'><strong>an</strong></span> <span class='ocrx_word' id='word_1_333' title='bbox 621 3675 711 3723; x_wconf 81' lang='lat' dir='ltr'><strong>aeinen</strong></span> <span class='ocrx_word' id='word_1_334' title='bbox 729 3672 823 3724; x_wconf 78' lang='lat' dir='ltr'><strong>Vater:</strong></span> <span class='ocrx_word' id='word_1_335' title='bbox 842 3672 928 3723; x_wconf 88' lang='lat' dir='ltr'><strong>beisse</strong></span> <span class='ocrx_word' id='word_1_336' title='bbox 947 3688 975 3722; x_wconf 91' lang='lat' dir='ltr'><strong>er</strong></span> <span class='ocrx_word' id='word_1_337' title='bbox 986 3674 1025 3724; x_wconf 80' lang='lat' dir='ltr'><strong>aie</strong></span> <span class='ocrx_word' id='word_1_338' title='bbox 1038 3677 1091 3739; x_wconf 84' lang='lat' dir='ltr'><strong>gut,</strong></span> <span class='ocrx_word' id='word_1_339' title='bbox 1110 3689 1140 3723; x_wconf 85' lang='lat' dir='ltr'><strong>so</strong></span> <span class='ocrx_word' id='word_1_340' title='bbox 1158 3679 1234 3739; x_wconf 84' lang='lat' dir='ltr'><strong>mtlge</strong></span> <span class='ocrx_word' id='word_1_341' title='bbox 1253 3689 1280 3723; x_wconf 90' lang='lat' dir='ltr'><strong>er</strong></span> <span class='ocrx_word' id='word_1_342' title='bbox 1298 3676 1335 3724; x_wconf 88' lang='lat' dir='ltr'><strong>sie</strong></span> <span class='ocrx_word' id='word_1_343' title='bbox 1353 3675 1422 3725; x_wconf 81' lang='lat' dir='ltr'><strong>nach</strong></span> <span class='ocrx_word' id='word_1_344' title='bbox 1439 3675 1505 3725; x_wconf 85' lang='lat' dir='ltr'><strong>Rom</strong></span> <span class='ocrx_word' id='word_1_345' title='bbox 1523 3677 1653 3738; x_wconf 69' lang='lat' dir='ltr'><strong>echichen,</strong></span> 
     </span>
     <span class='ocr_line' id='line_1_33' title="bbox 409 3759 1649 3825; baseline -0.002 -13"><span class='ocrx_word' id='word_1_346' title='bbox 409 3763 494 3814; x_wconf 80' lang='lat' dir='ltr'><strong>belus</strong></span> <span class='ocrx_word' id='word_1_347' title='bbox 512 3779 540 3813; x_wconf 87' lang='lat' dir='ltr'><strong>er</strong></span> <span class='ocrx_word' id='word_1_348' title='bbox 557 3761 594 3811; x_wconf 84' lang='lat' dir='ltr'><strong>sie</strong></span> <span class='ocrx_word' id='word_1_349' title='bbox 612 3759 686 3809; x_wconf 87' lang='lat' dir='ltr'><strong>nieht</strong></span> <span class='ocrx_word' id='word_1_350' title='bbox 703 3763 757 3824; x_wconf 81' lang='lat' dir='ltr'><strong>gut,</strong></span> <span class='ocrx_word' id='word_1_351' title='bbox 775 3773 805 3809; x_wconf 87' lang='lat' dir='ltr'><strong>so</strong></span> <span class='ocrx_word' id='word_1_352' title='bbox 822 3764 898 3825; x_wconf 81' lang='lat' dir='ltr'><strong>mttge</strong></span> <span class='ocrx_word' id='word_1_353' title='bbox 917 3775 945 3809; x_wconf 91' lang='lat' dir='ltr'><strong>er</strong></span> <span class='ocrx_word' id='word_1_354' title='bbox 953 3760 992 3808; x_wconf 90' lang='lat' dir='ltr'><strong>sie</strong></span> <span class='ocrx_word' id='word_1_355' title='bbox 1004 3759 1206 3810; x_wconf 80' lang='lat' dir='ltr'><strong>aurilelrstellen.</strong></span> <span class='ocrx_word' id='word_1_356' title='bbox 1226 3759 1280 3810; x_wconf 82' lang='lat' dir='ltr'><strong>Das</strong></span> <span class='ocrx_word' id='word_1_357' title='bbox 1298 3761 1357 3810; x_wconf 92' lang='lat' dir='ltr'><strong>eine</strong></span> <span class='ocrx_word' id='word_1_358' title='bbox 1375 3759 1520 3812; x_wconf 81' lang='lat' dir='ltr'><strong>Sobreibsn</strong></span> <span class='ocrx_word' id='word_1_359' title='bbox 1538 3777 1572 3812; x_wconf 81' lang='lat' dir='ltr'><strong>an</strong></span> <span class='ocrx_word' id='word_1_360' title='bbox 1589 3763 1649 3813; x_wconf 81' lang='lat' dir='ltr'><strong>Areo</strong></span> 
     </span>
    </p>
   </div>
   <div class='ocr_carea' id='block_1_6' title="bbox 410 3843 1711 4001">
    <p class='ocr_par' dir='ltr' id='par_1_7' title="bbox 410 3843 1711 4001">
     <span class='ocr_line' id='line_1_34' title="bbox 410 3843 1711 3918; baseline 0 -20"><span class='ocrx_word' id='word_1_361' title='bbox 410 3865 470 3898; x_wconf 83' lang='lat' dir='ltr'><strong>vom</strong></span> <span class='ocrx_word' id='word_1_362' title='bbox 490 3849 504 3898; x_wconf 81' lang='grc'><strong>7</strong></span> <span class='ocrx_word' id='word_1_363' title='bbox 522 3847 595 3914; x_wconf 84' lang='lat' dir='ltr'><strong>April</strong></span> <span class='ocrx_word' id='word_1_364' title='bbox 615 3846 763 3912; x_wconf 71' lang='lat' dir='ltr'><strong>(Romana),</strong></span> <span class='ocrx_word' id='word_1_365' title='bbox 788 3843 902 3895; x_wconf 86' lang='lat' dir='ltr'><strong>welobes</strong></span> <span class='ocrx_word' id='word_1_366' title='bbox 921 3843 1054 3896; x_wconf 84' lang='lat' dir='ltr'><strong>eventnsll</strong></span> <span class='ocrx_word' id='word_1_367' title='bbox 1072 3844 1131 3895; x_wconf 85' lang='lat' dir='ltr'><strong>dem</strong></span> <span class='ocrx_word' id='word_1_368' title='bbox 1148 3845 1245 3909; x_wconf 81' lang='lat' dir='ltr'><strong>Pspste</strong></span> <span class='ocrx_word' id='word_1_369' title='bbox 1264 3847 1367 3912; x_wconf 80' lang='lat' dir='ltr'><strong>geaeigt</strong></span> <span class='ocrx_word' id='word_1_370' title='bbox 1384 3847 1489 3898; x_wconf 84' lang='lat' dir='ltr'><strong>werden</strong></span> <span class='ocrx_word' id='word_1_371' title='bbox 1507 3848 1599 3912; x_wconf 81' lang='lat' dir='ltr'><strong>sollte,</strong></span> <span class='ocrx_word' id='word_1_372' title='bbox 1616 3850 1652 3898; x_wconf 77' lang='lat' dir='ltr'><strong>be</strong></span> <span class='ocrx_word' id='word_1_373' title='bbox 1710 3891 1711 3918; x_wconf 73' lang='lat'><strong>,</strong></span> 
     </span>
     <span class='ocr_line' id='line_1_35' title="bbox 410 3931 1711 4001; baseline -0.001 -15"><span class='ocrx_word' id='word_1_374' title='bbox 410 3939 482 4001; x_wconf 77' lang='lat' dir='ltr'><strong>aagt:</strong></span> <span class='ocrx_word' id='word_1_375' title='bbox 511 3935 558 3986; x_wconf 86' lang='lat' dir='ltr'><strong>der</strong></span> <span class='ocrx_word' id='word_1_376' title='bbox 576 3933 671 3985; x_wconf 82' lang='lat' dir='ltr'><strong>Orator</strong></span> <span class='ocrx_word' id='word_1_377' title='bbox 688 3937 766 3998; x_wconf 79' lang='lat' dir='ltr'><strong>nrbge</strong></span> <span class='ocrx_word' id='word_1_378' title='bbox 785 3931 836 3982; x_wconf 88' lang='lat' dir='ltr'><strong>den</strong></span> <span class='ocrx_word' id='word_1_379' title='bbox 854 3931 942 3998; x_wconf 78' lang='lat' dir='ltr'><strong>Ktnig</strong></span> <span class='ocrx_word' id='word_1_380' title='bbox 968 3932 1037 3982; x_wconf 84' lang='lat' dir='ltr'><strong>belm</strong></span> <span class='ocrx_word' id='word_1_381' title='bbox 1055 3931 1153 3998; x_wconf 83' lang='lat' dir='ltr'><strong>Papste</strong></span> <span class='ocrx_word' id='word_1_382' title='bbox 1171 3931 1370 3998; x_wconf 83' lang='lat' dir='ltr'><strong>eutsobuldigsn</strong></span> <span class='ocrx_word' id='word_1_383' title='bbox 1404 3933 1465 3984; x_wconf 71' lang='lat' dir='ltr'><strong>dass</strong></span> <span class='ocrx_word' id='word_1_384' title='bbox 1492 3949 1521 3985; x_wconf 86' lang='lat' dir='ltr'><strong>er</strong></span> <span class='ocrx_word' id='word_1_385' title='bbox 1537 3951 1568 3986; x_wconf 75' lang='lat' dir='ltr'><strong>so</strong></span> <span class='ocrx_word' id='word_1_386' title='bbox 1586 3935 1652 4000; x_wconf 74' lang='lat' dir='ltr'><strong>lange</strong></span> <span class='ocrx_word' id='word_1_387' title='bbox 1710 3963 1711 3970; x_wconf 26' lang='grc' dir='ltr'><strong>ι</strong></span> 
     </span>
    </p>
   </div>
   <div class='ocr_carea' id='block_1_7' title="bbox 409 4018 1652 4432">
    <p class='ocr_par' dir='ltr' id='par_1_8' title="bbox 409 4018 1652 4432">
     <span class='ocr_line' id='line_1_36' title="bbox 411 4018 1652 4088; baseline -0.001 -17"><span class='ocrx_word' id='word_1_388' title='bbox 411 4025 535 4088; x_wconf 75' lang='lat' dir='ltr'><strong>gezbgert</strong></span> <span class='ocrx_word' id='word_1_389' title='bbox 552 4020 635 4083; x_wconf 69' lang='lat' dir='ltr'><strong>habe,</strong></span> <span class='ocrx_word' id='word_1_390' title='bbox 653 4019 817 4070; x_wconf 79' lang='lat' dir='ltr'><strong>Maximiliun</strong></span> <span class='ocrx_word' id='word_1_391' title='bbox 834 4018 921 4070; x_wconf 83' lang='lat' dir='ltr'><strong>werde</strong></span> <span class='ocrx_word' id='word_1_392' title='bbox 940 4033 968 4068; x_wconf 87' lang='lat' dir='ltr'><strong>ss</strong></span> <span class='ocrx_word' id='word_1_393' title='bbox 986 4018 1059 4068; x_wconf 82' lang='lat' dir='ltr'><strong>nicht</strong></span> <span class='ocrx_word' id='word_1_394' title='bbox 1077 4033 1111 4068; x_wconf 89' lang='lat' dir='ltr'><strong>au</strong></span> <span class='ocrx_word' id='word_1_395' title='bbox 1130 4018 1189 4069; x_wconf 87' lang='lat' dir='ltr'><strong>dem</strong></span> <span class='ocrx_word' id='word_1_396' title='bbox 1207 4018 1295 4070; x_wconf 84' lang='lat' dir='ltr'><strong>fehlen</strong></span> <span class='ocrx_word' id='word_1_397' title='bbox 1314 4019 1401 4070; x_wconf 82' lang='lat' dir='ltr'><strong>laasen</strong></span> <span class='ocrx_word' id='word_1_398' title='bbox 1418 4033 1472 4070; x_wconf 80' lang='lat' dir='ltr'><strong>was</strong></span> <span class='ocrx_word' id='word_1_399' title='bbox 1487 4022 1561 4072; x_wconf 84' lang='lat' dir='ltr'><strong>asine</strong></span> <span class='ocrx_word' id='word_1_400' title='bbox 1573 4019 1652 4073; x_wconf 81' lang='lat' dir='ltr'><strong>Schul-</strong></span> 
     </span>
     <span class='ocr_line' id='line_1_37' title="bbox 412 4103 1650 4174; baseline -0.003 -16"><span class='ocrx_word' id='word_1_401' title='bbox 412 4108 512 4174; x_wconf 78' lang='lat' dir='ltr'><strong>diglreit</strong></span> <span class='ocrx_word' id='word_1_402' title='bbox 530 4107 568 4156; x_wconf 81' lang='lat' dir='ltr'><strong>aei</strong></span> <span class='ocrx_word' id='word_1_403' title='bbox 587 4105 640 4156; x_wconf 89' lang='lat' dir='ltr'><strong>und</strong></span> <span class='ocrx_word' id='word_1_404' title='bbox 658 4119 711 4154; x_wconf 82' lang='lat' dir='ltr'><strong>was</strong></span> <span class='ocrx_word' id='word_1_405' title='bbox 729 4105 802 4154; x_wconf 87' lang='lat' dir='ltr'><strong>seins</strong></span> <span class='ocrx_word' id='word_1_406' title='bbox 820 4103 968 4155; x_wconf 87' lang='lat' dir='ltr'><strong>Vorfahren</strong></span> <span class='ocrx_word' id='word_1_407' title='bbox 985 4103 1097 4170; x_wconf 73' lang='lat' dir='ltr'><strong>gethan,</strong></span> <span class='ocrx_word' id='word_1_408' title='bbox 1128 4120 1155 4154; x_wconf 90' lang='lat' dir='ltr'><strong>er</strong></span> <span class='ocrx_word' id='word_1_409' title='bbox 1173 4105 1243 4156; x_wconf 80' lang='lat' dir='ltr'><strong>hoffe</strong></span> <span class='ocrx_word' id='word_1_410' title='bbox 1266 4105 1331 4155; x_wconf 87' lang='lat' dir='ltr'><strong>Pius</strong></span> <span class='ocrx_word' id='word_1_411' title='bbox 1349 4105 1436 4156; x_wconf 83' lang='lat' dir='ltr'><strong>werde</strong></span> <span class='ocrx_word' id='word_1_412' title='bbox 1454 4106 1589 4158; x_wconf 78' lang='lat' dir='ltr'><strong>mffieden</strong></span> <span class='ocrx_word' id='word_1_413' title='bbox 1606 4107 1650 4157; x_wconf 82' lang='lat' dir='ltr'><strong>sein</strong></span> 
     </span>
     <span class='ocr_line' id='line_1_38' title="bbox 409 4190 1650 4260; baseline -0.003 -16"><span class='ocrx_word' id='word_1_414' title='bbox 409 4196 457 4244; x_wconf 89' lang='lat' dir='ltr'><strong>mit</strong></span> <span class='ocrx_word' id='word_1_415' title='bbox 474 4192 623 4259; x_wconf 83' lang='lat' dir='ltr'><strong>folgendem</strong></span> <span class='ocrx_word' id='word_1_416' title='bbox 635 4190 716 4241; x_wconf 83' lang='lat' dir='ltr'><strong>Eide:</strong></span> <span class='ocrx_word' id='word_1_417' title='bbox 736 4205 785 4255; x_wconf 86' lang='lat' dir='ltr'><strong>ego</strong></span> <span class='ocrx_word' id='word_1_418' title='bbox 804 4191 840 4240; x_wconf 88' lang='grc' dir='ltr'><strong>Μ.</strong></span> <span class='ocrx_word' id='word_1_419' title='bbox 855 4191 1030 4242; x_wconf 85' lang='lat' dir='ltr'><strong>Romanorum</strong></span> <span class='ocrx_word' id='word_1_420' title='bbox 1048 4206 1101 4254; x_wconf 84' lang='lat' dir='ltr'><strong>rex,</strong></span> <span class='ocrx_word' id='word_1_421' title='bbox 1120 4190 1379 4242; x_wconf 79' lang='lat' dir='ltr'><strong>adiurantedomino</strong></span> <span class='ocrx_word' id='word_1_422' title='bbox 1396 4191 1498 4242; x_wconf 81' lang='lat' dir='ltr'><strong>futurus</strong></span> <span class='ocrx_word' id='word_1_423' title='bbox 1517 4194 1650 4260; x_wconf 84' lang='lat' dir='ltr'><strong>imperator,</strong></span> 
     </span>
     <span class='ocr_line' id='line_1_39' title="bbox 410 4277 1648 4346; baseline -0.003 -16"><span class='ocrx_word' id='word_1_424' title='bbox 410 4279 526 4346; x_wconf 87' lang='lat' dir='ltr'><strong>spondeo</strong></span> <span class='ocrx_word' id='word_1_425' title='bbox 546 4283 572 4328; x_wconf 88' lang='lat' dir='ltr'><strong>et</strong></span> <span class='ocrx_word' id='word_1_426' title='bbox 589 4277 717 4344; x_wconf 81' lang='lat' dir='ltr'><strong>polliceor</strong></span> <span class='ocrx_word' id='word_1_427' title='bbox 735 4283 815 4343; x_wconf 89' lang='lat' dir='ltr'><strong>atque</strong></span> <span class='ocrx_word' id='word_1_428' title='bbox 834 4279 890 4329; x_wconf 90' lang='lat' dir='ltr'><strong>iuro</strong></span> <span class='ocrx_word' id='word_1_429' title='bbox 910 4292 999 4328; x_wconf 87' lang='lat' dir='ltr'><strong>eoram</strong></span> <span class='ocrx_word' id='word_1_430' title='bbox 1017 4277 1075 4341; x_wconf 84' lang='lat' dir='ltr'><strong>deo,</strong></span> <span class='ocrx_word' id='word_1_431' title='bbox 1099 4293 1142 4328; x_wconf 88' lang='lat' dir='ltr'><strong>me</strong></span> <span class='ocrx_word' id='word_1_432' title='bbox 1159 4282 1335 4343; x_wconf 79' lang='lat' dir='ltr'><strong>protectorem</strong></span> <span class='ocrx_word' id='word_1_433' title='bbox 1359 4283 1556 4342; x_wconf 77' lang='lat' dir='ltr'><strong>procuratorem</strong></span> <span class='ocrx_word' id='word_1_434' title='bbox 1574 4285 1598 4330; x_wconf 84' lang='lat' dir='ltr'><strong>at</strong></span> <span class='ocrx_word' id='word_1_435' title='bbox 1613 4279 1648 4328; x_wconf 89' lang='lat' dir='ltr'><strong>de·</strong></span> 
     </span>
     <span class='ocr_line' id='line_1_40' title="bbox 410 4363 1648 4432; baseline -0.002 -15"><span class='ocrx_word' id='word_1_436' title='bbox 410 4367 540 4417; x_wconf 79' lang='lat' dir='ltr'><strong>lentorem</strong></span> <span class='ocrx_word' id='word_1_437' title='bbox 559 4365 616 4415; x_wconf 85' lang='lat' dir='ltr'><strong>lore</strong></span> <span class='ocrx_word' id='word_1_438' title='bbox 639 4367 666 4414; x_wconf 90' lang='lat' dir='ltr'><strong>in</strong></span> <span class='ocrx_word' id='word_1_439' title='bbox 689 4364 809 4414; x_wconf 82' lang='lat' dir='ltr'><strong>omnibus</strong></span> <span class='ocrx_word' id='word_1_440' title='bbox 833 4365 907 4414; x_wconf 86' lang='lat' dir='ltr'><strong>iustis</strong></span> <span class='ocrx_word' id='word_1_441' title='bbox 932 4370 958 4414; x_wconf 90' lang='lat' dir='ltr'><strong>et</strong></span> <span class='ocrx_word' id='word_1_442' title='bbox 981 4364 1098 4415; x_wconf 85' lang='lat' dir='ltr'><strong>honestis</strong></span> <span class='ocrx_word' id='word_1_443' title='bbox 1121 4365 1200 4415; x_wconf 86' lang='lat' dir='ltr'><strong>rebus</strong></span> <span class='ocrx_word' id='word_1_444' title='bbox 1218 4366 1312 4415; x_wconf 88' lang='lat' dir='ltr'><strong>summi</strong></span> <span class='ocrx_word' id='word_1_445' title='bbox 1328 4363 1460 4432; x_wconf 81' lang='lat' dir='ltr'><strong>pontifleis</strong></span> <span class='ocrx_word' id='word_1_446' title='bbox 1478 4371 1506 4416; x_wconf 83' lang='lat' dir='ltr'><strong>et</strong></span> <span class='ocrx_word' id='word_1_447' title='bbox 1524 4367 1598 4418; x_wconf 82' lang='lat' dir='ltr'><strong>buius</strong></span> <span class='ocrx_word' id='word_1_448' title='bbox 1614 4379 1648 4414; x_wconf 87' lang='lat' dir='ltr'><strong>ea·</strong></span> 
     </span>
    </p>
   </div>
   <div class='ocr_carea' id='block_1_8' title="bbox 409 4450 1711 4514">
    <p class='ocr_par' dir='ltr' id='par_1_9' title="bbox 409 4450 1711 4514">
     <span class='ocr_line' id='line_1_41' title="bbox 409 4450 1711 4514; baseline -0.002 -12"><span class='ocrx_word' id='word_1_449' title='bbox 409 4451 523 4502; x_wconf 83' lang='lat' dir='ltr'><strong>thelicae</strong></span> <span class='ocrx_word' id='word_1_450' title='bbox 542 4450 672 4502; x_wconf 78' lang='lat' dir='ltr'><strong>ecelesiae</strong></span> <span class='ocrx_word' id='word_1_451' title='bbox 690 4452 715 4500; x_wconf 94' lang='lat' dir='ltr'><strong>in</strong></span> <span class='ocrx_word' id='word_1_452' title='bbox 734 4451 854 4500; x_wconf 86' lang='lat' dir='ltr'><strong>omnibus</strong></span> <span class='ocrx_word' id='word_1_453' title='bbox 862 4451 1064 4502; x_wconf 82' lang='lat' dir='ltr'><strong>necessitatibus</strong></span> <span class='ocrx_word' id='word_1_454' title='bbox 1082 4455 1109 4502; x_wconf 87' lang='lat' dir='ltr'><strong>et</strong></span> <span class='ocrx_word' id='word_1_455' title='bbox 1121 4451 1278 4502; x_wconf 83' lang='lat' dir='ltr'><strong>utilitatibus</strong></span> <span class='ocrx_word' id='word_1_456' title='bbox 1290 4452 1353 4514; x_wconf 87' lang='lat' dir='ltr'><strong>suis,</strong></span> <span class='ocrx_word' id='word_1_457' title='bbox 1366 4451 1542 4505; x_wconf 79' lang='lat' dir='ltr'><strong>eustodiendo</strong></span> <span class='ocrx_word' id='word_1_458' title='bbox 1561 4459 1645 4504; x_wconf 83' lang='lat' dir='ltr'><strong>etson·</strong></span> <span class='ocrx_word' id='word_1_459' title='bbox 1710 4451 1711 4512; x_wconf 71' lang='lat' dir='ltr'><strong>l</strong></span> 
     </span>
    </p>
   </div>
   <div class='ocr_carea' id='block_1_9' title="bbox 411 4537 1645 5120">
    <p class='ocr_par' dir='ltr' id='par_1_10' title="bbox 411 4537 1645 4775">
     <span class='ocr_line' id='line_1_42' title="bbox 411 4537 1645 4602; baseline -0.002 -14"><span class='ocrx_word' id='word_1_460' title='bbox 411 4537 540 4590; x_wconf 80' lang='lat' dir='ltr'><strong>servando</strong></span> <span class='ocrx_word' id='word_1_461' title='bbox 567 4538 748 4602; x_wconf 86' lang='lat' dir='ltr'><strong>possessiones</strong></span> <span class='ocrx_word' id='word_1_462' title='bbox 774 4537 887 4588; x_wconf 88' lang='lat' dir='ltr'><strong>honores</strong></span> <span class='ocrx_word' id='word_1_463' title='bbox 906 4541 932 4586; x_wconf 89' lang='lat' dir='ltr'><strong>et</strong></span> <span class='ocrx_word' id='word_1_464' title='bbox 949 4538 1007 4587; x_wconf 84' lang='lat' dir='ltr'><strong>lura</strong></span> <span class='ocrx_word' id='word_1_465' title='bbox 1024 4537 1095 4600; x_wconf 87' lang='lat' dir='ltr'><strong>sius,</strong></span> <span class='ocrx_word' id='word_1_466' title='bbox 1123 4541 1248 4602; x_wconf 82' lang='lat' dir='ltr'><strong>quantum</strong></span> <span class='ocrx_word' id='word_1_467' title='bbox 1275 4537 1364 4588; x_wconf 82' lang='lat' dir='ltr'><strong>divino</strong></span> <span class='ocrx_word' id='word_1_468' title='bbox 1391 4537 1514 4590; x_wconf 83' lang='lat' dir='ltr'><strong>suffultus</strong></span> <span class='ocrx_word' id='word_1_469' title='bbox 1532 4537 1645 4590; x_wconf 80' lang='lat' dir='ltr'><strong>adiutorio</strong></span> 
     </span>
     <span class='ocr_line' id='line_1_43' title="bbox 414 4607 1645 4690; baseline -0.002 -16"><span class='ocrx_word' id='word_1_470' title='bbox 414 4623 486 4675; x_wconf 84' lang='lat' dir='ltr'><strong>luero</strong></span> <span class='ocrx_word' id='word_1_471' title='bbox 504 4623 650 4674; x_wconf 84' lang='lat' dir='ltr'><strong>seeundum</strong></span> <span class='ocrx_word' id='word_1_472' title='bbox 668 4637 746 4688; x_wconf 84' lang='lat' dir='ltr'><strong>posse</strong></span> <span class='ocrx_word' id='word_1_473' title='bbox 765 4638 858 4673; x_wconf 88' lang='lat' dir='ltr'><strong>meum.</strong></span> <span class='ocrx_word' id='word_1_474' title='bbox 877 4623 916 4673; x_wconf 88' lang='lat' dir='ltr'><strong>sia</strong></span> <span class='ocrx_word' id='word_1_475' title='bbox 934 4638 976 4673; x_wconf 90' lang='lat' dir='ltr'><strong>me</strong></span> <span class='ocrx_word' id='word_1_476' title='bbox 994 4622 1059 4673; x_wconf 77' lang='lat' dir='ltr'><strong>&lt;leus</strong></span> <span class='ocrx_word' id='word_1_477' title='bbox 1077 4623 1185 4674; x_wconf 85' lang='lat' dir='ltr'><strong>adiuret</strong></span> <span class='ocrx_word' id='word_1_478' title='bbox 1203 4629 1229 4674; x_wconf 87' lang='lat' dir='ltr'><strong>st</strong></span> <span class='ocrx_word' id='word_1_479' title='bbox 1248 4622 1314 4675; x_wconf 79' lang='lat' dir='ltr'><strong>bueo</strong></span> <span class='ocrx_word' id='word_1_480' title='bbox 1333 4607 1425 4675; x_wconf 77' lang='lat' dir='ltr'><strong>satiata</strong></span> <span class='ocrx_word' id='word_1_481' title='bbox 1450 4624 1493 4675; x_wconf 85' lang='lat' dir='ltr'><strong>dei</strong></span> <span class='ocrx_word' id='word_1_482' title='bbox 1518 4623 1645 4690; x_wconf 71' lang='lat' dir='ltr'><strong>evangelia</strong></span> 
     </span>
     <span class='ocr_line' id='line_1_44' title="bbox 411 4707 1203 4775; baseline -0.003 -15"><span class='ocrx_word' id='word_1_483' title='bbox 411 4711 466 4760; x_wconf 88' lang='lat' dir='ltr'><strong>Das</strong></span> <span class='ocrx_word' id='word_1_484' title='bbox 484 4711 573 4759; x_wconf 81' lang='lat' dir='ltr'><strong>aweite</strong></span> <span class='ocrx_word' id='word_1_485' title='bbox 593 4707 737 4760; x_wconf 85' lang='lat' dir='ltr'><strong>Sehreiben</strong></span> <span class='ocrx_word' id='word_1_486' title='bbox 754 4710 788 4758; x_wconf 91' lang='lat' dir='ltr'><strong>ist</strong></span> <span class='ocrx_word' id='word_1_487' title='bbox 806 4709 883 4775; x_wconf 79' lang='lat' dir='ltr'><strong>obige</strong></span> <span class='ocrx_word' id='word_1_488' title='bbox 901 4709 1020 4774; x_wconf 83' lang='lat' dir='ltr'><strong>gsheims</strong></span> <span class='ocrx_word' id='word_1_489' title='bbox 1038 4707 1203 4760; x_wconf 81' lang='lat' dir='ltr'><strong>instruction.</strong></span> 
     </span>
    </p>

    <p class='ocr_par' dir='ltr' id='par_1_11' title="bbox 411 4794 1644 5120">
     <span class='ocr_line' id='line_1_45' title="bbox 479 4794 1644 4863; baseline -0.001 -16"><span class='ocrx_word' id='word_1_490' title='bbox 479 4797 534 4847; x_wconf 80' lang='lat' dir='ltr'><strong>Ans</strong></span> <span class='ocrx_word' id='word_1_491' title='bbox 552 4796 637 4846; x_wconf 86' lang='lat' dir='ltr'><strong>einem</strong></span> <span class='ocrx_word' id='word_1_492' title='bbox 655 4794 730 4845; x_wconf 80' lang='lat' dir='ltr'><strong>Brief</strong></span> <span class='ocrx_word' id='word_1_493' title='bbox 745 4794 792 4846; x_wconf 87' lang='lat' dir='ltr'><strong>des</strong></span> <span class='ocrx_word' id='word_1_494' title='bbox 810 4796 916 4846; x_wconf 83' lang='lat' dir='ltr'><strong>Kaissrs</strong></span> <span class='ocrx_word' id='word_1_495' title='bbox 944 4810 977 4846; x_wconf 80' lang='lat' dir='ltr'><strong>an</strong></span> <span class='ocrx_word' id='word_1_496' title='bbox 996 4795 1046 4846; x_wconf 85' lang='lat' dir='ltr'><strong>den</strong></span> <span class='ocrx_word' id='word_1_497' title='bbox 1073 4795 1224 4848; x_wconf 81' lang='lat' dir='ltr'><strong>Gesandten</strong></span> <span class='ocrx_word' id='word_1_498' title='bbox 1247 4811 1308 4847; x_wconf 86' lang='lat' dir='ltr'><strong>vom</strong></span> <span class='ocrx_word' id='word_1_499' title='bbox 1331 4799 1364 4847; x_wconf 79' lang='lat'><strong>22</strong></span> <span class='ocrx_word' id='word_1_500' title='bbox 1387 4795 1460 4863; x_wconf 74' lang='lat' dir='ltr'><strong>April</strong></span> <span class='ocrx_word' id='word_1_501' title='bbox 1484 4794 1644 4863; x_wconf 64' lang='lat' dir='ltr'><strong>(originalis</strong></span> 
     </span>
     <span class='ocr_line' id='line_1_46' title="bbox 411 4879 1643 4944; baseline -0.003 -12"><span class='ocrx_word' id='word_1_502' title='bbox 411 4881 479 4932; x_wconf 76' lang='lat' dir='ltr'><strong>Areo</strong></span> <span class='ocrx_word' id='word_1_503' title='bbox 498 4879 532 4944; x_wconf 77' lang='lat' dir='ltr'><strong>A)</strong></span> <span class='ocrx_word' id='word_1_504' title='bbox 551 4879 671 4930; x_wconf 82' lang='lat' dir='ltr'><strong>erfahren</strong></span> <span class='ocrx_word' id='word_1_505' title='bbox 689 4881 735 4930; x_wconf 86' lang='lat' dir='ltr'><strong>wir</strong></span> <span class='ocrx_word' id='word_1_506' title='bbox 752 4896 813 4942; x_wconf 90' lang='lat' dir='ltr'><strong>nnn,</strong></span> <span class='ocrx_word' id='word_1_507' title='bbox 825 4881 948 4933; x_wconf 73' lang='lat' dir='ltr'><strong>wesbulb</strong></span> <span class='ocrx_word' id='word_1_508' title='bbox 966 4881 1117 4933; x_wconf 77' lang='lat' dir='ltr'><strong>Perdinantl</strong></span> <span class='ocrx_word' id='word_1_509' title='bbox 1135 4883 1178 4933; x_wconf 88' lang='lat' dir='ltr'><strong>dia</strong></span> <span class='ocrx_word' id='word_1_510' title='bbox 1197 4883 1294 4934; x_wconf 83' lang='lat' dir='ltr'><strong>beiden</strong></span> <span class='ocrx_word' id='word_1_511' title='bbox 1306 4882 1449 4934; x_wconf 85' lang='lat' dir='ltr'><strong>Sehreiben</strong></span> <span class='ocrx_word' id='word_1_512' title='bbox 1460 4883 1549 4934; x_wconf 80' lang='lat' dir='ltr'><strong>seinos</strong></span> <span class='ocrx_word' id='word_1_513' title='bbox 1561 4881 1643 4932; x_wconf 77' lang='lat' dir='ltr'><strong>Suhnu</strong></span> 
     </span>
     <span class='ocr_line' id='line_1_47' title="bbox 413 4967 1643 5036; baseline -0.004 -17"><span class='ocrx_word' id='word_1_514' title='bbox 413 4974 466 5019; x_wconf 87' lang='lat' dir='ltr'><strong>erst</strong></span> <span class='ocrx_word' id='word_1_515' title='bbox 482 4967 583 5018; x_wconf 62' lang='lat' dir='ltr'><strong>damus</strong></span> <span class='ocrx_word' id='word_1_516' title='bbox 600 4967 669 5018; x_wconf 83' lang='lat' dir='ltr'><strong>naoh</strong></span> <span class='ocrx_word' id='word_1_517' title='bbox 686 4968 753 5020; x_wconf 85' lang='lat' dir='ltr'><strong>Rom</strong></span> <span class='ocrx_word' id='word_1_518' title='bbox 770 4967 871 5018; x_wconf 85' lang='lat' dir='ltr'><strong>sandte.</strong></span> <span class='ocrx_word' id='word_1_519' title='bbox 891 4969 923 5018; x_wconf 90' lang='lat' dir='ltr'><strong>In</strong></span> <span class='ocrx_word' id='word_1_520' title='bbox 940 4968 1087 5020; x_wconf 80' lang='lat' dir='ltr'><strong>Inmbruolr</strong></span> <span class='ocrx_word' id='word_1_521' title='bbox 1104 4969 1169 5020; x_wconf 77' lang='lat' dir='ltr'><strong>fanu</strong></span> <span class='ocrx_word' id='word_1_522' title='bbox 1184 4983 1244 5020; x_wconf 81' lang='lat' dir='ltr'><strong>man</strong></span> <span class='ocrx_word' id='word_1_523' title='bbox 1262 4971 1340 5036; x_wconf 79' lang='lat' dir='ltr'><strong>obige</strong></span> <span class='ocrx_word' id='word_1_524' title='bbox 1358 4969 1534 5020; x_wconf 81' lang='lat' dir='ltr'><strong>Eideslormel</strong></span> <span class='ocrx_word' id='word_1_525' title='bbox 1555 4970 1582 5018; x_wconf 90' lang='lat' dir='ltr'><strong>in</strong></span> <span class='ocrx_word' id='word_1_526' title='bbox 1597 4977 1643 5032; x_wconf 82' lang='lat' dir='ltr'><strong>qua·</strong></span> 
     </span>
     <span class='ocr_line' id='line_1_48' title="bbox 411 5053 1640 5120; baseline -0.005 -16"><span class='ocrx_word' id='word_1_527' title='bbox 411 5055 470 5104; x_wconf 82' lang='lat' dir='ltr'><strong>dnm</strong></span> <span class='ocrx_word' id='word_1_528' title='bbox 488 5059 561 5120; x_wconf 83' lang='lat' dir='ltr'><strong>purte</strong></span> <span class='ocrx_word' id='word_1_529' title='bbox 580 5069 673 5104; x_wconf 85' lang='lat' dir='ltr'><strong>manea</strong></span> <span class='ocrx_word' id='word_1_530' title='bbox 691 5069 722 5104; x_wconf 86' lang='lat' dir='ltr'><strong>aa</strong></span> <span class='ocrx_word' id='word_1_531' title='bbox 741 5053 879 5106; x_wconf 78' lang='lat' dir='ltr'><strong>deiectius.</strong></span> <span class='ocrx_word' id='word_1_532' title='bbox 899 5053 933 5106; x_wconf 88' lang='lat' dir='ltr'><strong>So</strong></span> <span class='ocrx_word' id='word_1_533' title='bbox 951 5055 1039 5106; x_wconf 84' lang='lat' dir='ltr'><strong>wurde</strong></span> <span class='ocrx_word' id='word_1_534' title='bbox 1058 5060 1111 5106; x_wconf 87' lang='lat' dir='ltr'><strong>erst</strong></span> <span class='ocrx_word' id='word_1_535' title='bbox 1128 5054 1258 5106; x_wconf 84' lang='lat' dir='ltr'><strong>awisoben</strong></span> <span class='ocrx_word' id='word_1_536' title='bbox 1276 5055 1423 5108; x_wconf 84' lang='lat' dir='ltr'><strong>Innsbruolr</strong></span> <span class='ocrx_word' id='word_1_537' title='bbox 1436 5055 1492 5106; x_wconf 90' lang='lat' dir='ltr'><strong>und</strong></span> <span class='ocrx_word' id='word_1_538' title='bbox 1504 5055 1580 5106; x_wconf 87' lang='lat' dir='ltr'><strong>Wien</strong></span> <span class='ocrx_word' id='word_1_539' title='bbox 1592 5053 1640 5104; x_wconf 78' lang='lat' dir='ltr'><strong>ibor</strong></span> 
     </span>
    </p>
   </div>
   <div class='ocr_carea' id='block_1_10' title="bbox 0 0 1738 5820">
    <p class='ocr_par' dir='ltr' id='par_1_12' title="bbox 0 0 1738 5820">
     <span class='ocr_line' id='line_1_49' title="bbox 0 0 1738 5820; baseline 0 1"><span class='ocrx_word' id='word_1_540' title='bbox 0 0 1738 5820; x_wconf 95' lang='lat' dir='ltr'><strong> </strong></span> 
     </span>
    </p>
   </div>
  </div>
 </body>
</html>
