3460 5826
410 721 443 756 au
454 711 545 771 setaen
562 709 616 760 und
634 710 672 761 aie
690 711 794 762 meineu
818 710 880 762 dass
897 709 955 762 sich
973 709 1016 762 die
1033 709 1152 778 Legaten
1167 709 1236 776 jetat
1252 711 1303 762 wie
1320 709 1409 762 hisher
1426 709 1564 772 tluachcm
1587 727 1660 764 weun

409 795 447 844 sie
465 794 504 844 bie
521 797 548 846 in
566 795 618 848 den
635 796 709 864 April
727 797 770 848 die
787 797 994 865 anigetauchtcu
1011 796 1247 864 Schwierigkciten
1264 813 1297 848 au
1314 799 1462 864 beeeitigen
1479 797 1577 863 hohen,
1600 797 1663 848 hura

410 882 449 931 sie
466 881 629 934 beurtheilen
657 884 700 935 die
718 884 872 952 Vertagung
889 885 987 936 ebenao
1004 887 1155 952 ungiinstig,
1178 884 1217 936 als
1237 901 1265 936 ee
1292 886 1318 935 iu
1337 884 1490 936 Beccadelli
1517 886 1541 949 t,
1560 887 1593 934 61
1611 884 1662 934 und

410 967 438 1016 in
454 967 592 1034 Dtllinger
620 973 643 1033 1,
661 971 712 1022 tet
730 971 874 1038 geschieht
909 971 970 1022 Deu
987 971 1045 1038 'fag
1062 971 1159 1022 darauf
1172 971 1289 1022 schreibt
1312 971 1359 1022 der
1375 972 1454 1026 Emb.
1473 987 1526 1022 von
1543 969 1614 1038 Prag
1630 985 1661 1020 au

411 1053 462 1104 den
472 1053 504 1108 K.
514 1055 675 1108 Maximilian
687 1056 770 1124 (Orig.
782 1057 870 1108 inden
881 1055 1078 1123 Concilactenlr
1095 1057 1302 1123 Expectavimns
1320 1057 1426 1123 quidem
1442 1059 1469 1106 in
1480 1057 1536 1107 dies
1555 1055 1661 1106 meliora
1726 1123 1727 1128 1

410 1155 442 1192 ex
460 1156 492 1192 ea
509 1157 556 1207 spe
574 1158 641 1208 quae
659 1142 793 1194 affirleerat
810 1145 838 1194 in
856 1143 993 1195 Gallomm
1010 1143 1135 1206 adventu,
1158 1143 1205 1194 sed
1223 1141 1302 1209 longe
1320 1159 1368 1194 uos
1387 1142 1500 1193 deterior
1517 1147 1603 1194 status
1621 1157 1660 1190 er·
1726 1151 1727 1160 ²

407 1229 478 1294 cepit
495 1244 572 1294 quam
590 1243 705 1296 uuquam
723 1233 809 1280 antea
829 1229 926 1280 affectu
945 1229 1014 1280 euim
1037 1233 1065 1279 et
1082 1227 1227 1294 cupiditate
1244 1229 1322 1279 unius
1337 1233 1418 1295 atque
1436 1229 1544 1280 alterius
1564 1229 1660 1278 iactum

409 1319 458 1378 est,
472 1319 502 1364 ut
514 1316 603 1366 omnia
614 1330 682 1381 qnae
695 1316 729 1367 de
738 1316 888 1380 residentia,
903 1315 936 1366 de
949 1317 1130 1382 episcoporum
1142 1317 1283 1367 autoritate
1305 1320 1332 1366 et
1343 1313 1377 1366 de
1388 1321 1555 1366 sacramento
1567 1313 1662 1366 ordinis

411 1399 538 1452 conclusa
554 1401 659 1466 fuerint,
676 1403 728 1452 iarn
746 1403 798 1453 sint
815 1403 964 1468 postposita
981 1406 1008 1452 et
1019 1403 1101 1452 sessio
1119 1407 1260 1470 prorogata
1277 1403 1304 1452 iu
1322 1403 1355 1452 22
1369 1401 1438 1452 diem
1451 1403 1548 1452 mensis
1560 1401 1660 1467 Aprilis,

407 1490 439 1536 ut
455 1488 558 1538 iuterim
576 1487 610 1538 de
628 1503 729 1538 morum
746 1487 931 1539 reformatione
950 1493 977 1539 et
994 1487 1027 1539 de
1039 1493 1204 1540 sacramento
1216 1489 1375 1540 matrimonii
1392 1492 1520 1539 tractetur
1533 1491 1561 1538 et
1572 1492 1661 1552 postea

407 1572 485 1623 simul
496 1573 702 1625 omniadecreta
713 1573 919 1640 promulgentur.
937 1589 979 1625 me
991 1579 1072 1624 terret
1088 1575 1344 1641 tauta,concervatio
1363 1573 1534 1627 articulorum
1553 1578 1582 1623 et
1593 1571 1660 1622 ahud

407 1663 524 1710 metuere
541 1659 608 1710 iacit
626 1665 680 1712 tam
697 1659 779 1726 longa
796 1659 896 1725 dilatio,
914 1675 982 1726 quae
1000 1660 1110 1712 multum
1129 1677 1220 1712 aecum
1237 1659 1318 1712 trehit
1335 1661 1499 1727 suspicionis.
1518 1659 1609 1710 multis
1626 1673 1660 1707 re·
1726 1647 1727 1650 ¹

409 1744 573 1798 formationis
584 1763 637 1798 vox
650 1745 717 1798 adeo
730 1747 903 1799 formidabilis
917 1751 958 1798 est
973 1755 1004 1798 ut
1017 1761 1075 1798 eam
1087 1763 1140 1798 non
1151 1747 1265 1798 libenter
1280 1747 1409 1798 nominari
1427 1745 1546 1810 audiant,
1564 1749 1659 1795 tantum

408 1831 485 1882 ebert
502 1837 532 1882 ut
548 1847 637 1886 veram
656 1838 683 1884 et
696 1834 840 1899 rigorosam
851 1833 1063 1885 reformationem
1074 1833 1128 1883 sint
1138 1827 1285 1886 admissuri.
1305 1861 1336 1870 -
1354 1833 1463 1883 Diesem
1475 1831 1564 1882 Brieie
1576 1831 1659 1897 liegen

407 1917 449 1970 die
476 1919 684 1971 verschiedeneu
701 1919 856 1986 Fassnngcn
880 1921 924 1971 bei
951 1919 1053 1970 welche
1071 1921 1098 1969 in
1116 1919 1163 1970 der
1180 1920 1277 1971 letaten
1294 1919 1352 1970 Zeit
1375 1919 1417 1970 cn
1435 1917 1478 1970 die
1497 1919 1620 1970 doctrina
1636 1921 1660 1966 et

408 2019 524 2059 canones
537 2007 570 2058 de
582 2011 746 2058 sacramento
760 2006 858 2058 ordinis
869 2007 897 2056 in
909 2005 1001 2056 Trieut
1013 2005 1164 2074 anigestellt
1175 2007 1283 2059 worden
1295 2021 1391 2071 waren,
1408 2005 1463 2057 und
1474 2011 1553 2057 unter
1565 2005 1659 2055 anderu

404 2096 474 2147 auch
492 2094 539 2145 der
549 2110 602 2146 von
614 2093 776 2160 Lothringon
794 2094 849 2144 und
861 2093 1004 2146 bladruaao
1021 2093 1174 2162 vergelegte
1186 2094 1314 2146 Entwnrf.
1333 2095 1374 2146 An
1386 2094 1476 2145 diesen
1489 2089 1657 2159 auhuilpieud

404 2179 480 2234 thailt
498 2181 545 2232 der
561 2180 722 2232 Erabiechof
736 2179 806 2232 auch
823 2182 871 2231 mit
887 2182 937 2231 wie
955 2196 984 2231 er
1000 2181 1055 2232 und
1072 2183 1145 2232 aeine
1158 2180 1286 2248 Collegeu
1303 2181 1370 2233 dher
1383 2180 1425 2231 die
1439 2179 1579 2231 einzelnen
1590 2179 1657 2229 strei-
1726 2159 1727 2192 ³

406 2269 478 2333 tigen
486 2267 591 2319 Punhto
603 2267 709 2318 denken
721 2265 841 2338 (Beilege
852 2268 900 2318 mit
912 2267 959 2318 der
970 2267 1152 2319 Ueberechriit
1163 2268 1290 2318 iudicium
1302 2274 1435 2320 oratorum
1447 2265 1474 2320 S.
1488 2265 1518 2318 C.
1531 2263 1588 2316 Mn.
1600 2269 1658 2325 etc;

405 2352 449 2405 die
459 2354 639 2406 betretieudeu
650 2353 829 2421 Schlagworte
838 2353 922 2424 findet
932 2368 993 2406 man
1005 2355 1033 2404 in
1045 2352 1097 2406 deu
1105 2353 1310 2406 Amendemeuts
1319 2355 1362 2406 bei
1372 2353 1516 2405 Mendham
1526 2353 1656 2412 catatu:

404 2440 459 2492 Ubi
476 2441 573 2492 dicitur
582 2441 717 2508 regiminis
734 2441 876 2492 autoritate
893 2445 941 2491 aut
957 2441 1091 2508 regiminis
1101 2445 1243 2509 potestate,
1261 2456 1353 2506 parum
1370 2440 1467 2492 reterre
1485 2437 1592 2489 videtur
1608 2439 1657 2487 sire

402 2528 545 2579 autoritate
561 2529 619 2580 sire
629 2529 761 2594 potestate
779 2528 929 2594 separatim,
946 2528 1003 2578 sive
1021 2528 1100 2579 etiam
1119 2528 1279 2578 coniunctim
1297 2532 1436 2592 utrumqne
1454 2525 1561 2576 dicatur
1581 2527 1610 2574 nt
1628 2524 1657 2574 sit

404 2614 537 2680 regiminis
548 2615 691 2666 autoritate
703 2617 730 2664 et
740 2617 890 2680 potestate3
908 2627 969 2664 nam
980 2617 1100 2678 potestas
1113 2615 1282 2666 coniunctam
1295 2613 1462 2664 autoritatem
1480 2609 1572 2671 babet,
1591 2615 1656 2660 autc·

402 2702 466 2752 ritas
484 2701 540 2752 sine
552 2705 684 2768 potestate
695 2715 749 2752 uon
761 2714 885 2766 maguum
903 2699 1008 2750 ridetur
1025 2698 1123 2750 habere
1141 2704 1309 2751 momentum
1328 2698 1375 2749 ubi
1393 2696 1490 2748 dicitur
1507 2697 1655 2763 precipuum

403 2785 492 2837 locum
510 2786 711 2853 dependentem,
734 2785 846 2838 iortmao
869 2800 923 2838 nou
940 2785 1008 2836 male
1027 2785 1159 2837 dicoretur
1181 2786 1229 2836 sub
1248 2785 1279 2838 R.
1298 2783 1430 2852 pontilicis
1449 2783 1610 2845 obedientia,
1631 2785 1656 2830 ut

401 2871 468 2923 illud
482 2871 642 2925 vocabulum
661 2872 826 2940 dependente
844 2872 988 2937 tolleretur,
1006 2871 1078 2940 quod
1096 2872 1202 2940 quidem
1220 2871 1336 2938 aliquam
1355 2873 1552 2922 contentionum
1571 2882 1654 2920 ansam

343 2967 346 2978 ·
403 2961 637 3026 praebereposset.
656 2960 702 3012 ubi
720 2957 816 3010 dicitur
832 2958 1007 3010 universalem
1026 2957 1175 3023 ecclesiam,
1194 2957 1246 3008 dici
1263 2973 1342 3025 posse
1359 2956 1464 3008 videtur
1481 2972 1535 3008 uon
1547 2954 1654 3008 absurde

401 3047 551 3097 universam
570 3045 667 3098 christi
685 3059 805 3112 gregem3
822 3046 941 3111 quamvis
959 3045 1031 3110 prius
1049 3044 1115 3096 illud
1132 3060 1186 3096 uon
1203 3045 1373 3110 improbatur,
1391 3049 1481 3095 tamen
1492 3059 1546 3094 uon
1558 3041 1654 3092 ridetur

404 3134 584 3184 controversia
602 3133 752 3196 cariturum,
775 3133 798 3182 si
815 3136 984 3198 proponatur,
1009 3131 1090 3197 idque
1106 3137 1214 3200 propter
1231 3147 1277 3182 eos
1295 3131 1340 3197 qui
1359 3136 1453 3181 contra
1470 3131 1596 3181 sentiunt.
1613 3126 1652 3178 ubi

403 3218 499 3270 dicitur
517 3231 606 3270 omnes
625 3218 722 3269 Christi
740 3215 840 3282 fideles,
858 3217 926 3268 forte
940 3215 984 3268 hic
996 3232 1102 3284 quoque
1113 3218 1191 3267 vitari
1204 3222 1295 3283 posset
1307 3216 1400 3268 eadem
1412 3215 1459 3266 illa
1472 3215 1653 3272 controversia,

404 3307 427 3358 si
438 3304 570 3357 diceretur
586 3305 723 3356 universas
736 3303 864 3355 ecelesiae
881 3319 929 3371 per
944 3304 1034 3354 orbem
1046 3308 1172 3356 terrarum
1191 3301 1307 3354 differens
1330 3302 1376 3352 nbi
1393 3301 1490 3352 dicitur
1507 3299 1650 3367 figmentum

401 3393 551 3456 humanum,
568 3390 673 3442 ridetur
688 3405 768 3457 posse
786 3390 898 3456 relinqui
915 3390 972 3439 eine
990 3387 1080 3455 aliqua
1099 3389 1252 3450 offensione,
1269 3389 1349 3440 modo
1368 3386 1401 3438 de
1419 3387 1500 3438 larvis
1517 3387 1648 3456 papalibus

401 3478 475 3530 nulla
490 3478 588 3528 mentio
606 3476 661 3539 fiat,
681 3475 754 3544 quod
771 3481 798 3528 et
815 3474 955 3527 ridiculum
974 3481 1014 3526 est
1031 3480 1059 3526 et
1076 3477 1222 3542 graviorem
1241 3474 1373 3541 quandam
1390 3474 1551 3542 ignominiae
1569 3477 1648 3524 notam

402 3565 520 3630 episcopi
537 3563 635 3615 nomini
652 3562 768 3628 aspergit
785 3565 813 3611 et
830 3565 955 3627 praestat,
974 3577 1009 3612 ne
1026 3563 1166 3627 posteritas
1184 3559 1316 3627 intelligat
1333 3561 1450 3612 extitisse
1468 3557 1523 3612 ullo
1541 3572 1647 3626 unquam

400 3657 518 3717 tempore
535 3655 589 3702 tam
606 3649 723 3716 perditos
741 3648 861 3700 homiues
879 3649 925 3714 qui
943 3647 1082 3714 episcopos
1099 3649 1138 3698 ita
1155 3649 1318 3713 contemptui
1335 3646 1485 3700 habuerint.

467 3786 515 3839 ich
533 3787 595 3854 titge
613 3786 670 3837 hier
687 3783 775 3853 gleich
793 3784 836 3836 die
854 3785 1007 3836 Antworten
1025 3784 1072 3836 des
1088 3785 1196 3836 Kaisers
1210 3785 1297 3836 hincm
1316 3785 1385 3836 Dent
1396 3784 1559 3837 Erubiachoi
1567 3782 1647 3836 warde
1726 3781 1727 3800 ¹

399 3874 507 3928 botretis
529 3873 577 3924 der
593 3871 795 3924 Bttcherceusur
812 3870 986 3938 geschrieben
1012 3871 1150 3937 (Romana,
1169 3871 1290 3938 concept
1307 3887 1369 3924 rum
1387 3874 1419 3922 11
1437 3871 1568 3938 Februar)
1593 3871 1647 3920 dass

329 4024 331 4028 Ι
398 3963 424 4012 in
442 3959 604 4012 Anbetracht
627 3957 674 4009 der
692 3957 760 4022 jetat
794 3957 988 4009 schwabeuden
1004 3958 1145 4025 wichtigeu
1161 3957 1266 4024 lhagen
1289 3957 1332 4008 die
1348 3957 1571 4024 Verbandlungen
1591 3958 1648 4007 dher

399 4049 441 4100 die
454 4046 560 4099 Biicher
570 4049 674 4112 vertagt
685 4044 792 4095 werden
809 4043 923 4108 htnueu,
941 4043 996 4094 und
1014 4043 1075 4096 dass
1094 4044 1142 4095 der
1157 4043 1258 4110 Kaisar,
1276 4059 1306 4095 ac
1320 4059 1384 4111 geru
1397 4059 1426 4095 er
1437 4045 1489 4095 deu
1498 4041 1646 4095 Erabischoi

401 4135 487 4186 dieser
504 4132 585 4184 Mtthe
602 4131 755 4184 iiberhoben
773 4130 845 4194 aehe,
870 4145 898 4183 ea
916 4131 988 4182 doch
1004 4129 1127 4182 vorniehe
1145 4131 1207 4182 dass
1224 4147 1253 4182 er
1275 4131 1315 4182 als
1332 4130 1380 4182 der
1397 4132 1499 4198 einaige
1518 4129 1643 4181 Dentacbc

401 4222 525 4274 ausharre
543 4219 598 4271 und
616 4218 694 4270 dahin
716 4217 797 4268 wirhe
816 4218 876 4268 dass
893 4217 966 4268 nicht
983 4217 1077 4282 ierner,
1094 4217 1144 4268 wie
1162 4217 1251 4269 bichor
1267 4216 1425 4284 gescheheu,
1442 4217 1513 4269 auch
1527 4215 1642 4270 netihehe

399 4308 499 4360 Werke
516 4305 569 4358 und
589 4305 669 4357 deren
681 4304 818 4355 Veriaseer
831 4303 985 4354 verurtheilt
995 4303 1110 4355 wardon
1128 4331 1148 4340 -
1169 4303 1224 4354 Aul
1234 4303 1277 4354 die
1290 4305 1484 4370 gemeinsamen
1497 4303 1641 4372 Depeeeheu

400 4395 464 4446 aber
488 4392 614 4445 erhielten
637 4391 679 4443 dle
703 4391 833 4442 Oratorem
856 4389 899 4442 die
921 4391 1040 4441 Antwort
1063 4390 1195 4457 (concept
1216 4405 1277 4441 vom
1300 4393 1315 4442 'i
1345 4389 1464 4442 Februar
1488 4393 1517 4442 iu
1535 4392 1584 4442 deu
1599 4389 1640 4440 Rc

401 4481 503 4546 mana):
623 4477 743 4528 duximus
761 4477 838 4529 vobis
856 4513 863 4528 .
882 4511 890 4526 .
909 4519 915 4534 .
933 4475 1143 4544 significandum,
1169 4476 1246 4528 nobis
1264 4511 1271 4528 .
1289 4513 1296 4527 .
1314 4511 1321 4528 .
1340 4477 1408 4528 hanc
1426 4491 1496 4542 quae
1513 4477 1587 4528 isthic
1602 4489 1638 4540 ap

402 4573 477 4634 paret
493 4566 663 4634 negociorum
682 4565 874 4614 intricationem
891 4561 1061 4614 vehementer
1078 4562 1225 4629 displicere,
1249 4562 1366 4628 adeunt
1381 4563 1530 4629 improbare
1552 4561 1641 4613 minine

399 4655 528 4721 possimus
551 4651 623 4719 quod
640 4650 707 4702 ΒΜ·
735 4649 765 4703 O.
783 4648 971 4717 Lotharingiae
989 4649 1091 4717 legatos
1110 4649 1217 4700 concilii
1233 4645 1364 4700 mandatis
1388 4651 1443 4700 suis
1461 4666 1514 4701 uon
1532 4647 1639 4702 celaverit

399 4739 520 4807 adeoque
538 4741 576 4791 eis
592 4744 711 4806 apertam
728 4737 946 4806 significationem
963 4737 1045 4787 futuri
1063 4735 1176 4788 alicuius
1195 4739 1340 4788 conventus
1359 4738 1542 4803 episcoporum
1552 4734 1637 4788 inloce

401 4826 490 4892 aliquo
510 4825 613 4878 Galliae
630 4827 717 4878 vicino
736 4825 847 4888 dederit,
866 4826 928 4892 qnia
944 4825 994 4876 nisi
1013 4823 1154 4876 concilium
1170 4823 1242 4874 istud
1265 4826 1292 4874 in
1309 4823 1445 4875 meliorem
1463 4823 1592 4892 redigatur
1606 4833 1638 4870 or

404 4913 492 4964 dinem
510 4919 537 4963 et
555 4912 717 4980 relinquatur
740 4913 765 4962 ei
793 4911 884 4962 debita
908 4911 1016 4962 libertas
1043 4913 1245 4976 instituaturque
1267 4912 1295 4962 in
1318 4927 1350 4962 eo
1373 4917 1428 4962 tam
1451 4912 1497 4962 diu
1522 4915 1605 4977 optata
1618 4907 1639 4954 02
1724 4913 1725 4966 ζ

401 4989 480 5065 plane
497 4999 647 5050 necessaria
672 4998 830 5062 reformatio,
852 4997 929 5050 nobis
952 5013 1059 5064 quoque
1081 4997 1152 5048 idem
1168 4997 1285 5048 faciendi
1302 4999 1330 5048 in
1348 4997 1491 5050 Germania
1507 4998 1637 5064 imponent

398 5087 550 5150 necessitas,
577 5088 701 5152 quoniam
719 5101 766 5152 pro
785 5084 815 5137 (i.
833 5085 914 5137 nostri
931 5085 1049 5136 muueris
1066 5086 1169 5137 mtiouc
1186 5083 1255 5136 terre
1272 5097 1405 5150 uunquam
1422 5086 1563 5150 poterimus
1578 5075 1634 5146 qnod
