3498 5818
315 711 525 796 suspensione
541 730 562 774 a
576 708 721 796 patribus
736 717 894 773 statuatur
909 715 965 772 aut
979 707 1173 773 decernatur
1187 707 1376 775 inconsultis
1396 706 1490 774 nobis
1513 729 1553 772 ac
1573 707 1653 774 reli-

205 835 208 842 ·
318 814 390 901 quis
412 813 592 901 potioribus
615 811 781 876 christiani
803 810 890 876 orbis
918 810 1064 896 regibus,
1095 819 1207 898 utpote
1230 811 1324 876 dictis
1347 809 1444 877 Ser¹¹¹'¹
1466 810 1651 898 Hispaniae

315 925 349 982 et
364 916 491 982 Galliae
512 914 644 1000 regibus
663 913 726 997 vel,
742 916 770 978 si
784 936 837 980 res
852 922 974 978 tantam
988 935 1113 980 moram
1128 911 1324 998 excluderet,
1341 913 1520 980 oratoribus
1535 937 1653 982 eorum

315 1021 349 1085 iu
372 1018 507 1086 concilio
529 1019 652 1082 futuris.

422 1121 475 1186 Ad
497 1121 579 1186 haec
602 1121 629 1184 si
652 1121 724 1207 quis
747 1127 919 1186 conaretur
939 1119 1086 1207 patribus
1110 1121 1143 1184 in
1159 1119 1296 1186 concilio
1310 1119 1426 1186 futuris
1440 1119 1654 1207 impedimen-

316 1235 384 1290 tum
408 1227 539 1291 iniicere
562 1225 733 1311 quominus
755 1231 889 1310 possent
910 1222 1005 1288 solita
1027 1232 1059 1288 et
1080 1222 1192 1289 debita
1213 1222 1361 1288 libertate
1383 1225 1430 1287 uti
1450 1224 1485 1288 in
1506 1221 1654 1288 ferendis

316 1329 477 1415 suffragiis
500 1329 542 1394 de
563 1329 603 1393 iis
624 1327 722 1393 rebus
745 1349 830 1414 quae
852 1336 918 1391 tam
941 1326 982 1391 ad
1005 1347 1131 1392 morum
1151 1327 1186 1390 in
1214 1335 1352 1412 utroque
1380 1334 1467 1390 statu
1495 1323 1654 1391 eudesiu-

319 1432 400 1497 stico
413 1441 445 1497 et
457 1430 594 1496 seculari
608 1429 848 1513 correctionem,
862 1452 957 1516 quam
974 1427 1017 1492 ad
1028 1427 1216 1514 religionem
1232 1428 1475 1494 restaurandam
1491 1437 1654 1514 spectant,

317 1533 398 1599 adeo
421 1545 458 1599 ut
479 1537 616 1621 negocia
638 1533 766 1600 concilii
788 1557 831 1598 ex
860 1532 964 1598 alieno
992 1531 1090 1618 plane
1118 1531 1250 1597 arbitrio
1278 1531 1420 1619 pendere
1450 1531 1653 1618 viderentur,

316 1645 459 1702 oratores
491 1647 523 1702 et
551 1636 762 1702 commissarii
788 1637 891 1701 nostri
919 1633 1030 1698 itidem
1051 1635 1255 1699 autoritatem
1276 1643 1420 1698 nostram
1440 1634 1654 1720 interponant

318 1747 417 1826 atque
439 1738 614 1822 elaborent,
637 1761 679 1803 ne
702 1735 831 1802 concilii
845 1736 977 1803 libertas
992 1735 1058 1802 ullo
1074 1735 1181 1802 colore
1195 1735 1247 1802 vel
1261 1745 1435 1823 praetextu
1449 1757 1470 1800 a
1484 1759 1654 1824 quoquam

316 1839 481 1906 bominum
504 1843 726 1928 cuiuscunque
749 1849 851 1904 status
874 1839 993 1926 gradus
1017 1839 1138 1905 ordinis
1160 1838 1214 1906 vel
1237 1838 1403 1926 dignitatis
1418 1841 1537 1904 existat
1553 1839 1652 1904 dimi·

316 1951 433 2007 nuatur
456 1953 511 2007 aut
533 1941 760 2025 labefactetur,
789 1944 867 2028 quin
889 1943 996 2028 potius
1018 1952 1054 2006 ut
1074 1963 1175 2028 penes
1198 1941 1268 2006 R¹¹¹⁰⁸
1290 1940 1415 2028 legatos
1437 1950 1654 2030 caeterosque

315 2043 379 2109 Ra.
401 2067 440 2109 sc
462 2044 524 2110 V¹⁸'
551 2054 661 2131 patres
689 2044 786 2130 plena
813 2054 846 2110 et
874 2043 1059 2110 omnimoda
1087 2042 1226 2110 facultas
1249 2042 1463 2110 concludendi
1486 2043 1654 2109 statuendi

321 2157 353 2212 et
376 2146 549 2212 definiendi
569 2156 777 2234 permaneat,
800 2169 838 2213 eo
860 2149 1010 2212 nimirum
1032 2147 1129 2213 modo
1152 2169 1251 2233 quem
1273 2148 1306 2210 in
1328 2147 1470 2234 antiquis
1492 2148 1652 2232 praeteri-

318 2262 425 2316 torum
448 2250 628 2316 seculomm
651 2251 794 2316 conciliis
818 2249 1033 2317 oecumenicis
1056 2259 1089 2315 et
1105 2249 1310 2336 generalibus
1326 2248 1533 2316 observatum
1547 2248 1653 2316 fuisse
1691 2251 1695 2260 '

315 2353 489 2419 memoriae
509 2352 674 2439 proditum
692 2361 750 2418 est.

417 2455 461 2519 Et
484 2456 559 2542 quia
580 2455 725 2520 nondum
746 2465 884 2542 apparet
904 2455 991 2520 uude
1014 2463 1070 2518 aut
1092 2453 1253 2541 quomodo
1276 2463 1386 2541 patres
1408 2453 1537 2520 concilii
1564 2454 1651 2521 cele·

319 2557 501 2622 brationem
523 2559 680 2644 incepturi
711 2559 775 2622 sint
803 2557 995 2644 videbarque
1023 2579 1043 2622 a
1070 2555 1239 2622 commodo
1273 2557 1363 2622 initio
1396 2577 1462 2622 uon
1494 2558 1653 2643 exiguam

319 2659 471 2725 felicioris
493 2681 683 2746 progressus
706 2670 738 2725 et
760 2670 895 2726 eventus
919 2681 1009 2746 spem
1031 2657 1189 2746 pendere,
1219 2667 1362 2726 oratores
1386 2660 1596 2724 commissarii
1621 2669 1655 2725 et

317 2761 512 2826 mandatarii
533 2764 634 2826 nostri
657 2762 901 2848 diligentissime
914 2762 957 2827 ad
971 2761 1006 2826 id
1021 2763 1163 2828 animum
1178 2761 1357 2844 advertent,
1381 2763 1473 2848 sique
1489 2783 1655 2848 compere-

317 2865 383 2928 rint
404 2865 529 2928 initium
553 2886 573 2928 a
588 2864 857 2930 condemnatione
872 2861 1080 2929 articulorum
1091 2862 1304 2950 Augustanus
1320 2863 1529 2928 confessionis
1544 2885 1655 2950 sump-

315 2975 384 3031 tum
406 2967 467 3048 iri,
497 2975 607 3052 patres
630 2965 715 3031 illico
738 2965 873 3052 periculi
896 2965 985 3054 quod
1007 2965 1082 3032 inde
1105 2965 1344 3052 expectandum
1367 2966 1408 3030 sit
1430 2964 1654 3030 admonebunt

317 3090 438 3155 eosque
462 3067 714 3132 cohortabuntur
735 3077 771 3132 ut
793 3068 902 3154 lapsos
923 3070 1030 3155 potius
1053 3069 1087 3132 in
1109 3069 1223 3154 spiritu
1244 3067 1384 3133 lenitatis
1402 3069 1436 3132 in
1449 3069 1538 3132 mam
1554 3091 1651 3136 revo-

320 3193 395 3235 care
418 3193 515 3257 quam
537 3171 570 3234 in
592 3170 720 3235 foveam
741 3171 933 3258 perditionis
961 3179 1111 3236 nutantes
1141 3169 1321 3257 propellere
1352 3169 1519 3253 studeant,
1550 3171 1652 3258 siqui·

317 3272 392 3338 dem
420 3281 545 3340 constet
573 3271 719 3359 plurimis
748 3281 782 3337 et
808 3272 1074 3360 praeclarissimis
1104 3275 1262 3338 maiorum
1282 3281 1466 3339 nostrorum
1488 3271 1650 3360 exemplis

311 3376 417 3462 magis
439 3374 618 3462 plerunque
639 3377 673 3440 in
695 3375 889 3441 reducendis
911 3374 1093 3440 errantibus
1115 3374 1257 3440 valuisse
1271 3373 1530 3441 benevolentiam
1548 3398 1650 3462 quam

314 3480 534 3561 severitatem,
564 3477 637 3563 plus
660 3478 835 3564 profecisse
858 3477 1111 3544 cohortationem
1134 3500 1231 3564 quam
1254 3479 1549 3557 comminationem,
1572 3476 1648 3565 plus

311 3579 452 3667 denique
474 3581 580 3666 egisse
603 3581 769 3645 mritstem
792 3602 890 3666 quam
911 3588 1114 3666 potestatem,
1139 3579 1195 3645 ubi
1209 3577 1272 3644 illis
1288 3579 1400 3646 sedulo
1418 3580 1649 3646 inculcandum

315 3685 376 3748 erit
397 3691 433 3747 ut
454 3681 668 3764 considerent,
692 3705 776 3769 quae
798 3693 876 3747 tune
898 3681 941 3746 ab
963 3682 1079 3747 iisdem
1096 3681 1306 3768 Augustanus
1329 3681 1539 3748 confessionis
1563 3683 1651 3748 ordi-

310 3783 406 3848 nibus
427 3783 553 3867 turbae,
578 3805 676 3870 quam
697 3784 825 3848 brnesta
845 3783 941 3862 bella,
964 3803 1048 3871 quae
1071 3784 1245 3850 seditiones
1268 3807 1309 3850 ac
1324 3807 1397 3850 cum
1413 3783 1484 3850 aliis
1500 3787 1650 3850 externis

310 3884 495 3950 nationibus
516 3895 550 3952 et
571 3886 792 3970 potentatibus
815 3909 918 3973 aeque
940 3886 1024 3952 mule
1047 3909 1125 3972 erga
1148 3885 1320 3952 ecelesiam
1342 3888 1465 3952 affectis
1481 3889 1647 3973 conspira-

312 3989 416 4052 tiones
438 3989 686 4052 nocentissimae
708 3988 933 4075 expectandae
955 3989 1020 4052 sint
1041 3997 1074 4054 et
1096 4011 1194 4076 quam
1215 3988 1281 4054 levi
1303 3998 1433 4076 arrepta
1460 3990 1645 4068 counione,

310 4088 399 4177 quod
427 4112 522 4156 omen
552 4089 632 4154 deus
661 4089 835 4156 clementer
864 4097 1004 4174 avertat,
1036 4090 1207 4156 concilium
1238 4092 1297 4156 vix
1318 4092 1415 4157 etiam
1439 4099 1590 4177 coeptum
1613 4093 1648 4156 in

308 4193 432 4256 tristem
454 4201 686 4276 cruentamque
701 4192 903 4278 tragoediam
919 4194 1008 4258 exire
1024 4201 1129 4279 queat,
1153 4195 1295 4258 maxime
1310 4195 1520 4280 inpraesenti
1535 4217 1645 4259 rerum

309 4292 511 4360 Gallicarum
533 4303 634 4377 statu,
666 4304 702 4360 ut
722 4297 850 4360 interim
871 4293 951 4360 nibil
974 4295 1102 4360 dicatur
1122 4294 1164 4360 de
1186 4294 1259 4360 aliis
1280 4295 1427 4383 pluribus
1449 4295 1581 4381 regibus
1604 4319 1644 4360 ac

309 4395 509 4481 principibus
533 4397 589 4483 qui
609 4398 673 4462 iam
697 4396 819 4462 dudum
841 4397 882 4463 ab
905 4397 1090 4463 obedientia
1112 4399 1228 4462 summi
1250 4398 1411 4485 pontificis
1427 4407 1460 4462 et
1482 4395 1642 4464 ecclesiae

308 4497 346 4562 R.
370 4497 597 4564 discesserunt

409 4598 528 4664 Postea
560 4611 725 4668 oratorum
757 4601 1032 4668 mandatariomm
1064 4611 1098 4668 et
1132 4603 1423 4669 commissariorum
1455 4609 1638 4668 nostrorum

307 4701 548 4788 praedictorum
563 4712 671 4790 partes
687 4713 789 4787 erunt,
806 4703 937 4791 quando
952 4701 1170 4770 intellexerint
1184 4704 1315 4770 ordines
1331 4728 1370 4770 aa
1385 4713 1487 4770 status
1502 4705 1587 4768 sacri
1601 4703 1638 4768 R

308 4805 433 4890 imperii
452 4803 679 4890 Augustarum
703 4805 938 4872 confessionem
960 4806 1147 4892 prolitentes
1170 4807 1213 4872 ad
1236 4805 1409 4874 concilium
1430 4805 1541 4872 itidem
1562 4829 1639 4872 ven·

307 4915 396 4974 turos
421 4905 471 4972 vel
499 4907 624 4993 aliquos
646 4915 792 4974 oratores
815 4909 1051 4974 commissarios
1073 4931 1113 4974 ac
1135 4907 1304 4996 theologos
1326 4910 1480 4975 missmos
1500 4930 1582 4990 esse,
1605 4917 1641 4972 ut

306 5009 369 5094 ipsi
390 5018 469 5074 tuuc
490 5011 577 5076 omui
600 5009 706 5076 studio
729 5009 898 5076 elaborent
920 5019 952 5076 et
972 5009 1142 5096 perficiant
1165 5020 1201 5076 ut
1227 5034 1292 5078 non
1316 5009 1419 5078 solum
1440 5009 1503 5076 illis
1525 5032 1639 5076 conce
