3460 5826
869 859 871 864 ’
929 915 1099 1005 coxa.

620 1136 716 1211 Brus
743 1139 817 1213 oud
846 1136 1077 1213 Draskovica
1100 1158 1146 1213 an
1175 1139 1247 1213 deu
1276 1137 1425 1228 Kaisar-3

773 1301 904 1367 Trioni,
921 1304 960 1354 24
977 1303 1165 1355 November
1183 1305 1272 1355 loos.

653 1477 832 1538 θοιάὶαειοη.
856 1482 1004 1557 Oriyiod5
1024 1484 1057 1538 a'a
1077 1491 1168 1557 tergo:
1190 1487 1211 1540 2
1232 1485 1384 1540 December.

459 1657 556 1741 Quod
572 1657 612 1724 D.
629 1660 810 1747 legatorum
832 1663 865 1726 in
881 1661 1069 1752 dogmatum
1087 1665 1326 1730 continuatione
1342 1662 1511 1730 obfirmata
1531 1661 1691 1728 voluntas

356 1760 408 1827 Ml
430 1761 471 1829 V.
494 1761 527 1830 S.
556 1787 622 1830 non
644 1765 805 1852 probetur,
835 1789 873 1832 eo
895 1769 999 1854 magis
1022 1765 1166 1832 dolemus
1193 1765 1280 1855 quod
1302 1765 1389 1833 nullo
1412 1767 1557 1844 consilio,
1587 1765 1690 1830 nnllis

356 1864 534 1932 rationibus
558 1867 599 1933 de
621 1869 684 1933 ista
707 1891 761 1936 eos
778 1872 935 1936 sententia
950 1869 1108 1936 deducere
1129 1872 1301 1958 potuimus.
1324 1894 1363 1937 ac
1384 1881 1420 1936 ut
1433 1870 1528 1936 nobis
1551 1868 1689 1959 quidem

356 1969 577 2036 videtur...
606 1970 701 2036 huius
728 1975 776 2037 rei
804 1972 900 2062 culpa
928 1997 993 2039 non
1024 1977 1127 2040 omnis
1154 1977 1187 2040 in
1218 1976 1297 2063 ipsis
1330 1975 1371 2040 D.
1399 1975 1516 2060 legatis
1550 1973 1685 2040 residet.

355 2071 479 2138 habent
503 2073 566 2159 ipsi
590 2096 719 2162 qnoque
741 2097 871 2141 suorum
892 2077 1115 2144 mandatorum
1137 2079 1217 2144 fines
1242 2101 1323 2167 quos
1350 2077 1535 2165 transgredi
1557 2079 1683 2160 nolunt,

355 2176 390 2240 id
410 2176 498 2263 quod
512 2197 570 2242 nos
586 2180 619 2242 in
635 2180 848 2266 complurium
862 2204 969 2246 rerum
985 2185 1174 2248 tractatione
1197 2207 1231 2249 re
1247 2184 1318 2270 ipsa
1333 2183 1559 2270 comperimus.
1582 2203 1684 2270 quare

355 2278 400 2343 ita
422 2283 550 2348 omnino
572 2283 776 2368 arbitramur,
807 2286 833 2349 si
856 2285 934 2373 quid
956 2285 1044 2374 apud
1066 2287 1108 2351 D.
1131 2285 1256 2372 legatos
1277 2287 1344 2352 ΜΝ
1366 2287 1407 2351 V.
1431 2285 1463 2352 S.
1487 2285 1572 2350 effici
1594 2283 1683 2365 velit,

355 2382 389 2447 id
411 2377 533 2451 Romae
561 2390 649 2473 prius
671 2389 858 2454 tentandum
881 2411 961 2454 esse.
987 2389 1053 2454 illic
1075 2391 1159 2456 enim
1182 2399 1257 2454 sunt
1279 2391 1335 2477 qui
1356 2389 1451 2454 huius
1473 2388 1603 2455 concrlii
1627 2409 1681 2474 gu·

356 2484 567 2554 bernaculum
588 2499 712 2556 tenent:
745 2490 807 2557 illis
829 2491 1011 2557 nolentibus
1034 2493 1152 2558 frustra
1172 2493 1226 2557 hic
1248 2491 1455 2572 oblectamur,
1478 2494 1575 2579 pauci
1606 2500 1680 2556 sunt

358 2588 444 2674 enim
466 2600 499 2656 et
519 2593 654 2660 nimium
674 2596 780 2682 pauci,
802 2605 839 2660 ut
861 2617 958 2682 saepe
980 2597 1044 2660 iam
1067 2597 1263 2682 scripsimus,
1287 2598 1342 2684 qui
1363 2597 1623 2662 reformationem
1640 2617 1680 2658 ex

358 2691 464 2759 animo
489 2699 629 2782 cupiant,
658 2707 691 2762 et
711 2697 825 2763 horum
848 2721 1024 2785 paucorum
1047 2699 1239 2764 desiderium
1261 2699 1302 2764 ob
1326 2701 1520 2764 contrariam
1541 2697 1679 2763 multitu·

359 2795 442 2861 dinis
465 2802 653 2865 sententiam
675 2800 778 2866 nullos
804 2802 926 2866 fructus
948 2802 1077 2890 profert.

362 2955 365 2962 .
458 2899 536 2966 Post
558 2900 735 2990 Gallorum¹
752 2904 927 2970 adventum
954 2906 1095 2992 quotidie
1123 2908 1198 2970 novi
1223 2907 1366 2992 episcopi
1389 2906 1491 2970 Roma
1519 2905 1585 2971 hnc
1607 2905 1676 2970 sub·

358 3005 544 3071 mittuntur:
569 3015 717 3072 creantur
733 3009 830 3072 etiam
852 3011 929 3074 novi
950 3008 1104 3096 plerique,
1129 3017 1160 3074 et
1182 3010 1209 3073 si
1232 3031 1315 3096 quae
1339 3019 1387 3074 est
1408 3010 1568 3084 vacantia,
1592 3007 1675 3072 nulla

358 3129 449 3174 mora
472 3110 579 3174 statim
603 3133 770 3179 successor
792 3111 929 3199 eligitur,
953 3122 989 3178 ut
1009 3113 1073 3178 huc
1086 3122 1240 3200 tanquam
1256 3114 1299 3178 ad
1313 3112 1578 3200 restinguendum
1594 3133 1673 3176 oom-

356 3233 453 3277 muno
475 3211 608 3301 aliquod
635 3215 817 3281 incendium
840 3219 873 3281 in
895 3227 1037 3304 tempore
1059 3228 1259 3300 accurratur,
1291 3226 1323 3282 et
1344 3216 1407 3281 hac
1429 3215 1560 3305 quidem
1587 3217 1619 3279 in
1642 3236 1672 3278 re

356 3339 461 3403 neque
481 3320 577 3384 aetati
600 3341 704 3406 neque
726 3319 784 3384 ulli
807 3319 899 3386 alteri
926 3322 973 3385 r'ei
995 3322 1145 3406 parcitur.
1179 3343 1243 3408 quo
1265 3321 1301 3386 fit
1322 3331 1358 3385 nt
1378 3320 1475 3408 plane
1500 3320 1672 3406 decrepitos

357 3441 450 3486 senes
479 3432 512 3487 at
532 3421 705 3488 admodum
727 3424 860 3489 iuvenes
889 3423 1069 3511 complures
1092 3425 1261 3512 episcopos
1289 3426 1322 3488 in
1344 3424 1412 3490 dies
1436 3423 1610 3490 adventare
1632 3423 1671 3487 vi·

357 3522 499 3604 deamus,
524 3527 578 3612 qui
601 3525 731 3612 quidem
752 3527 819 3592 fere
843 3550 952 3593 omnes
975 3530 1020 3592 ita
1041 3528 1190 3594 videntur
1212 3527 1337 3611 eruditi,
1363 3536 1399 3592 ut
1420 3527 1670 3592 reformationem

356 3626 478 3692 institui
500 3650 566 3692 non
587 3650 683 3716 posse
698 3640 810 3716 putent
825 3633 893 3695 sine
907 3653 1024 3718 magno
1040 3631 1222 3718 pontificiae
1238 3631 1402 3716 dignitatis
1418 3629 1615 3694 detrimento.
1638 3651 1669 3693 eo

355 3730 421 3795 iam
443 3731 590 3796 miseriae
612 3742 743 3798 ventum
767 3743 823 3818 est,
847 3743 882 3799 ut
903 3744 1134 3820 praesentanea
1155 3735 1332 3821 ingentium
1354 3731 1511 3797 malorum
1533 3731 1667 3798 remedia

355 3835 433 3920 ipsis
456 3831 549 3898 malis
571 3836 758 3901 exitiosiore
781 3859 800 3900 a
821 3837 983 3924 plerisque
1005 3839 1186 3902 iudicentur
1208 3887 1215 3901 .
1239 3887 1246 3901 .
1271 3887 1278 3902 .

458 3935 596 4003 Gestarn
617 3939 751 4004 wurden
774 3939 832 4005 der
854 3939 889 4006 C.
913 3963 976 4006 von
993 3940 1192 4026 Lothringen
1215 3941 1279 4006 und
1302 3940 1353 4005 die
1369 3939 1606 4006 iranztisischen
1620 3939 1665 4003 Bi·

356 4040 465 4107 schttfe
489 4041 697 4129 empfangen:
808 4045 987 4108 coniunctis
1009 4045 1118 4131 itaque
1141 4043 1269 4109 auxiliis
1288 4066 1359 4109 cum
1374 4045 1413 4108 iis
1431 4045 1485 4131 qui
1502 4043 1625 4110 easdem
1640 4051 1666 4106 et

354 4147 517 4231 graviores
534 4147 628 4211 etiam
641 4145 837 4211 calamitates
852 4147 885 4210 in
900 4146 1123 4212 ecclesiastica
1140 4146 1307 4232 republica
1317 4148 1482 4234 patiuntur
1493 4157 1526 4212 et
1540 4148 1664 4235 propriis

354 4271 393 4314 ac
416 4248 599 4315 domesticis
622 4253 761 4314 erumnis
784 4250 889 4315 edocti
912 4249 1102 4334 didicerant,
1126 4261 1282 4337 quantum
1303 4250 1421 4315 referat
1435 4272 1609 4338 repurgare
1622 4272 1662 4314 ec·

355 4351 484 4418 alesiam
506 4376 565 4440 per
586 4354 700 4418 seriam
724 4363 756 4419 et
770 4355 947 4440 rigorosam
969 4355 1238 4436 reformationem,
1262 4355 1398 4418 fortasse
1421 4354 1481 4420 deo
1499 4355 1659 4420 adiuvante

355 4454 478 4541 aliquid
499 4455 606 4521 adhuc
629 4457 916 4523 in'relormationis
940 4479 1036 4524 causa
1057 4457 1211 4545 perficere
1234 4458 1418 4544 poterimus.
1444 4457 1503 4522 sed
1526 4467 1561 4523 ut
1581 4477 1661 4542 saepe

355 4559 419 4624 iam
442 4558 590 4642 diximus,
615 4559 744 4626 difficile
767 4571 816 4626 est
837 4560 930 4626 nobis
944 4556 1058 4648 paucis
1071 4559 1243 4625 multorum
1256 4560 1512 4626 dissentientium
1527 4560 1660 4627 volunta·

354 4661 439 4727 tibus
462 4671 494 4726 et
515 4665 679 4728 sententiis
703 4663 887 4730 obsistere.
911 4717 918 4730 .
943 4715 950 4730 .

456 4766 568 4831 Patres
584 4766 690 4833 adhuc
712 4768 745 4832 in
767 4767 823 4832 illa
839 4769 1027 4855 quaestione
1041 4768 1080 4834 de
1097 4769 1284 4855 episcopatu
1306 4777 1337 4832 et
1359 4768 1564 4856 episcopatus
1585 4769 1660 4832 iuris-

356 4869 496 4936 dictione
518 4869 651 4935 haerent
672 4893 786 4958 neque,
809 4882 952 4937 utantea
973 4871 1042 4937 fieri
1065 4869 1198 4955 solebat,
1220 4871 1271 4936 bis
1293 4873 1326 4935 in
1342 4869 1394 4938 die
1409 4874 1659 4960 congregationes

354 4975 435 5040 fiunt
457 4973 514 5040 sed
537 4973 636 5040 semel
658 4982 781 5040 tantum
803 4976 902 5062 idque
925 4984 957 5041 et
980 4977 1081 5041 serius
1104 4983 1136 5040 et
1159 4999 1223 5041 non
1246 4975 1379 5062 singulis
1397 4975 1512 5042 diebus
1610 4975 1658 5040 hac

355 5101 398 5150 ex
420 5101 455 5144 re
471 5079 550 5146 satis
573 5079 690 5144 coniici
710 5088 816 5166 potest
838 5079 879 5143 D.
895 5079 1076 5166 legatorum
1091 5079 1255 5144 voluntate
1270 5089 1395 5166 tempus
1408 5081 1546 5166 extrahi,
1568 5101 1655 5166 neque
