3450 5818
289 727 366 771 nam
388 703 649 773 informationem
670 701 866 784 babeamus,
897 726 1016 792 operae
1043 707 1184 792 pretium
1210 727 1272 773 uos
1292 703 1437 772 facturos
1459 707 1632 774 existima·

290 809 412 894 vimus,
441 811 470 876 si
491 809 554 878 boc
575 811 681 876 Ram
699 809 739 876 D.
762 811 963 898 propositum
987 809 1097 898 aliqua
1118 813 1242 878 ratione
1264 811 1422 898 impedire
1443 835 1631 899 possemus.

284 949 286 952 ·
393 915 501 982 Primo
523 917 636 1004 itaque
664 916 877 1002 personaliter
898 917 969 981 ΒΜ
998 939 1110 982 eorum
1131 916 1201 981 Dm
1223 917 1267 983 ad
1295 939 1406 983 eorum
1434 919 1632 1005 petitionem

291 1019 502 1086 convenimus
534 1019 812 1109 allegavimusque
844 1023 985 1088 rationes
1020 1043 1075 1089 eas
1108 1045 1192 1110 quae
1224 1022 1422 1089 videbantur
1451 1021 1548 1088 nobis
1583 1022 1633 1088 ad

289 1120 375 1190 bane
395 1145 464 1189 rem
486 1123 718 1211 perficiendam
741 1126 948 1210 accomodae,
973 1149 1054 1214 quas
1078 1149 1152 1193 cum
1174 1126 1352 1210 audissent,
1374 1125 1585 1214 postularunt
1609 1149 1632 1191 a

290 1226 385 1293 nobis
406 1225 487 1294 illud
509 1227 597 1316 quod
619 1225 740 1294 dietum
763 1239 849 1294 esset
871 1230 904 1295 in
926 1231 1055 1317 scriptis
1078 1229 1236 1314 exbiberi,
1263 1229 1350 1318 quod
1371 1252 1432 1296 nos
1455 1231 1534 1295 satis
1557 1253 1630 1296 mo-

291 1331 382 1397 deste
405 1339 635 1420 attemperate
657 1341 767 1400 nostro
789 1332 909 1400 iudicio
931 1333 1066 1400 fecimus
1090 1336 1222 1422 suisque
1243 1333 1335 1399 Dm·
1359 1335 1382 1400 4
1408 1333 1505 1400 buius
1529 1334 1626 1400 exhi·

288 1434 419 1501 buimus
443 1433 505 1524 [Bl.
540 1435 618 1524 quid
640 1444 749 1503 autem
771 1440 835 1502 iam
857 1435 920 1524 ipsi
941 1437 998 1503 Rea
1020 1438 1062 1503 D.
1085 1437 1186 1526 legati
1208 1439 1387 1522 statuerint,
1410 1437 1557 1504 nondum
1579 1439 1630 1503 in·

290 1538 437 1626 telligere
456 1540 632 1627 potuimus,
654 1539 735 1605 nibil
751 1541 836 1606 enim
852 1539 960 1606 adbuc
974 1541 1069 1607 nobis
1085 1540 1126 1607 de
1141 1563 1201 1607 sua
1215 1543 1376 1608 sententia
1390 1543 1630 1630 significarunt.

289 1643 426 1709 fecimus
455 1655 564 1711 antem
594 1644 842 1711 clementissime
869 1645 1046 1732 imperator
1071 1643 1135 1712 boc
1157 1667 1196 1712 eo
1219 1645 1364 1730 consilio,
1387 1669 1429 1713 ne
1451 1655 1484 1712 et
1504 1645 1558 1712 M*
1585 1647 1630 1712 V.

290 1746 353 1812 hac
376 1750 501 1814 ratione
522 1747 609 1814 tedio
633 1749 705 1833 sint,
729 1770 802 1815 eum
824 1749 887 1815 iarn
911 1771 1002 1816 suam
1023 1758 1165 1816 mentem
1187 1749 1282 1816 nobis
1303 1749 1366 1816 hac
1387 1750 1422 1815 iu
1443 1771 1480 1817 re
1494 1749 1631 1844 abunde

292 1851 510 1918 declaraverit
531 1861 564 1918 et
585 1851 694 1940 aliqui,
717 1854 906 1940 praesertim
929 1875 1008 1919 vero
1029 1862 1245 1942 protestantes
1268 1853 1360 1942 queri
1381 1855 1520 1942 possint,
1542 1853 1632 1919 baec

291 1957 400 2039 emnia
422 1965 504 2021 nutu
526 1965 559 2021 et
580 1957 715 2044 imperio
737 1957 798 2022 Mo.
819 1957 861 2022 V.
885 1955 917 2024 S.
941 1967 974 2022 et
994 1979 1060 2022 non
1081 1955 1231 2024 libertate
1258 1956 1395 2024 concilio
1423 1959 1485 2045 ipsi
1508 1979 1630 2024 conve·

295 2061 403 2125 niente
425 2062 557 2126 tractmi
578 2069 676 2148 atque
690 2061 769 2144 fieri,
794 2061 882 2149 quod
907 2060 1038 2149 quidem
1052 2083 1155 2148 usque
1171 2061 1253 2127 adeo
1269 2060 1416 2127 odiosum
1434 2083 1504 2128 esse
1520 2064 1626 2127 anim·

291 2162 499 2244 advertimus,
522 2173 558 2230 ut
580 2166 676 2230 etiam
698 2165 834 2253 ipsemet
856 2187 999 2230 summus
1025 2163 1173 2252 pontifex
1197 2163 1383 2230 huiusmodi
1410 2165 1627 2252 suspitionem

290 2265 387 2355 plane
417 2277 542 2335 caveat.
571 2269 599 2336 si
625 2277 733 2338 tarum
765 2269 976 2356 imposterum
1005 2292 1064 2336 nos
1094 2269 1128 2338 in
1155 2267 1313 2335 eiusmodi
1341 2269 1469 2336 casibus
1491 2269 1560 2336 Ma.
1582 2269 1627 2336 V.

290 2370 414 2461 aliquid
435 2372 545 2439 facere
567 2371 663 2456 volet,
688 2372 841 2458 dignetur
861 2393 921 2439 nos
944 2370 1119 2440 clementer
1141 2371 1286 2440 edocere.

393 2475 468 2542 Hoc
501 2495 630 2564 quoque
659 2474 691 2542 S.
714 2475 766 2540 Mo
792 2477 833 2542 V.
866 2474 1043 2542 bumilime·
1066 2475 1314 2562 significandum
1346 2473 1500 2543 duximus
1529 2477 1629 2545 nobis

292 2577 414 2645 dictum
436 2601 516 2664 esse,
538 2580 662 2645 Romae
682 2601 742 2667 pro
765 2588 852 2646 certo
874 2578 962 2645 buno
983 2601 1145 2645 rumorem
1168 2601 1317 2667 sparsum
1339 2603 1411 2646 esse
1440 2589 1537 2665 atque
1559 2581 1629 2648 buc

291 2684 516 2770 perscriptum,
539 2681 572 2749 S.
594 2683 671 2749 ltu
695 2683 737 2748 V.
760 2683 794 2747 in
817 2705 854 2750 eo
878 2681 1105 2749 elaborarent
1133 2681 1306 2750 concilium
1327 2683 1434 2770 ipsum
1455 2707 1559 2773 usque
1581 2685 1628 2752 ad

290 2787 440 2873 proxime
461 2787 605 2852 fleturum
627 2785 850 2874 Septembrem
872 2809 1014 2854 mensem
1037 2786 1263 2874 suspendatur.
1288 2785 1375 2874 quod
1397 2787 1532 2855 fortasse
1547 2811 1624 2856 cau-

293 2911 361 2956 sam
385 2889 493 2956 attulit
513 2889 579 2955 RV·
604 2890 648 2957 D.
670 2889 786 2976 legatis
808 2899 845 2956 nt
865 2890 901 2956 in
922 2913 994 2956 eam
1022 2891 1214 2957 sententiam
1236 2888 1268 2956 S.
1291 2890 1343 2956 Μ*ί
1370 2891 1411 2956 V.
1434 2892 1628 2976 scriberent,

293 3013 390 3080 qnam
416 2991 511 3059 nobis
540 3014 601 3081 per
627 2991 690 3059 boc
713 2991 801 3081 quod
828 2993 984 3060 mittimus
1008 2995 1166 3082 seriptum
1187 2991 1381 3060 indicarunt
1405 2994 1629 3084 supplicamus

292 3104 400 3162 autem
423 3094 456 3163 S.
480 3096 531 3162 ldl
556 3097 598 3162 V.
620 3093 786 3163 bumilims
808 3106 854 3182 ut,
878 3099 907 3163 si
929 3097 1009 3186 quid
1030 3121 1069 3166 ea
1091 3096 1132 3165 de
1153 3120 1191 3164 re
1211 3098 1275 3186 ipsi
1296 3095 1338 3162 D.
1360 3097 1460 3186 legati
1485 3098 1527 3164 ad
1548 3099 1630 3165 Mu*

289 3199 331 3266 V.
355 3200 542 3286 scripserint
563 3200 675 3288 eisque
696 3199 764 3266 M*
786 3199 826 3266 V.
848 3201 1046 3288 respondere
1075 3200 1207 3290 dignata
1228 3201 1342 3287 fetent,
1370 3201 1464 3268 nobis
1494 3225 1627 3292 quoque

293 3301 467 3370 clementer
488 3301 718 3370 communicari
739 3303 847 3370 faeere
869 3301 1022 3392 dignetur
1037 3354 1045 3371 .
1061 3353 1094 3372 ..

937 3531 985 3598 A.

370 3709 373 3716 ’
398 3715 482 3784 oon
510 3726 727 3784 metueremus
754 3741 796 3784 ne
824 3727 960 3807 prepter
981 3715 1129 3808 querelas
1150 3726 1281 3806 patrum
1303 3727 1336 3784 et
1357 3741 1521 3784 murmura
1544 3743 1630 3807 quae

295 3818 369 3886 ideo
391 3819 523 3904 faciunt,
548 3821 626 3909 qnia
647 3820 821 3888 concilium
843 3821 972 3908 longius
995 3819 1123 3888 extrahi
1144 3820 1416 3905 animadvertunt,
1440 3830 1473 3888 et
1493 3831 1629 3910 propter

295 3921 516 3989 difficultatem
540 3947 639 4012 quam
662 3926 873 3992 ostenderunt
901 3925 936 3990 in
966 3924 1198 3992 consentiendo
1220 3926 1254 3990 in
1277 3927 1452 3991 sessionem
1474 3925 1629 4010 futuram,

294 4047 380 4114 quae
406 4025 470 4091 illis
501 4049 572 4092 esse
599 4027 671 4093 visa
699 4037 750 4095 est
775 4029 872 4094 nimis
893 4025 1005 4114 longa,
1029 4024 1154 4116 aliquid
1175 4025 1339 4094 accideret
1361 4027 1449 4116 quod
1470 4027 1628 4112 nolemus,

294 4131 400 4195 risum
421 4128 515 4195 nobis
536 4130 598 4196 suit
612 4140 723 4218 petere
738 4132 813 4197 ΜΨ·
831 4131 867 4198 G.
890 4141 928 4197 ut
949 4153 1074 4199 omnem
1099 4153 1231 4220 operam
1252 4129 1407 4199 adbibere
1428 4131 1627 4218 dignaretur,

297 4255 362 4320 qno
390 4233 472 4300 eitra
493 4233 673 4320 longiorem
696 4235 934 4302 cunctationem
955 4235 1009 4302 vel
1030 4236 1093 4324 ipsi
1114 4239 1263 4303 reumont
1282 4235 1447 4324 principes
1470 4233 1627 4302 Germani

294 4335 348 4401 vel
370 4358 445 4403 suos
468 4346 611 4405 oratores
634 4337 676 4404 ad
697 4337 870 4407 concilium
891 4341 1068 4420 mitterent,
1099 4349 1132 4406 et
1161 4341 1190 4406 si
1216 4342 1342 4406 animus
1364 4348 1454 4406 esset
1474 4337 1536 4405 Mi·
1557 4339 1627 4405 eius

294 4439 423 4526 longius
444 4449 573 4528 tempus
595 4442 728 4531 aliquod
749 4441 813 4508 illis
836 4443 988 4509 veniendi
1011 4441 1206 4528 concedere,
1237 4453 1274 4509 ut
1300 4442 1343 4509 ab
1364 4442 1428 4509 bac
1455 4463 1514 4508 sua
1542 4445 1629 4529 cogi·

295 4543 415 4609 tatione
438 4545 650 4632 supersedere
672 4544 778 4613 vellet.
799 4569 876 4612 nam
897 4555 1005 4634 patres
1026 4544 1086 4612 bos
1108 4544 1191 4613 adeo
1214 4548 1247 4612 iu
1269 4568 1329 4613 sno
1347 4547 1516 4633 proposito
1531 4545 1625 4614 obfir-

295 4655 399 4714 matos
429 4669 501 4714 esse
523 4651 701 4730 cernimus,
729 4658 851 4717 utnon
874 4649 1053 4716 audeamus
1074 4669 1198 4715 moram
1219 4647 1362 4736 aliquam
1384 4648 1564 4736 longiorem
1586 4647 1628 4716 ab

295 4748 360 4815 illis
383 4759 503 4838 petere.
526 4773 601 4817 cum
623 4753 733 4840 itaque
753 4752 911 4819 vellemus
932 4751 995 4818 bae
1018 4750 1059 4818 de
1082 4773 1181 4818 cansa
1196 4750 1402 4820 tabellarium
1414 4749 1479 4818 hoo
1493 4773 1629 4838 vespere

295 4852 465 4938 dimittere,
488 4856 595 4919 visum
617 4862 667 4920 est
687 4853 782 4922 nobis
804 4855 986 4943 significare
1008 4854 1044 4921 id
1064 4856 1172 4942 ipsum
1194 4857 1285 4942 prius
1308 4853 1489 4920 oratoribus
1510 4851 1573 4918 Μ’·
1593 4853 1627 4920 O.

295 4978 335 5022 ae
366 4956 409 5023 ab
442 4954 506 5022 illis
535 4955 718 5044 postulare,
751 4967 788 5025 ut
815 4982 857 5024 ne
888 4968 1099 5046 gravarentur
1130 4959 1299 5025 narborem
1318 4957 1428 5026 faeere
1450 4955 1529 5022 Mt·
1550 4956 1627 5036 eins,

296 5059 404 5153 quoad
433 5059 513 5148 ipsis
542 5059 632 5128 salvo
658 5063 803 5150 ipsorum
830 5061 952 5132 bonore
979 5061 1105 5148 licebit,
1134 5059 1222 5150 quod
1249 5061 1388 5150 amplius
1415 5055 1536 5128 differri
1564 5079 1627 5125 non
