3498 5818
1342 479 1398 544 lii

105 697 155 738 non
175 671 235 739 hoc
255 673 325 760 ipsc
350 673 383 738 in
406 672 553 760 spiritum
568 677 714 737 sanctum
728 669 917 758 gravissime
933 678 1055 758 peccet.
1081 671 1183 736 sancti
1198 677 1306 756 patres
1334 667 1409 735 olim

104 777 279 865 pavnsimc
301 777 469 863 conquesti
493 783 567 839 sunt
590 773 631 839 dc
653 772 741 856 Ario,
766 772 854 859 quod
876 771 1005 837 adiutus
1029 773 1127 838 armis
1150 794 1263 858 regum
1279 781 1310 836 et
1324 773 1409 858 prin-

30 931 31 951 ,
105 881 198 966 cipum
229 880 299 965 pios
335 876 508 944 crudeliter
539 877 693 964 presserit
716 885 748 944 et
769 872 923 942 ecclesias
947 874 1131 963 dissiparit3
1166 874 1243 962 quid
1266 874 1410 940 dicerent

104 984 125 1048 si
151 1006 233 1048 nunc
270 983 501 1048 reviviscerent
535 990 566 1047 et
600 989 666 1046 tam
705 979 929 1046 detestandam
969 979 1173 1066 tyrannidem
1207 981 1240 1044 in
1275 977 1412 1044 ecclesia

104 1085 242 1170 riderent,
266 1085 370 1174 qualis
392 1108 479 1152 nunc
501 1086 534 1148 in
556 1083 665 1150 multis
686 1083 768 1150 locis
789 1083 977 1170 grassatur?
998 1084 1109 1170 itaque
1131 1084 1226 1147 nimis
1248 1082 1413 1168 pueriliter

104 1191 174 1276 sapit
194 1189 231 1254 R„
253 1188 410 1276 pontifex,
434 1189 461 1252 si
484 1210 575 1252 suam
597 1188 796 1254 voluntatem
820 1209 899 1272 erga
920 1184 1090 1252 ecclesiam
1113 1185 1232 1252 Christi
1248 1185 1336 1273 apud
1351 1207 1409 1252 nos

104 1293 128 1355 in
147 1293 344 1378 ignoratione
367 1313 438 1356 esse
462 1291 634 1356 existimat.
928 1359 930 1362 ,

188 1393 286 1476 Quod
302 1392 344 1458 ad
360 1415 475 1460 causas
493 1395 607 1458 attinet
622 1415 705 1480 quae
721 1393 928 1459 indictionem
945 1391 1072 1458 concilii
1087 1392 1235 1475 flagitare
1251 1393 1413 1476 videntur,

102 1499 198 1583 negari
231 1520 298 1562 non
327 1505 434 1585 potest
465 1495 657 1562 iustissimas
690 1517 746 1562 eas
779 1496 882 1561 videri
909 1518 1006 1583 posse
1029 1518 1110 1583 quas
1132 1497 1170 1562 R.
1194 1497 1342 1584 pontifex
1363 1498 1409 1561 in-

103 1599 220 1665 dictioni
252 1599 412 1687 praefixit,
445 1609 482 1663 ut
509 1597 631 1664 scilicet
665 1599 883 1686 exstirpentur
913 1597 1064 1664 haereses
1088 1608 1121 1664 et
1143 1601 1285 1688 corrupti
1307 1621 1411 1666 mores

103 1703 308 1769 emendentur.
341 1726 376 1768 re
409 1713 516 1769 autem
540 1701 725 1788 diligentins
747 1725 909 1789 perpensa
931 1711 963 1768 et
986 1701 1205 1786 considerata,
1236 1705 1355 1788 cogitet
1375 1703 1414 1768 R.

103 1807 234 1892 pontifex
255 1807 394 1893 primum
418 1805 496 1893 quid
518 1802 735 1892 appellatione
757 1803 928 1870 haeresum
949 1806 1069 1882 veniat,
1092 1803 1209 1870 deinde
1226 1807 1345 1892 cogitet
1360 1804 1415 1892 qui

102 1920 198 1975 nostro
221 1920 365 1996 tempore
387 1907 558 1976 haerescos
581 1911 693 1974 merito
717 1907 950 1974 insimulantur.

190 2012 266 2079 Non
300 2022 348 2078 est
381 2012 554 2078 obscurum
586 2011 675 2098 quod
707 2021 837 2078 nostrae
870 2011 1032 2098 religionis
1069 2020 1102 2076 et
1135 2012 1181 2076 sic
1202 2011 1416 2098 Augustanac

101 2114 300 2181 confessionis
334 2116 496 2203 principes
529 2125 562 2182 et
594 2124 696 2181 statim
730 2138 803 2180 eam
838 2114 1017 2182 doctrinam
1038 2115 1250 2201 profiteantur
1278 2117 1416 2202 quaein

30 2227 31 2296 ζ
102 2217 289 2304 evangelicis
312 2229 344 2284 et
366 2219 552 2308 apostolicis
575 2218 666 2284 libris
689 2219 869 2284 continetur
892 2226 924 2283 et
946 2239 1028 2304 quae
1046 2219 1146 2284 sacris
1161 2218 1293 2305 synodis
1309 2219 1415 2305 primi·

100 2323 175 2387 brae
199 2321 355 2388 ecclesiae
378 2331 595 2388 consentanea
617 2331 675 2386 est.
699 2331 831 2386 econtra
852 2321 890 2385 R„
913 2321 1082 2408 pontifices
1106 2320 1272 2387 stabiliunt
1294 2331 1415 2386 etcum

30 2431 31 2434 ’
101 2447 150 2488 sua
183 2424 373 2490 crudehtate
408 2423 583 2492 defendunt
615 2423 773 2490 humanas
806 2423 995 2490 traditiones
1030 2447 1104 2491 cum
1134 2447 1227 2490 sacra
1256 2425 1415 2511 scriptura

30 2529 32 2608 l
101 2538 292 2613 pugnantem
326 2528 528 2616 prophanata
549 2540 599 2597 est
632 2527 720 2616 apud
753 2530 841 2614 ipsos
863 2527 992 2614 religio,
1028 2537 1230 2594 sacramenta
1251 2549 1415 2615 perversa,

30 2609 32 2632 l
102 2631 238 2696 doctrina
260 2631 420 2718 evangelii
442 2631 629 2720 depravata.
654 2631 694 2698 de
717 2654 819 2698 coena
841 2630 972 2716 domini,
997 2631 1037 2698 de
1060 2630 1231 2715 coelibatu,
1265 2631 1305 2696 de
1329 2630 1418 2697 cultu

103 2746 287 2817 sanctorum,
311 2734 351 2799 de
373 2733 582 2822 indulgentiis
605 2737 693 2822 leges
717 2743 847 2800 exstant
862 2755 997 2820 quarum
1014 2736 1162 2822 impietas
1186 2744 1218 2800 et
1234 2734 1417 2801 absurditas

102 2837 138 2900 ita
168 2823 339 2903 manifesta
371 2847 428 2924 est,
462 2841 553 2904 utin
576 2841 717 2906 omnium
751 2837 860 2903 oculos
882 2847 915 2902 et
937 2859 1100 2904 sermones
1123 2839 1275 2904 incurrat.
1309 2847 1417 2904 tamen

103 2939 205 3005 horum
228 2942 369 3006 omnium
390 2943 603 3028 patrocinium
633 2941 807 3028 suscipitur
830 2951 862 3005 et
883 2941 1069 3026 iugulantur
1098 2941 1317 3008 crudelissimo
1341 2965 1415 3008 con·

103 3047 225 3108 trarium
249 3045 421 3110 sentientes
445 3053 477 3111 et
500 3045 661 3111 docentes.

200 3147 275 3232 Sed,
309 3149 467 3237 inquiunt,
503 3148 674 3237 disciplina
706 3159 739 3216 et
765 3170 871 3214 mores
905 3148 1051 3214 dissoluti
1074 3159 1149 3214 sunt
1171 3149 1258 3237 apud
1281 3160 1418 3216 vestros.

106 3253 227 3317 omnino
250 3253 344 3316 nimis
367 3275 479 3317 verum
503 3264 560 3336 est,
584 3253 705 3340 ubique
728 3254 761 3317 in
783 3274 976 3340 quacunque
1000 3252 1183 3318 conditione
1212 3264 1244 3318 et
1266 3263 1352 3319 statu
1372 3278 1420 3320 re·

103 3357 192 3438 periri
214 3353 389 3442 plurimum
409 3357 571 3422 vitiorum.
595 3357 654 3422 sed
676 3365 785 3422 errant
805 3355 960 3442 pontificii
983 3355 1207 3440 vehementer,
1232 3359 1258 3421 si
1281 3368 1367 3424 tecta
1390 3369 1422 3424 et

30 3447 32 3450 ⁵
103 3457 223 3524 occulta
245 3481 316 3524 esce
341 3459 419 3524 vitia
440 3481 502 3525 sua
523 3461 716 3526 existimant.
740 3482 805 3525 non
827 3467 915 3524 recte
929 3459 1028 3545 igitur
1042 3462 1280 3547 corruptionem
1297 3484 1422 3528 morum

103 3562 184 3648 apud
206 3571 333 3629 nostros
356 3573 519 3643 accusant,
543 3586 616 3630 cum
638 3565 701 3652 ipsi
723 3561 803 3628 nihil
824 3562 1018 3628 laudabilius
1039 3563 1161 3647 vivant,
1186 3573 1218 3630 et
1232 3575 1268 3630 ut
1282 3567 1422 3630 maxime
1476 3638 1479 3644 ,

104 3663 137 3730 de
169 3689 294 3732 morum
327 3663 536 3734 dissolutione
568 3667 710 3734 habeant
748 3666 836 3756 quod
873 3666 1026 3733 obiiciant
1061 3669 1194 3752 nostris,
1238 3692 1276 3735 ec
1320 3691 1422 3757 usque

104 3777 204 3834 tamen
235 3791 444 3857 progressum
477 3793 542 3838 non
575 3781 633 3855 est,
666 3781 702 3836 ut
724 3771 912 3836 manifestae
940 3769 1132 3857 turpitudini
1154 3773 1256 3838 nostri
1277 3771 1422 3841 homines

106 3875 350 3958 patrocinentur.

201 3977 310 4064 Atque
333 3971 497 4044 varietatis
519 3979 606 4044 circa
628 3976 807 4048 doctrinam
830 3975 931 4046 nostri
953 3976 1117 4068 principes
1140 3978 1343 4068 arguuntur?
1366 3978 1425 4048 sed

105 4077 277 4164 immerito,
316 4103 390 4145 cum
422 4084 535 4170 negari
568 4107 634 4150 non
671 4086 774 4172 possit
805 4093 932 4150 nostros
972 4107 1083 4150 omnes
1125 4095 1157 4150 et
1190 4086 1357 4152 universos
1391 4088 1424 4152 in

103 4181 291 4270 Argustana
326 4186 531 4252 confessione
570 4189 752 4253 consentire
775 4197 807 4253 et
829 4189 1068 4275 conquiescere,
1103 4211 1188 4274 quae
1222 4200 1270 4255 est
1291 4212 1369 4254 vera
1392 4198 1424 4254 et

106 4287 281 4354 orthodoxa
302 4297 429 4374 patrum
445 4311 575 4377 quoque
598 4290 753 4373 doctrina,
777 4313 837 4356 nec
859 4299 985 4377 oportet
1006 4292 1039 4354 in
1061 4291 1237 4356 iudicanda
1260 4292 1424 4379 aliquare

107 4391 144 4456 ad
174 4393 320 4459 diversos
354 4393 447 4479 quasi
480 4393 603 4459 colores
621 4451 622 4454 ,
637 4395 808 4481 respicere,
843 4394 901 4459 sed
934 4393 976 4459 ad
1010 4416 1127 4481 corpus
1162 4396 1267 4482 ipsum
1299 4396 1339 4461 de
1362 4418 1425 4482 quo

30 4549 31 4552 ,
108 4495 255 4562 iudicium
286 4495 356 4560 fieri
389 4494 494 4564 debet.
533 4497 619 4583 quod
654 4499 681 4561 si
714 4507 882 4584 tantopere
917 4497 957 4562 de
991 4499 1148 4562 varietate
1172 4509 1203 4562 et
1227 4497 1427 4564 dissensione

108 4597 316 4664 obiiciendum
338 4601 455 4663 nostris
485 4599 680 4682 existimant,
716 4600 793 4688 quid
821 4609 870 4665 est
892 4600 1080 4666 dissimilius
1105 4623 1202 4689 quam
1226 4604 1427 4689 papistarum

110 4710 137 4766 et
154 4703 383 4769 monachorum
405 4702 525 4767 tradita
548 4703 632 4768 inter
653 4701 711 4768 se?
745 4703 825 4789 quid
846 4705 950 4790 magis
974 4706 1100 4770 varium
1129 4704 1183 4770 vel
1205 4708 1350 4792 ineptum
1372 4729 1428 4793 pc·

30 4849 32 4868 .
109 4807 180 4888 hus,
218 4829 315 4896 quam
354 4804 588 4872 monachorum
628 4806 832 4872 commenta?
879 4807 958 4894 quid
996 4806 1124 4894 plenius
1169 4809 1430 4874 adversationum

112 4921 140 4978 et
158 4911 427 4992 contrarietatum,
452 4929 549 4998 quarn
571 4911 692 4997 scripta
713 4911 857 4998 ipsorum
879 4909 996 5001 quibus
1011 4913 1169 4979 universo
1185 4912 1255 4978 orbi
1270 4921 1429 4979 terrarum

113 5015 260 5088 hactenns
292 5013 533 5106 imposuerunt?
576 5013 634 5082 sed
669 5025 706 5081 ut
738 5015 818 5082 haec
851 5019 1068 5082 ommittamus
1102 5010 1200 5108 quae'
1223 5018 1307 5085 inter
1341 5016 1430 5106 ipsas

158 5143 268 5186 sichel
288 5154 309 5188 ι.
324 5141 352 5188 G.
366 5141 389 5187 ιι.
403 5139 499 5188 (ιιιιιιι.
864 5169 870 5178 -
1197 5141 1228 5194 12
