3460 5826
1349 535 1410 604 ut

91 726 224 793 omnium
244 723 428 814 principum
449 725 579 792 nomine
601 723 762 812 agendum
786 749 866 816 esse,
893 737 929 795 nt
950 724 1096 792 adhibita
1116 725 1203 792 illius
1225 725 1347 793 decreti
1367 729 1413 793 in-

92 831 315 917 terpretatione
336 827 416 916 ipsis
444 851 575 916 qnoque
602 831 783 918 principum
813 831 994 900 oratoribus
1022 839 1055 895 et
1080 829 1178 895 etiarn
1205 829 1352 917 patribus
1375 853 1415 896 ea

89 955 165 1020 quae
198 933 383 998 necessario
413 931 626 1020 proponenda
660 933 883 1001 existimarent
908 953 1090 1022 proponere
1115 931 1241 1016 liceret,
1269 932 1416 999 adbibita

86 1045 188 1100 tamen
212 1043 303 1100 certa
324 1034 438 1121 regula
460 1045 493 1100 et
513 1035 736 1102 moderatione
758 1039 792 1101 in
814 1035 997 1102 huiusmodi
1018 1033 1291 1122 propositionibus
1308 1035 1415 1102 obser

85 1137 199 1203 vande.
223 1137 444 1223 interpretatio
466 1147 574 1202 autem
596 1136 830 1222 huiuscemodi,
852 1151 925 1206 meo
949 1136 1079 1225 quidem
1101 1137 1224 1218 iuditio,
1251 1137 1322 1206 fieri
1343 1160 1416 1226 pos·

84 1249 128 1305 set
148 1249 183 1306 et
208 1239 342 1306 deberet
363 1249 400 1304 ut
421 1238 545 1304 scilicet
567 1239 745 1306 diceretur:
766 1239 1024 1330 proponentibus
1046 1237 1163 1325 legatis
1185 1261 1326 1328 eaquae
1346 1263 1415 1306 ora·

81 1352 163 1409 tores
186 1339 242 1408 vel
263 1351 373 1429 patres
387 1342 600 1430 proponenda
621 1344 700 1430 ipsis
721 1342 837 1428 legatis
860 1341 1059 1410 exhiberent
1080 1379 1125 1392 -
1146 1341 1188 1406 ad
1210 1341 1243 1407 V
1265 1342 1337 1408 dico
1360 1343 1415 1408 ad·

83 1445 213 1511 modom
235 1445 454 1510 neceesarium
476 1467 559 1528 esse,
581 1456 618 1511 ut
639 1445 680 1512 de
704 1467 742 1512 eo
764 1445 832 1511 Ma.
854 1445 887 1512 S.
911 1467 984 1511 cum
1007 1466 1131 1510 summo
1154 1445 1306 1531 pontifice
1330 1453 1415 1532 agat,

84 1557 193 1634 aperte
219 1547 432 1633 significando
453 1569 507 1613 res
529 1569 568 1614 eo
591 1549 656 1613 iarn
670 1569 861 1636 progressas
877 1569 958 1632 esse,
981 1555 1017 1612 ut
1037 1546 1133 1612 valde
1155 1545 1361 1612 metuendum
1377 1549 1418 1613 sit

82 1672 129 1734 ue,
153 1651 182 1714 si
206 1649 378 1716 concilium
400 1649 463 1716 hoc
484 1651 554 1715 sine
575 1649 683 1716 fructu
703 1651 834 1718 finiatur
853 1648 909 1716 rel
931 1650 1142 1736 abrumpatur
1162 1651 1330 1716 autetiam
1346 1671 1416 1714 sus·

79 1752 252 1839 pendatur,
274 1750 404 1818 nolente
426 1752 525 1817 etiam
546 1751 602 1817 Μ’·
626 1751 663 1818 0.
684 1755 719 1818 in
742 1751 775 1817 S.
796 1752 836 1817 R.
859 1753 993 1840 imperio
1017 1752 1152 1839 aliisque
1174 1753 1283 1838 regnis
1298 1761 1330 1816 et
1344 1773 1416 1838 pro-

79 1856 190 1920 vintiis
214 1853 247 1918 S.
270 1853 321 1918 Ml
351 1853 503 1919 subiectis
527 1875 647 1941 magno
670 1876 742 1920 cum
760 1855 912 1920 scandalo
928 1875 1111 1941 magnoque
1129 1875 1201 1918 cum
1216 1855 1314 1919 totius
1331 1854 1418 1920 orbis

80 1956 250 2022 christiani
273 1955 534 2044 apostolicaeque
557 1956 643 2022 sedis
668 1956 858 2024 detrimento
874 1954 1051 2023 nationalia
1065 1955 1202 2022 concilia
1217 1956 1420 2023 celebrentur

79 2061 252 2146 omnisque
285 2058 488 2125 obedientiae
522 2060 633 2146 iugum
671 2062 861 2127 excutiatur.
896 2060 959 2126 hcc
985 2060 1091 2146 ipsum
1127 2081 1227 2146 opera
1255 2069 1418 2125 oratorum

78 2160 141 2226 M*
164 2161 200 2228 S.
222 2163 256 2226 in
279 2161 416 2227 concilio
438 2163 604 2248 agentium
626 2171 696 2228 tum
717 2163 797 2250 ipsis
818 2163 862 2229 D.
884 2164 1002 2252 legatis
1024 2173 1093 2229 tum
1115 2162 1213 2228 etiam
1234 2159 1306 2226 aliis
1328 2183 1419 2248 prac-

79 2264 187 2350 cipuis
208 2263 356 2350 patribus
378 2263 564 2349 frequenter
584 2264 815 2332 inculcandum
837 2267 1010 2334 videretur.
1036 2297 1074 2312 -
1099 2263 1142 2330 ad
1155 2263 1204 2330 VI
1227 2263 1300 2328 dico
1322 2263 1420 2330 refor-

78 2366 232 2432 mationis
252 2367 419 2452 negotium
439 2366 721 2434 vehementissime
743 2369 925 2455 urgendum
940 2391 1022 2453 esse,
1045 2371 1108 2435 nisi
1122 2369 1277 2434 maiorem
1293 2375 1417 2452 partem

78 2479 212 2558 patrum
236 2470 292 2555 qui
313 2471 347 2533 in
369 2469 505 2537 concilio
529 2480 604 2536 sunt
633 2480 667 2536 et
687 2473 793 2558 ipsum
822 2469 1032 2538 christianum
1060 2471 1170 2539 orbem
1198 2467 1421 2536 scandalizare

78 2571 230 2638 velimus.
252 2571 380 2638 articuli
403 2583 510 2638 autem
532 2571 578 2638 illi
600 2595 682 2661 quos
704 2572 771 2638 M*
794 2573 830 2640 O.
854 2573 895 2639 D.
925 2572 1041 2662 legatis
1069 2572 1215 2640 exhiberi
1236 2571 1323 2650 fecit,
1347 2593 1421 2636 cum

78 2675 144 2742 illis
168 2697 251 2763 qnos
274 2674 367 2741 chr*
387 2677 474 2762 regis
497 2685 640 2742 oratores
663 2687 910 2764 proposuerunt,
933 2699 1092 2744 summam
1107 2673 1300 2743 universalis
1322 2673 1421 2741 refor-

80 2779 235 2844 mationis
258 2780 422 2845 continere
445 2777 603 2845 videnter.
626 2779 755 2846 illorum
775 2781 887 2868 itaque
918 2791 987 2847 tum
1008 2781 1185 2869 propositio
1206 2787 1276 2843 tum
1298 2778 1420 2842 exami-

79 2882 173 2948 natio
195 2878 344 2968 urgenda
365 2881 504 2965 videtur,
528 2883 688 2946 siveram
710 2890 743 2946 et
763 2880 885 2948 realem
907 2882 1170 2949 reformationem
1192 2879 1347 2968 consequi
1368 2901 1422 2944 ve·

80 2984 197 3063 limus;
232 2983 451 3050 adhibendam
482 2993 590 3050 tamen
613 3005 729 3051 censeo
751 2984 990 3074 infrascriptam
1018 2983 1280 3052 moderationem.
1311 3019 1350 3030 -
1379 2979 1424 3047 ad

79 3088 150 3154 VH
174 3087 247 3152 dico
269 3109 321 3152 me
345 3086 531 3152 existimare
552 3111 619 3154 non
640 3087 817 3154 admodum
831 3086 892 3153 Mo.
915 3087 947 3153 S.
965 3087 997 3154 S.
1013 3089 1142 3154 nomine
1156 3084 1422 3174 urgendumesse

81 3191 118 3256 id
142 3189 232 3278 qnod
252 3191 384 3277 proprie
407 3189 450 3255 ad
472 3191 588 3256 summi
615 3189 778 3278 pontilicis
805 3213 978 3277 personam
1006 3189 1245 3258 reformandam
1272 3186 1421 3275 pertinet,

81 3316 160 3358 narn
184 3293 219 3358 id
241 3302 369 3358 noenta
392 3291 621 3360 ostensor·
645 3291 681 3358 Ο.
705 3293 808 3358 omitti
830 3315 895 3360 non
917 3295 1053 3381 poterit,
1076 3293 1266 3381 pracsertim
1290 3311 1364 3356 cum
1380 3289 1422 3354 de

83 3395 285 3463 residentiae
306 3396 377 3460 iure
399 3403 431 3459 et
458 3396 684 3482 episcoporum
711 3395 911 3462 institutione
938 3407 1035 3484 atque
1063 3395 1135 3462 aliis
1164 3397 1261 3461 etiam
1283 3413 1368 3480 qnae
1389 3389 1423 3456 iu

82 3497 275 3566 memoratis
304 3495 447 3562 articulis
476 3497 681 3562 continentur
709 3498 743 3561 in
774 3498 910 3565 concilio
937 3497 1038 3566 libere
1066 3507 1174 3564 actum
1203 3495 1309 3579 fuerit,
1338 3515 1423 3580 quae

86 3601 200 3668 omnia
219 3599 424 3686 pofissimum
447 3600 480 3663 in
502 3599 536 3663 id
558 3599 693 3666 tendere
714 3600 875 3685 videntur,
899 3624 941 3667 ne
964 3602 1117 3688 deinceps
1139 3597 1313 3666 multitudo
1335 3595 1423 3661 noci-

85 3725 205 3770 varum
228 3701 504 3788 dispensationum
528 3701 698 3768 ecclesiam
721 3703 775 3769 dei
794 3701 914 3770 laedat
938 3703 979 3770 de
1001 3700 1165 3768 conclavis
1187 3701 1362 3787 cunasque
1383 3697 1422 3762 R.

85 3805 317 3872 reformatione
338 3804 406 3870 Ma·
429 3803 462 3870 S.
486 3805 522 3870 Ο.
546 3804 643 3891 longe
665 3805 860 3873 fructuosius
882 3805 1036 3893 privatim
1062 3826 1161 3892 quam
1189 3801 1322 3890 publice
1350 3821 1423 3865 cum

86 3907 121 3974 S.
146 3906 192 3974 8⁸·
215 3929 313 3993 agere
342 3929 440 3992 posse
467 3906 610 3985 videtur,
637 3915 674 3972 ut
699 3907 753 3972 vel
782 3907 845 3974 hac
871 3909 996 3974 ratione
1024 3906 1111 3972 illam
1141 3905 1182 3972 de
1203 3901 1365 3992 pontilicis
1393 3907 1426 3966 et

89 4007 222 4082 concilii
245 4011 469 4096 superioritate
484 4009 566 4074 adeo
589 4010 734 4076 odiosam
757 4020 789 4075 et
803 4012 1013 4097 pernitiosam
1030 4008 1298 4095 disceptationem
1314 4013 1347 4070 et
1360 4005 1426 4069 iam

89 4135 176 4200 pene
198 4111 423 4199 praeforibus
446 4111 636 4178 existentem
660 4115 783 4180 evitare
812 4114 984 4199 possimus.
1016 4111 1233 4178 desiderarem
1263 4110 1361 4176 etiam
1391 4115 1427 4171 ut

89 4213 304 4281 cardinalium
325 4237 479 4280 numerus
507 4215 603 4280 certis
632 4215 787 4282 limitibus
817 4213 1144 4282 circumscriberetur.
1174 4234 1288 4280 verum
1315 4212 1342 4275 si
1364 4209 1427 4276 hoc

88 4318 124 4382 in
152 4319 338 4404 praesentia
366 4316 536 4383 commode
563 4317 633 4382 lieri
660 4341 724 4384 non
751 4318 867 4406 possit,
903 4317 983 4384 illud
1012 4317 1159 4405 profecto
1185 4313 1276 4381 nulla
1302 4313 1429 4380 ratione

92 4419 307 4486 omittendum
340 4421 507 4500 existimo,
539 4429 576 4486 ut
608 4421 649 4486 de
679 4431 785 4488 aetate
814 4430 846 4488 et
877 4419 1031 4508 qualitate
1059 4419 1102 4486 ad
1124 4418 1209 4485 hanc
1236 4417 1426 4504 dignitatem

89 4522 383 4608 promovendorum
404 4521 575 4609 diligenter
595 4545 661 4588 non
684 4533 809 4609 agamr,
833 4522 1015 4611 vellemque
1037 4532 1073 4588 nt
1094 4522 1249 4609 deinceps
1271 4521 1304 4586 in
1319 4521 1359 4585 iis
1371 4519 1428 4608 qui

90 4623 133 4690 ad
156 4623 376 4690 cardinalatus
397 4625 611 4712 promovendi
633 4636 749 4710 essent,
762 4647 801 4690 ea
818 4625 1100 4692 considerarentur
1114 4635 1212 4712 atque
1227 4623 1429 4712 requireren-

89 4737 142 4795 tur
177 4749 261 4815 quae
294 4727 328 4792 in
348 4725 411 4792 illis
434 4729 490 4816 qui
511 4727 555 4793 ad
584 4728 791 4816 episcopatus
818 4737 1067 4814 promoventur,
1095 4749 1170 4792 cum
1198 4725 1263 4791 alia
1290 4725 1428 4792 concilia

91 4841 160 4896 tum
182 4828 245 4896 hoc
266 4851 422 4916 praesens
444 4829 671 4896 Tridentinum
694 4829 931 4896 consideranda
954 4839 986 4896 ct
1007 4829 1203 4917 requirenda
1224 4850 1296 4893 esse
1317 4829 1427 4892 decre-

90 4941 218 4998 verunt.
245 4955 352 5021 neque
381 4932 511 5000 ridetur
547 4931 597 4998 Sl¹¹
626 4931 669 4997 D.
701 4933 866 4998 autoritati
894 4932 957 4998 hoc
987 4930 1231 4998 determinando
1258 4927 1429 4996 concilium

91 5033 328 5124 praeiudicare,
351 5058 425 5104 com
446 5059 513 5104 non
532 5033 735 5124 praeiudicet
754 5033 1010 5124 praescribendo
1032 5033 1143 5124 quales
1165 5032 1209 5100 ad
1222 5033 1429 5122 episcopatus

1241 5134 1293 5197 tt·
