3532 5832
319 499 360 563 78

318 686 541 752 nihilomnino
561 685 603 752 ab
627 709 664 751 ec
689 685 758 752 lieri
781 686 884 772 possit
906 683 992 771 quod
1021 708 1040 751 a
1061 683 1118 752 M⁸⁸
1131 685 1170 752 V.
1194 685 1313 753 frustra
1344 685 1463 776 requiri
1492 685 1653 756 credatur.

317 801 433 857 etcum
446 811 553 856 eomes
575 790 715 876 Prosper
737 790 778 853 ab
791 789 880 854 Arcu
891 789 1026 856 Romam
1049 813 1108 876 pro
1131 801 1256 858 oratore
1269 815 1420 858 caesareo
1436 793 1488 859 die
1503 795 1546 859 25
1556 794 1578 858 J
1580 795 1649 857 unii

317 893 537 982 applicuisset,
560 914 633 958 eum
649 891 781 957 exhibui
797 891 828 957 S.
846 891 887 956 S¹¹
906 903 939 956 et
953 891 994 956 ab
1011 915 1050 957 ea
1064 896 1160 958 venia
1175 917 1214 959 ac
1228 893 1453 962 benedictione
1469 898 1654 982 impetrata,

317 997 505 1062 deosculato
528 997 597 1060 eius
619 995 702 1082 pede
726 993 767 1060 ab
790 994 871 1058 urbe
892 995 995 1060 Βοιιια
1017 996 1171 1061 Venetiae
1194 1021 1245 1064 me
1267 998 1396 1064 contuli.

418 1101 510 1164 Haec
533 1108 607 1164 sunt
628 1099 809 1162 summatim
832 1121 852 1162 a
873 1121 925 1163 me
940 1097 1102 1186 descripta
1117 1123 1176 1187 per
1190 1123 1241 1166 me
1257 1113 1330 1167 acta
1352 1103 1385 1166 in
1407 1103 1497 1182 urbe,
1521 1105 1655 1190 quaesi

317 1205 401 1271 bene
425 1227 485 1289 per
506 1225 557 1267 me
579 1211 754 1289 procurata
775 1200 826 1265 Μιί
856 1199 896 1266 V.
926 1201 1131 1286 videbuntur,
1155 1225 1313 1270 summam
1335 1215 1483 1271 votorum
1505 1227 1654 1271 meorum

317 1308 459 1394 adeptus
482 1305 627 1372 videbor.
652 1315 738 1371 certe
755 1307 781 1368 si
795 1315 935 1370 mentem
951 1307 1180 1394 egregiamque
1195 1331 1300 1374 meam
1316 1331 1394 1395 erga
1408 1309 1449 1374 V.
1464 1309 1542 1374 ll‘⁸²¹¹
1553 1310 1656 1374 fidem

321 1411 513 1497 inspexerit,
542 1433 594 1475 me
616 1411 649 1472 in
671 1409 809 1495 negotiis
831 1409 898 1472 suis
921 1410 1046 1474 sincere
1067 1409 1205 1476 fideliter
1227 1433 1267 1476 ae
1295 1411 1466 1498 diligenter
1486 1423 1655 1478 versatum

316 1513 487 1600 intelliget.

419 1642 484 1707 ΜΨ
506 1642 547 1707 V.
569 1641 753 1707 humilimus
777 1665 816 1706 ac
838 1641 975 1707 devotus
998 1665 1110 1708 servus

1011 1745 1206 1812 Franciscus
1229 1747 1270 1812 de
1292 1748 1388 1814 Turri
1409 1747 1488 1814 baro
1512 1773 1552 1815 m.
1575 1773 1606 1838 p.

451 1884 526 1938 Nach
553 1886 625 1938 einer
642 1883 920 1952 Dorsualbemerkung
945 1885 1047 1936 seheint
1064 1886 1162 1936 Tlrurm
1185 1888 1276 1936 seinen
1295 1887 1511 1938 Generalbericht
1535 1896 1652 1940 erstem

383 1973 399 2026 3
417 1971 484 2024 Nor.
504 1971 664 2039 cingereicht
682 1988 714 2022 zu
732 1971 826 2022 haben.
854 1973 901 2022 Ich
919 1971 990 2022 reihe
1008 1972 1053 2021 ihn
1071 1973 1136 2022 aber
1154 1973 1241 2038 gleich
1259 1973 1316 2023 hier
1336 1975 1386 2035 ein,
1407 1973 1441 2024 da
1458 1976 1505 2024 mit
1523 1974 1570 2025 der
1582 1975 1653 2025 Vor-

383 2061 498 2126 stellung
509 2059 556 2110 des
568 2057 740 2126 Nachlolgers
753 2059 850 2109 Thurm
863 2059 984 2109 aufbdrte
999 2057 1146 2110 Gesandter
1157 2074 1191 2109 an
1209 2059 1256 2109 der
1268 2059 1345 2110 Curis
1364 2077 1396 2109 au
1420 2062 1475 2110 sein
1493 2061 1546 2110 und
1564 2060 1654 2110 echon

383 2161 425 2197 am
446 2149 458 2195 1
477 2145 533 2196 Juli
549 2161 603 2196 ron
620 2143 687 2196 Rom
705 2143 773 2194 nach
791 2144 912 2210 Venedig
930 2145 1053 2196 ebreiste.
1072 2171 1105 2182 -
1123 2144 1188 2194 Was
1207 2161 1235 2194 er
1251 2146 1286 2194 im
1298 2145 1421 2212 Eingang
1437 2161 1498 2196 vom
1512 2146 1654 2196 (lonclare

384 2231 492 2296 erathlt,
519 2233 617 2282 stimmt
634 2233 682 2282 mit
700 2231 752 2282 den
770 2231 927 2296 Depeschen
941 2229 1018 2294 jener
1036 2231 1144 2282 Monate
1167 2231 1283 2282 flberein.
1320 2232 1376 2282 Nor
1391 2247 1446 2284 rrae
1470 2247 1498 2284 er
1520 2248 1574 2282 von
1596 2235 1653 2282 sei·

384 2335 444 2370 nem
463 2323 549 2368 ersten
568 2316 818 2366 zusammentreffen
841 2318 889 2366 mit
912 2315 970 2366 dem
996 2316 1026 2370 C.
1045 2333 1099 2368 ron
1116 2317 1207 2366 Trient
1231 2318 1374 2382 berichtst,
1402 2319 1436 2368 ist
1453 2333 1505 2368 nec
1522 2317 1576 2368 und
1593 2334 1658 2370 ver-

384 2404 457 2454 disnt
474 2403 531 2453 hier
548 2402 689 2468 angeftlhrt
707 2419 740 2452 au
757 2401 870 2452 werden.
905 2403 942 2452 Er
960 2402 1077 2453 schreibt
1093 2402 1222 2454 ndmlich:
1242 2419 1301 2452 cum
1320 2403 1387 2454 haee
1406 2409 1467 2454 aeta
1485 2410 1580 2468 essent,
1598 2411 1656 2456 sta·

384 2492 430 2540 tim
449 2489 600 2554 supervenit
617 2488 646 2538 C.
665 2487 845 2550 Tridentinus,
875 2489 917 2538 cui
941 2495 1039 2538 ennete
1064 2505 1112 2554 per
1134 2489 1331 2540 me⁰lractenus
1349 2495 1423 2555 gesta
1442 2491 1655 2554 communicavi;

383 2589 416 2625 ac
433 2576 490 2640 ipse
507 2573 586 2624 valde
605 2575 712 2624 miratus
729 2588 762 2623 ac
780 2577 887 2639 stupens
905 2574 968 2624 milri
988 2575 1061 2640 dixit,
1087 2574 1157 2639 quod
1182 2589 1214 2623 ex
1237 2589 1265 2624 re
1284 2580 1354 2624 esset
1371 2577 1463 2642 viginti
1481 2575 1525 2625 vel
1542 2577 1657 2642 triginta

383 2661 454 2710 mille
473 2675 567 2711 aureos
584 2659 691 2722 habere,
713 2664 743 2708 ut
760 2658 866 2710 domum
884 2673 1006 2726 magnam
1026 2659 1201 2710 conducerem
1220 2665 1247 2710 et
1264 2660 1338 2711 lanta
1357 2663 1480 2712 convivia
1497 2663 1599 2728 ag'tars
1619 2677 1655 2712 ac

383 2761 493 2798 munera
510 2747 612 2796 mittere
630 2758 734 2810 possem
752 2743 786 2794 sd
804 2745 1003 2808 promerendam
1028 2745 1198 2796 cardinalium
1223 2747 1341 2812 gratiam
1371 2763 1420 2813 ego
1444 2753 1531 2798 autem
1555 2749 1593 2798 eis
1612 2765 1655 2800 re·

385 2833 478 2898 spondi
502 2831 574 2898 quod
590 2831 636 2880 Mu
653 2830 685 2880 V.
704 2845 770 2896 opus
794 2836 850 2880 erat
872 2833 1000 2896 pecunias
1023 2831 1082 2882 illas
1106 2847 1215 2897 erogare
1238 2833 1365 2884 militibus
1382 2833 1416 2884 ed
1434 2833 1529 2886 limites
1547 2833 1656 2886 Panno·

385 2921 445 2970 niae
464 2917 661 2968 considentibus
677 2931 724 2980 pro
744 2918 944 2967 conservatione
961 2916 1023 2967 fidei
1042 2918 1200 2968 christianae
1224 2923 1251 2968 et
1269 2919 1340 2984 quod
1357 2921 1415 2984 ipss
1433 2921 1572 2984 sperabam
1590 2922 1657 2972 abs-

386 3021 437 3073 que
456 3020 487 3055 co
505 3007 611 3068 sumptu
627 3001 703 3051 utilia
720 3001 764 3051 Mo
778 3001 810 3056 V.
831 3001 967 3053 conficere.

884 3185 1087 3194 --..-——-·--—--

910 3417 1043 3504 XLII.

620 3635 813 3736 Prospero
842 3637 979 3714 d’Arcc
1007 3659 1054 3716 co
1083 3637 1157 3716 deo
1187 3637 1341 3730 liticen
1403 3711 1407 3719 ,

799 3793 1160 3856 Rom‚29.1unittto.

522 3977 658 4032 Romana.
688 3973 831 4047 Ortpiaah
853 3992 922 4047 panc
936 3974 1132 4048 eipmldadi9;
1153 3976 1184 4030 ia
1205 3981 1295 4047 terpo:
1317 3978 1359 4034 16
1373 3977 1444 4032 Jalt.

624 4154 725 4220 Sacra
748 4176 880 4218 cesarea
902 4165 1035 4220 maesta.

416 4292 497 4359 Heri
519 4291 561 4360 ho
584 4292 723 4358 salutato
747 4292 789 4357 da
810 4301 902 4380 parte
926 4290 1011 4358 della
1032 4305 1157 4360 maesta
1178 4303 1288 4360 vostra
1309 4294 1342 4359 la
1365 4295 1482 4362 santita
1498 4295 1542 4361 dil
1557 4317 1649 4383 papa

400 4395 430 4464 le
454 4419 528 4463 cose
552 4397 592 4462 de
615 4398 670 4484 qui
693 4395 809 4460 adesso
833 4418 911 4460 sono
935 4397 1056 4482 quiete,
1081 4407 1113 4462 et
1133 4419 1199 4462 non
1222 4399 1246 4460 s’
1260 4400 1389 4465 attende
1412 4423 1447 4465 se
1469 4423 1533 4464 non
1556 4421 1577 4462 a
1597 4399 1653 4464 far

320 4501 342 4566 il
364 4523 517 4588 processo
541 4499 572 4565 al
595 4499 679 4564 duca
702 4499 734 4562 di
756 4497 918 4581 Palliano,
953 4500 1038 4566 della
1066 4500 1169 4566 salute
1197 4501 1241 4566 dil
1270 4501 1365 4589 quale
1394 4523 1459 4568 non
1486 4501 1591 4588 pecho
1621 4505 1650 4566 si

320 4605 442 4689 dubita,
466 4603 608 4669 anchora
628 4599 688 4666 che
710 4601 729 4666 l'
752 4602 948 4668 inbasciator
972 4603 1017 4667 dil
1038 4627 1073 4668 re
1097 4604 1231 4669 catolieo
1254 4605 1330 4670 habi
1352 4604 1485 4691 pigliato
1508 4604 1540 4670 la
1562 4616 1650 4692 prot-

317 4711 437 4776 tetione
460 4731 519 4772 sua
542 4707 583 4772 ad
605 4709 759 4788 instansa,
783 4728 874 4771 como
897 4705 1026 4770 alchuni
1048 4706 1209 4792 vogliono,
1240 4708 1284 4772 dil
1306 4706 1470 4773 cardinale
1492 4707 1647 4791 Fernese,

317 4811 340 4877 il
363 4811 458 4900 quale
480 4833 544 4876 non
565 4811 673 4874 vorria
695 4808 755 4874 che
770 4807 891 4875 Caraffr
912 4811 1126 4888 rovinassero,
1149 4813 1220 4875 acio
1243 4810 1364 4876 fossore
1386 4834 1432 4876 un
1454 4819 1648 4898 contrapeso

317 4917 451 4982 insieme
474 4936 536 4980 con
557 4935 629 4979 csso
651 4911 696 4976 lui
718 4911 782 4977 alla
803 4921 895 4999 parte
918 4911 963 4978 dil
986 4911 1149 4978 cardinale
1180 4913 1212 4978 di
1234 4913 1384 4999 Mantua,
1412 4913 1445 4980 la
1467 4914 1563 5003 quale
1584 4936 1647 5002 per

317 5017 351 5088 la
371 5015 539 5108 parentela
559 5015 641 5083 latta
663 5037 723 5082 con
747 5038 806 5083 sua
828 5017 946 5083 sentite
966 5039 1045 5106 pare
1068 5015 1128 5082 che
1149 5018 1177 5082 si
1198 5015 1284 5083 facia
1304 5027 1420 5108 troppo
1442 5027 1584 5108 potente.
