<?xml version="1.0" encoding="UTF-8"?>
<!DOCTYPE html PUBLIC "-//W3C//DTD XHTML 1.0 Transitional//EN"
    "http://www.w3.org/TR/xhtml1/DTD/xhtml1-transitional.dtd">
<html xmlns="http://www.w3.org/1999/xhtml" xml:lang="en" lang="en">
 <head>
  <title>
</title>
<meta http-equiv="Content-Type" content="text/html;charset=utf-8" />
  <meta name='ocr-system' content='tesseract 3.04.00' />
  <meta name='ocr-capabilities' content='ocr_page ocr_carea ocr_par ocr_line ocrx_word'/>
</head>
<body>
  <div class='ocr_page' id='page_1' title='image "./zurgeschichtede00unkngoog/zurgeschichtede00unkngoog_0630.png"; bbox 0 0 3512 5838; ppageno 0'>
   <div class='ocr_carea' id='block_1_1' title="bbox 153 701 1453 3434">
    <p class='ocr_par' dir='ltr' id='par_1_1' title="bbox 177 701 1452 1783">
     <span class='ocr_line' id='line_1_1' title="bbox 187 701 1449 770; baseline 0 -16"><span class='ocrx_word' id='word_1_1' title='bbox 187 701 305 767; x_wconf 75' lang='lat' dir='ltr'>petebat,</span> <span class='ocrx_word' id='word_1_2' title='bbox 323 717 392 754; x_wconf 75' lang='lat' dir='ltr'>neve</span> <span class='ocrx_word' id='word_1_3' title='bbox 409 708 525 754; x_wconf 85' lang='lat' dir='ltr'>noceant</span> <span class='ocrx_word' id='word_1_4' title='bbox 541 701 603 753; x_wconf 83' lang='lat' dir='ltr'>brrie</span> <span class='ocrx_word' id='word_1_5' title='bbox 622 703 736 754; x_wconf 81' lang='lat' dir='ltr'>coucilia</span> <span class='ocrx_word' id='word_1_6' title='bbox 754 709 802 753; x_wconf 84' lang='lat' dir='ltr'>aut</span> <span class='ocrx_word' id='word_1_7' title='bbox 818 705 850 754; x_wconf 84' lang='lat' dir='ltr'>ils</span> <span class='ocrx_word' id='word_1_8' title='bbox 867 711 936 769; x_wconf 79' lang='lat' dir='ltr'>quta</span> <span class='ocrx_word' id='word_1_9' title='bbox 954 704 1065 770; x_wconf 84' lang='lat' dir='ltr'>posthac</span> <span class='ocrx_word' id='word_1_10' title='bbox 1077 703 1236 758; x_wconf 81' lang='lat' dir='ltr'>futurasunt</span> <span class='ocrx_word' id='word_1_11' title='bbox 1249 719 1373 757; x_wconf 85' lang='lat' dir='ltr'>eorumve</span> <span class='ocrx_word' id='word_1_12' title='bbox 1386 717 1449 756; x_wconf 90' lang='lat' dir='ltr'>auo·</span> 
     </span>
     <span class='ocr_line' id='line_1_2' title="bbox 188 787 1451 857; baseline 0.003 -19"><span class='ocrx_word' id='word_1_13' title='bbox 188 788 292 838; x_wconf 81' lang='lat' dir='ltr'>toriteti</span> <span class='ocrx_word' id='word_1_14' title='bbox 308 793 356 838; x_wconf 83' lang='lat' dir='ltr'>aut</span> <span class='ocrx_word' id='word_1_15' title='bbox 372 787 497 854; x_wconf 80' lang='lat' dir='ltr'>libertati,</span> <span class='ocrx_word' id='word_1_16' title='bbox 514 803 583 841; x_wconf 84' lang='lat' dir='ltr'>neve</span> <span class='ocrx_word' id='word_1_17' title='bbox 601 789 764 854; x_wconf 78' lang='lat' dir='ltr'>principibus</span> <span class='ocrx_word' id='word_1_18' title='bbox 782 789 984 855; x_wconf 67' lang='lat' dir='ltr'>oratoribusque</span> <span class='ocrx_word' id='word_1_19' title='bbox 1002 805 1093 842; x_wconf 86' lang='lat' dir='ltr'>eornm</span> <span class='ocrx_word' id='word_1_20' title='bbox 1111 795 1138 842; x_wconf 90' lang='lat' dir='ltr'>st</span> <span class='ocrx_word' id='word_1_21' title='bbox 1160 791 1282 844; x_wconf 83' lang='lat' dir='ltr'>comibus</span> <span class='ocrx_word' id='word_1_22' title='bbox 1300 791 1358 843; x_wconf 81' lang='lat' dir='ltr'>eliis</span> <span class='ocrx_word' id='word_1_23' title='bbox 1375 805 1451 857; x_wconf 87' lang='lat' dir='ltr'>prae·</span> 
     </span>
     <span class='ocr_line' id='line_1_3' title="bbox 186 871 1451 942; baseline 0.007 -21"><span class='ocrx_word' id='word_1_24' title='bbox 186 871 316 924; x_wconf 80' lang='lat' dir='ltr'>iudicium</span> <span class='ocrx_word' id='word_1_25' title='bbox 333 873 417 926; x_wconf 87' lang='lat' dir='ltr'>ullum</span> <span class='ocrx_word' id='word_1_26' title='bbox 436 873 545 926; x_wconf 79' lang='lat' dir='ltr'>allatum</span> <span class='ocrx_word' id='word_1_27' title='bbox 565 890 623 928; x_wconf 85' lang='lat' dir='ltr'>esse</span> <span class='ocrx_word' id='word_1_28' title='bbox 639 877 672 926; x_wconf 87' lang='lat' dir='ltr'>iis</span> <span class='ocrx_word' id='word_1_29' title='bbox 690 875 780 928; x_wconf 85' lang='lat' dir='ltr'>vorbis</span> <span class='ocrx_word' id='word_1_30' title='bbox 799 889 865 928; x_wconf 81' lang='lat' dir='ltr'>eave</span> <span class='ocrx_word' id='word_1_31' title='bbox 882 877 985 928; x_wconf 78' lang='lat' dir='ltr'>ratione</span> <span class='ocrx_word' id='word_1_32' title='bbox 1005 875 1135 938; x_wconf 84' lang='lat' dir='ltr'>eradatur,</span> <span class='ocrx_word' id='word_1_33' title='bbox 1154 878 1292 942; x_wconf 88' lang='lat' dir='ltr'>quominus</span> <span class='ocrx_word' id='word_1_34' title='bbox 1315 880 1344 928; x_wconf 90' lang='lat' dir='ltr'>iu</span> <span class='ocrx_word' id='word_1_35' title='bbox 1360 877 1451 930; x_wconf 89' lang='lat' dir='ltr'>buius·</span> 
     </span>
     <span class='ocr_line' id='line_1_4' title="bbox 190 956 1451 1028; baseline 0.008 -22"><span class='ocrx_word' id='word_1_36' title='bbox 190 956 263 1007; x_wconf 84' lang='lat' dir='ltr'>medi</span> <span class='ocrx_word' id='word_1_37' title='bbox 281 957 405 1024; x_wconf 79' lang='lat' dir='ltr'>legitimis</span> <span class='ocrx_word' id='word_1_38' title='bbox 424 959 544 1011; x_wconf 83' lang='lat' dir='ltr'>conciliis</span> <span class='ocrx_word' id='word_1_39' title='bbox 569 975 601 1010; x_wconf 83' lang='lat' dir='ltr'>ea</span> <span class='ocrx_word' id='word_1_40' title='bbox 623 965 714 1026; x_wconf 87' lang='lat' dir='ltr'>petere</span> <span class='ocrx_word' id='word_1_41' title='bbox 736 976 885 1026; x_wconf 87' lang='lat' dir='ltr'>proponere</span> <span class='ocrx_word' id='word_1_42' title='bbox 907 963 1010 1028; x_wconf 76' lang='lat' dir='ltr'><strong>possint</strong></span> <span class='ocrx_word' id='word_1_43' title='bbox 1032 967 1079 1013; x_wconf 85' lang='lat' dir='ltr'>sut</span> <span class='ocrx_word' id='word_1_44' title='bbox 1103 961 1136 1012; x_wconf 77' lang='lat' dir='ltr'>tle</span> <span class='ocrx_word' id='word_1_45' title='bbox 1155 963 1187 1012; x_wconf 86' lang='lat' dir='ltr'>iis</span> <span class='ocrx_word' id='word_1_46' title='bbox 1205 961 1345 1014; x_wconf 83' lang='lat' dir='ltr'>consulere</span> <span class='ocrx_word' id='word_1_47' title='bbox 1361 969 1451 1028; x_wconf 79' lang='lat' dir='ltr'>patros</span> 
     </span>
     <span class='ocr_line' id='line_1_5' title="bbox 188 1041 1451 1114; baseline 0.007 -22"><span class='ocrx_word' id='word_1_48' title='bbox 188 1041 310 1108; x_wconf 78' lang='lat' dir='ltr'>Ampl¹·&#39;</span> <span class='ocrx_word' id='word_1_49' title='bbox 334 1059 402 1110; x_wconf 88' lang='lat' dir='ltr'>quse</span> <span class='ocrx_word' id='word_1_50' title='bbox 420 1043 455 1095; x_wconf 87' lang='lat' dir='ltr'>ad</span> <span class='ocrx_word' id='word_1_51' title='bbox 472 1045 599 1111; x_wconf 85' lang='lat' dir='ltr'>pietatem</span> <span class='ocrx_word' id='word_1_52' title='bbox 612 1045 640 1094; x_wconf 90' lang='lat' dir='ltr'>in</span> <span class='ocrx_word' id='word_1_53' title='bbox 650 1045 728 1095; x_wconf 82' lang='lat' dir='ltr'>deum</span> <span class='ocrx_word' id='word_1_54' title='bbox 741 1045 922 1109; x_wconf 82' lang='lat' dir='ltr'>immortalem,</span> <span class='ocrx_word' id='word_1_55' title='bbox 942 1045 976 1096; x_wconf 86' lang='lat' dir='ltr'>ad</span> <span class='ocrx_word' id='word_1_56' title='bbox 989 1044 1128 1098; x_wconf 79' lang='lat' dir='ltr'>utilitatem</span> <span class='ocrx_word' id='word_1_57' title='bbox 1140 1047 1298 1100; x_wconf 85' lang='lat' dir='ltr'>universalia</span> <span class='ocrx_word' id='word_1_58' title='bbox 1311 1049 1451 1114; x_wconf 85' lang='lat' dir='ltr'>ecclesiae,</span> 
     </span>
     <span class='ocr_line' id='line_1_6' title="bbox 189 1126 1449 1198; baseline 0.005 -20"><span class='ocrx_word' id='word_1_59' title='bbox 189 1128 225 1178; x_wconf 86' lang='lat' dir='ltr'>ad</span> <span class='ocrx_word' id='word_1_60' title='bbox 243 1128 350 1180; x_wconf 77' lang='lat' dir='ltr'>«litionis</span> <span class='ocrx_word' id='word_1_61' title='bbox 368 1142 433 1180; x_wconf 86' lang='lat' dir='ltr'>suae</span> <span class='ocrx_word' id='word_1_62' title='bbox 451 1133 479 1180; x_wconf 87' lang='lat' dir='ltr'>et</span> <span class='ocrx_word' id='word_1_63' title='bbox 495 1131 689 1196; x_wconf 81' lang='lat' dir='ltr'>provinoiarun</span> <span class='ocrx_word' id='word_1_64' title='bbox 708 1136 789 1196; x_wconf 85' lang='lat' dir='ltr'>atque</span> <span class='ocrx_word' id='word_1_65' title='bbox 802 1126 976 1182; x_wconf 83' lang='lat' dir='ltr'>ecelesiarum</span> <span class='ocrx_word' id='word_1_66' title='bbox 989 1131 1128 1182; x_wconf 84' lang='lat' dir='ltr'>commoda</span> <span class='ocrx_word' id='word_1_67' title='bbox 1145 1137 1267 1198; x_wconf 83' lang='lat' dir='ltr'>spootsre</span> <span class='ocrx_word' id='word_1_68' title='bbox 1285 1133 1449 1185; x_wconf 81' lang='lat' dir='ltr'>ridebuntur.</span> 
     </span>
     <span class='ocr_line' id='line_1_7' title="bbox 188 1214 1451 1284; baseline 0.003 -18"><span class='ocrx_word' id='word_1_69' title='bbox 188 1214 260 1266; x_wconf 81' lang='lat' dir='ltr'>bauo</span> <span class='ocrx_word' id='word_1_70' title='bbox 278 1215 497 1268; x_wconf 85' lang='lat' dir='ltr'>couteetstionem</span> <span class='ocrx_word' id='word_1_71' title='bbox 515 1215 550 1266; x_wconf 80' lang='lat' dir='ltr'>ad</span> <span class='ocrx_word' id='word_1_72' title='bbox 568 1222 631 1267; x_wconf 87' lang='lat' dir='ltr'>sets</span> <span class='ocrx_word' id='word_1_73' title='bbox 647 1216 743 1281; x_wconf 73' lang='lat' dir='ltr'>synodi</span> <span class='ocrx_word' id='word_1_74' title='bbox 760 1217 826 1266; x_wconf 64' lang='lat'>8⁶⁸⁰</span> <span class='ocrx_word' id='word_1_75' title='bbox 846 1216 963 1268; x_wconf 74' lang='lat' dir='ltr'>etlsoribl</span> <span class='ocrx_word' id='word_1_76' title='bbox 982 1221 1009 1268; x_wconf 88' lang='lat' dir='ltr'>et</span> <span class='ocrx_word' id='word_1_77' title='bbox 1026 1219 1053 1268; x_wconf 90' lang='lat' dir='ltr'>in</span> <span class='ocrx_word' id='word_1_78' title='bbox 1070 1220 1188 1269; x_wconf 82' lang='lat' dir='ltr'>sessione</span> <span class='ocrx_word' id='word_1_79' title='bbox 1205 1219 1326 1283; x_wconf 86' lang='lat' dir='ltr'>proxima</span> <span class='ocrx_word' id='word_1_80' title='bbox 1343 1219 1451 1284; x_wconf 84' lang='lat' dir='ltr'>pobtiee</span> 
     </span>
     <span class='ocr_line' id='line_1_8' title="bbox 177 1299 1450 1370; baseline 0.005 -21"><span class='ocrx_word' id='word_1_81' title='bbox 177 1299 242 1366; x_wconf 69' lang='lat' dir='ltr'>‘legi</span> <span class='ocrx_word' id='word_1_82' title='bbox 259 1300 375 1368; x_wconf 81' lang='lat' dir='ltr'>mihique</span> <span class='ocrx_word' id='word_1_83' title='bbox 402 1302 549 1367; x_wconf 76' lang='lat' dir='ltr'>exemplum</span> <span class='ocrx_word' id='word_1_84' title='bbox 577 1303 634 1354; x_wconf 84' lang='lat' dir='ltr'>eius</span> <span class='ocrx_word' id='word_1_85' title='bbox 653 1307 681 1354; x_wconf 87' lang='lat' dir='ltr'>et</span> <span class='ocrx_word' id='word_1_86' title='bbox 697 1317 787 1356; x_wconf 87' lang='lat' dir='ltr'>eorum</span> <span class='ocrx_word' id='word_1_87' title='bbox 806 1305 921 1356; x_wconf 88' lang='lat' dir='ltr'>omniurn</span> <span class='ocrx_word' id='word_1_88' title='bbox 943 1309 1063 1356; x_wconf 81' lang='lat' dir='ltr'>actorum</span> <span class='ocrx_word' id='word_1_89' title='bbox 1090 1320 1159 1370; x_wconf 90' lang='lat' dir='ltr'>quae</span> <span class='ocrx_word' id='word_1_90' title='bbox 1177 1304 1212 1355; x_wconf 80' lang='lat' dir='ltr'>etl</span> <span class='ocrx_word' id='word_1_91' title='bbox 1230 1303 1299 1355; x_wconf 84' lang='lat' dir='ltr'>beno</span> <span class='ocrx_word' id='word_1_92' title='bbox 1318 1319 1373 1354; x_wconf 87' lang='lat' dir='ltr'>reru</span> <span class='ocrx_word' id='word_1_93' title='bbox 1391 1319 1450 1370; x_wconf 88' lang='lat' dir='ltr'>per-</span> 
     </span>
     <span class='ocr_line' id='line_1_9' title="bbox 188 1386 1452 1458; baseline 0.003 -20"><span class='ocrx_word' id='word_1_94' title='bbox 188 1387 291 1438; x_wconf 82' lang='lat' dir='ltr'>tineant</span> <span class='ocrx_word' id='word_1_95' title='bbox 308 1386 415 1452; x_wconf 87' lang='lat' dir='ltr'>publice</span> <span class='ocrx_word' id='word_1_96' title='bbox 438 1390 622 1454; x_wconf 71' lang='lat' dir='ltr'>consignatum</span> <span class='ocrx_word' id='word_1_97' title='bbox 645 1393 875 1458; x_wconf 83' lang='lat' dir='ltr'>contesteturnqne</span> <span class='ocrx_word' id='word_1_98' title='bbox 898 1390 956 1440; x_wconf 87' lang='lat' dir='ltr'>dari</span> <span class='ocrx_word' id='word_1_99' title='bbox 979 1404 997 1441; x_wconf 86' lang='lat' dir='ltr'>a</span> <span class='ocrx_word' id='word_1_100' title='bbox 1019 1391 1162 1442; x_wconf 83' lang='lat' dir='ltr'>secretario</span> <span class='ocrx_word' id='word_1_101' title='bbox 1186 1390 1333 1456; x_wconf 72' lang='lat' dir='ltr'>scribisque</span> <span class='ocrx_word' id='word_1_102' title='bbox 1356 1392 1452 1442; x_wconf 85' lang='lat' dir='ltr'>vestris</span> 
     </span>
     <span class='ocr_line' id='line_1_10' title="bbox 188 1473 1452 1542; baseline 0.002 -17"><span class='ocrx_word' id='word_1_103' title='bbox 188 1473 300 1538; x_wconf 81' lang='lat' dir='ltr'>aliisque</span> <span class='ocrx_word' id='word_1_104' title='bbox 317 1474 519 1541; x_wconf 73' lang='lat' dir='ltr'>quibuscunque</span> <span class='ocrx_word' id='word_1_105' title='bbox 536 1473 650 1540; x_wconf 88' lang='lat' dir='ltr'>publicis</span> <span class='ocrx_word' id='word_1_106' title='bbox 667 1476 786 1540; x_wconf 86' lang='lat' dir='ltr'>personis</span> <span class='ocrx_word' id='word_1_107' title='bbox 804 1477 849 1542; x_wconf 86' lang='lat' dir='ltr'>qui</span> <span class='ocrx_word' id='word_1_108' title='bbox 866 1475 910 1526; x_wconf 87' lang='lat' dir='ltr'>hic</span> <span class='ocrx_word' id='word_1_109' title='bbox 928 1475 1031 1536; x_wconf 82' lang='lat' dir='ltr'>adsunt,</span> <span class='ocrx_word' id='word_1_110' title='bbox 1051 1482 1122 1542; x_wconf 87' lang='lat' dir='ltr'>peto.</span> <span class='ocrx_word' id='word_1_111' title='bbox 1135 1503 1165 1514; x_wconf 93' lang='grc'><strong>-</strong></span> <span class='ocrx_word' id='word_1_112' title='bbox 1180 1477 1257 1526; x_wconf 81' lang='lat' dir='ltr'>Dazn</span> <span class='ocrx_word' id='word_1_113' title='bbox 1268 1474 1363 1542; x_wconf 79' lang='lat' dir='ltr'>schlug</span> <span class='ocrx_word' id='word_1_114' title='bbox 1374 1476 1452 1528; x_wconf 82' lang='lat' dir='ltr'>Luna</span> 
     </span>
     <span class='ocr_line' id='line_1_11' title="bbox 184 1557 1451 1628; baseline 0.002 -18"><span class='ocrx_word' id='word_1_115' title='bbox 184 1559 253 1625; x_wconf 83' lang='lat' dir='ltr'>jetrt</span> <span class='ocrx_word' id='word_1_116' title='bbox 270 1559 310 1610; x_wconf 87' lang='lat' dir='ltr'>sls</span> <span class='ocrx_word' id='word_1_117' title='bbox 327 1559 614 1628; x_wconf 76' lang='lat' dir='ltr'>Zuetimmungssormel</span> <span class='ocrx_word' id='word_1_118' title='bbox 633 1575 693 1614; x_wconf 87' lang='lat' dir='ltr'>ror:</span> <span class='ocrx_word' id='word_1_119' title='bbox 848 1558 906 1627; x_wconf 79' lang='lat' dir='ltr'>Ego</span> <span class='ocrx_word' id='word_1_120' title='bbox 919 1597 926 1612; x_wconf 91' lang='lat'><strong>.</strong></span> <span class='ocrx_word' id='word_1_121' title='bbox 939 1597 965 1614; x_wconf 89' lang='lat'>..</span> <span class='ocrx_word' id='word_1_122' title='bbox 986 1557 1046 1628; x_wconf 81' lang='lat' dir='ltr'>[wie</span> <span class='ocrx_word' id='word_1_123' title='bbox 1063 1559 1155 1628; x_wconf 76' lang='grc' dir='ltr'><strong>πονοι]</strong></span> <span class='ocrx_word' id='word_1_124' title='bbox 1173 1561 1200 1612; x_wconf 90' lang='lat' dir='ltr'>in</span> <span class='ocrx_word' id='word_1_125' title='bbox 1219 1576 1277 1611; x_wconf 88' lang='lat' dir='ltr'>osm</span> <span class='ocrx_word' id='word_1_126' title='bbox 1294 1563 1451 1612; x_wconf 85' lang='lat' dir='ltr'>seutentiam</span> 
     </span>
     <span class='ocr_line' id='line_1_12' title="bbox 189 1643 1450 1712; baseline -0.001 -14"><span class='ocrx_word' id='word_1_127' title='bbox 189 1647 294 1712; x_wconf 72' lang='lat' dir='ltr'>accipio</span> <span class='ocrx_word' id='word_1_128' title='bbox 311 1647 339 1696; x_wconf 88' lang='lat' dir='ltr'>in</span> <span class='ocrx_word' id='word_1_129' title='bbox 362 1661 441 1712; x_wconf 85' lang='lat' dir='ltr'>quarn</span> <span class='ocrx_word' id='word_1_130' title='bbox 464 1644 498 1697; x_wconf 91' lang='lat' dir='ltr'>D.</span> <span class='ocrx_word' id='word_1_131' title='bbox 516 1645 548 1698; x_wconf 72' lang='lat' dir='ltr'>ri.</span> <span class='ocrx_word' id='word_1_132' title='bbox 573 1651 661 1697; x_wconf 84' lang='lat' dir='ltr'>orator</span> <span class='ocrx_word' id='word_1_133' title='bbox 681 1647 753 1712; x_wconf 76' lang='lat' dir='ltr'>regis</span> <span class='ocrx_word' id='word_1_134' title='bbox 770 1643 857 1697; x_wconf 71' lang='lat' dir='ltr'>(lstlr⁰¹</span> <span class='ocrx_word' id='word_1_135' title='bbox 878 1649 1066 1712; x_wconf 83' lang='lat' dir='ltr'>interpretatus</span> <span class='ocrx_word' id='word_1_136' title='bbox 1089 1649 1130 1697; x_wconf 85' lang='lat' dir='ltr'>est</span> <span class='ocrx_word' id='word_1_137' title='bbox 1154 1648 1320 1712; x_wconf 78' lang='lat' dir='ltr'>accepitque,</span> <span class='ocrx_word' id='word_1_138' title='bbox 1340 1649 1450 1712; x_wconf 84' lang='lat' dir='ltr'>eiusque</span> 
     </span>
     <span class='ocr_line' id='line_1_13' title="bbox 187 1731 441 1783; baseline 0.004 -1"><span class='ocrx_word' id='word_1_139' title='bbox 187 1731 277 1783; x_wconf 85' lang='lat' dir='ltr'>verbis</span> <span class='ocrx_word' id='word_1_140' title='bbox 294 1733 441 1783; x_wconf 85' lang='lat' dir='ltr'>subscribo.</span> 
     </span>
    </p>

    <p class='ocr_par' dir='ltr' id='par_1_2' title="bbox 187 1817 1452 2315">
     <span class='ocr_line' id='line_1_14' title="bbox 257 1817 1449 1873; baseline -0.001 -4"><span class='ocrx_word' id='word_1_141' title='bbox 257 1818 313 1870; x_wconf 78' lang='lat' dir='ltr'>sos</span> <span class='ocrx_word' id='word_1_142' title='bbox 332 1817 379 1870; x_wconf 83' lang='lat' dir='ltr'>der</span> <span class='ocrx_word' id='word_1_143' title='bbox 395 1835 449 1870; x_wconf 76' lang='lat' dir='ltr'>rou</span> <span class='ocrx_word' id='word_1_144' title='bbox 466 1819 547 1870; x_wconf 86' lang='lat' dir='ltr'>Luna</span> <span class='ocrx_word' id='word_1_145' title='bbox 563 1821 591 1870; x_wconf 89' lang='lat' dir='ltr'>iu</span> <span class='ocrx_word' id='word_1_146' title='bbox 608 1820 709 1870; x_wconf 81' lang='lat' dir='ltr'>seineui</span> <span class='ocrx_word' id='word_1_147' title='bbox 727 1819 818 1873; x_wconf 75' lang='lat' dir='ltr'>Brieie</span> <span class='ocrx_word' id='word_1_148' title='bbox 836 1834 871 1872; x_wconf 85' lang='lat' dir='ltr'>au</span> <span class='ocrx_word' id='word_1_149' title='bbox 889 1819 941 1872; x_wconf 80' lang='lat' dir='ltr'>tien</span> <span class='ocrx_word' id='word_1_150' title='bbox 957 1819 1054 1872; x_wconf 76' lang='lat' dir='ltr'>Kaiser</span> <span class='ocrx_word' id='word_1_151' title='bbox 1071 1817 1169 1870; x_wconf 71' lang='lat' dir='ltr'>robus</span> <span class='ocrx_word' id='word_1_152' title='bbox 1187 1818 1339 1870; x_wconf 74' lang='lat' dir='ltr'>erulihuten</span> <span class='ocrx_word' id='word_1_153' title='bbox 1350 1817 1449 1868; x_wconf 77' lang='lat' dir='ltr'>Schriit</span> 
     </span>
     <span class='ocr_line' id='line_1_15' title="bbox 187 1902 1451 1969; baseline -0.002 -13"><span class='ocrx_word' id='word_1_154' title='bbox 187 1905 237 1956; x_wconf 87' lang='lat' dir='ltr'>mit</span> <span class='ocrx_word' id='word_1_155' title='bbox 255 1903 302 1956; x_wconf 84' lang='lat' dir='ltr'>der</span> <span class='ocrx_word' id='word_1_156' title='bbox 320 1921 349 1956; x_wconf 85' lang='lat' dir='ltr'>er</span> <span class='ocrx_word' id='word_1_157' title='bbox 366 1904 414 1956; x_wconf 83' lang='lat' dir='ltr'>tiss</span> <span class='ocrx_word' id='word_1_158' title='bbox 433 1904 540 1958; x_wconf 81' lang='lat' dir='ltr'>Gesuch</span> <span class='ocrx_word' id='word_1_159' title='bbox 558 1905 605 1956; x_wconf 80' lang='lat' dir='ltr'>des</span> <span class='ocrx_word' id='word_1_160' title='bbox 623 1905 650 1956; x_wconf 79' lang='lat' dir='ltr'>k.</span> <span class='ocrx_word' id='word_1_161' title='bbox 669 1904 800 1956; x_wconf 85' lang='lat' dir='ltr'>Orstosan</span> <span class='ocrx_word' id='word_1_162' title='bbox 817 1921 879 1956; x_wconf 79' lang='lat' dir='ltr'>rom</span> <span class='ocrx_word' id='word_1_163' title='bbox 896 1909 913 1956; x_wconf 84' lang='lat'>4</span> <span class='ocrx_word' id='word_1_164' title='bbox 932 1904 991 1956; x_wconf 78' lang='lat' dir='ltr'>Oct</span> <span class='ocrx_word' id='word_1_165' title='bbox 1016 1905 1071 1969; x_wconf 81' lang='lat' dir='ltr'>(Ns.</span> <span class='ocrx_word' id='word_1_166' title='bbox 1090 1904 1233 1956; x_wconf 73' lang='lat' dir='ltr'>ccum</span> <span class='ocrx_word' id='word_1_167' title='bbox 1250 1905 1340 1966; x_wconf 73' lang='lat' dir='ltr'>Arum.)</span> <span class='ocrx_word' id='word_1_168' title='bbox 1364 1902 1451 1954; x_wconf 78' lang='lat' dir='ltr'>betur·</span> 
     </span>
     <span class='ocr_line' id='line_1_16' title="bbox 188 1988 1452 2058; baseline 0.001 -18"><span class='ocrx_word' id='word_1_169' title='bbox 188 1996 289 2041; x_wconf 81' lang='lat' dir='ltr'>werten</span> <span class='ocrx_word' id='word_1_170' title='bbox 306 1991 404 2056; x_wconf 84' lang='lat' dir='ltr'>wollte,</span> <span class='ocrx_word' id='word_1_171' title='bbox 423 1991 493 2042; x_wconf 89' lang='lat' dir='ltr'>habe</span> <span class='ocrx_word' id='word_1_172' title='bbox 510 1991 555 2042; x_wconf 82' lang='lat' dir='ltr'>iob</span> <span class='ocrx_word' id='word_1_173' title='bbox 573 1992 660 2058; x_wconf 69' lang='lat' dir='ltr'>eiuiqe</span> <span class='ocrx_word' id='word_1_174' title='bbox 678 1990 756 2042; x_wconf 82' lang='lat' dir='ltr'>Stttse</span> <span class='ocrx_word' id='word_1_175' title='bbox 774 1990 883 2042; x_wconf 83' lang='lat' dir='ltr'>horror:</span> <span class='ocrx_word' id='word_1_176' title='bbox 1045 1990 1198 2040; x_wconf 68' lang='lat' dir='ltr'>iustissima</span> <span class='ocrx_word' id='word_1_177' title='bbox 1216 1995 1256 2040; x_wconf 90' lang='lat' dir='ltr'>eet</span> <span class='ocrx_word' id='word_1_178' title='bbox 1275 1994 1302 2039; x_wconf 88' lang='lat' dir='ltr'>et</span> <span class='ocrx_word' id='word_1_179' title='bbox 1320 2005 1379 2041; x_wconf 85' lang='lat' dir='ltr'>oum</span> <span class='ocrx_word' id='word_1_180' title='bbox 1396 1988 1452 2041; x_wconf 62' lang='lat' dir='ltr'>Mu·</span> 
     </span>
     <span class='ocr_line' id='line_1_17' title="bbox 189 2071 1451 2144; baseline 0 -18"><span class='ocrx_word' id='word_1_181' title='bbox 189 2075 215 2127; x_wconf 84' lang='lat' dir='ltr'>S.</span> <span class='ocrx_word' id='word_1_182' title='bbox 235 2075 382 2142; x_wconf 82' lang='lat' dir='ltr'>prudentia,</span> <span class='ocrx_word' id='word_1_183' title='bbox 400 2081 455 2127; x_wconf 90' lang='lat' dir='ltr'>tum</span> <span class='ocrx_word' id='word_1_184' title='bbox 473 2083 562 2128; x_wconf 79' lang='lat' dir='ltr'>vestra</span> <span class='ocrx_word' id='word_1_185' title='bbox 579 2073 710 2144; x_wconf 75' lang='lat' dir='ltr'>gravitate</span> <span class='ocrx_word' id='word_1_186' title='bbox 736 2081 763 2126; x_wconf 89' lang='lat' dir='ltr'>at</span> <span class='ocrx_word' id='word_1_187' title='bbox 785 2079 917 2143; x_wconf 87' lang='lat' dir='ltr'>sapientia</span> <span class='ocrx_word' id='word_1_188' title='bbox 934 2071 1096 2142; x_wconf 80' lang='lat' dir='ltr'>dignissima,</span> <span class='ocrx_word' id='word_1_189' title='bbox 1120 2080 1209 2142; x_wconf 87' lang='lat' dir='ltr'>patres</span> <span class='ocrx_word' id='word_1_190' title='bbox 1233 2074 1391 2141; x_wconf 75' lang='lat' dir='ltr'>amplissimi,</span> <span class='ocrx_word' id='word_1_191' title='bbox 1421 2075 1451 2128; x_wconf 86' lang='lat' dir='ltr'>C.</span> 
     </span>
     <span class='ocr_line' id='line_1_18' title="bbox 188 2159 1452 2232; baseline -0.001 -20"><span class='ocrx_word' id='word_1_192' title='bbox 188 2159 243 2212; x_wconf 59' lang='lat' dir='ltr'>li*</span> <span class='ocrx_word' id='word_1_193' title='bbox 261 2163 412 2228; x_wconf 85' lang='lat' dir='ltr'>postulatio,</span> <span class='ocrx_word' id='word_1_194' title='bbox 429 2168 460 2214; x_wconf 90' lang='lat' dir='ltr'>ut</span> <span class='ocrx_word' id='word_1_195' title='bbox 477 2165 590 2228; x_wconf 83' lang='lat' dir='ltr'>spatium</span> <span class='ocrx_word' id='word_1_196' title='bbox 608 2169 763 2232; x_wconf 82' lang='lat' dir='ltr'>tempusque</span> <span class='ocrx_word' id='word_1_197' title='bbox 780 2165 831 2214; x_wconf 84' lang='lat' dir='ltr'>sibl</span> <span class='ocrx_word' id='word_1_198' title='bbox 850 2163 956 2228; x_wconf 85' lang='lat' dir='ltr'>suisque</span> <span class='ocrx_word' id='word_1_199' title='bbox 974 2177 1006 2212; x_wconf 89' lang='lat' dir='ltr'>ac</span> <span class='ocrx_word' id='word_1_200' title='bbox 1025 2161 1119 2211; x_wconf 86' lang='lat' dir='ltr'>ceteris</span> <span class='ocrx_word' id='word_1_201' title='bbox 1136 2159 1300 2226; x_wconf 84' lang='lat' dir='ltr'>principibus</span> <span class='ocrx_word' id='word_1_202' title='bbox 1313 2159 1390 2212; x_wconf 85' lang='lat' dir='ltr'>detur</span> <span class='ocrx_word' id='word_1_203' title='bbox 1408 2160 1452 2211; x_wconf 81' lang='lat' dir='ltr'>tis-</span> 
     </span>
     <span class='ocr_line' id='line_1_19' title="bbox 188 2245 1452 2315; baseline -0.001 -18"><span class='ocrx_word' id='word_1_204' title='bbox 188 2247 319 2298; x_wconf 77' lang='lat' dir='ltr'>libsraudi</span> <span class='ocrx_word' id='word_1_205' title='bbox 337 2249 372 2299; x_wconf 81' lang='lat' dir='ltr'>&lt;le</span> <span class='ocrx_word' id='word_1_206' title='bbox 388 2250 421 2299; x_wconf 88' lang='lat' dir='ltr'>iis</span> <span class='ocrx_word' id='word_1_207' title='bbox 438 2263 507 2315; x_wconf 83' lang='lat' dir='ltr'>quse</span> <span class='ocrx_word' id='word_1_208' title='bbox 524 2249 552 2298; x_wconf 87' lang='lat' dir='ltr'>iu</span> <span class='ocrx_word' id='word_1_209' title='bbox 571 2251 658 2315; x_wconf 87' lang='lat' dir='ltr'>capite</span> <span class='ocrx_word' id='word_1_210' title='bbox 676 2250 710 2300; x_wconf 84' lang='lat' dir='ltr'>de</span> <span class='ocrx_word' id='word_1_211' title='bbox 728 2250 891 2301; x_wconf 81' lang='lat' dir='ltr'>secularibus</span> <span class='ocrx_word' id='word_1_212' title='bbox 908 2248 1044 2312; x_wconf 86' lang='lat' dir='ltr'>proposita</span> <span class='ocrx_word' id='word_1_213' title='bbox 1061 2251 1139 2296; x_wconf 83' lang='lat' dir='ltr'>suut.</span> <span class='ocrx_word' id='word_1_214' title='bbox 1152 2280 1179 2296; x_wconf 90' lang='lat'>..</span> <span class='ocrx_word' id='word_1_215' title='bbox 1198 2247 1220 2296; x_wconf 89' lang='lat' dir='ltr'>si</span> <span class='ocrx_word' id='word_1_216' title='bbox 1238 2247 1307 2296; x_wconf 85' lang='lat' dir='ltr'>enim</span> <span class='ocrx_word' id='word_1_217' title='bbox 1326 2245 1393 2297; x_wconf 86' lang='lat' dir='ltr'>baso</span> <span class='ocrx_word' id='word_1_218' title='bbox 1405 2247 1452 2296; x_wconf 89' lang='lat' dir='ltr'>im·</span> 
     </span>
    </p>

    <p class='ocr_par' dir='ltr' id='par_1_3' title="bbox 153 2331 1453 3092">
     <span class='ocr_line' id='line_1_20' title="bbox 153 2331 1452 2400; baseline -0.002 -14"><span class='ocrx_word' id='word_1_219' title='bbox 153 2387 156 2394; x_wconf 16' lang='lat' dir='ltr'>A</span> <span class='ocrx_word' id='word_1_220' title='bbox 186 2341 289 2388; x_wconf 67' lang='lat' dir='ltr'>mature</span> <span class='ocrx_word' id='word_1_221' title='bbox 307 2335 335 2386; x_wconf 89' lang='lat' dir='ltr'>et</span> <span class='ocrx_word' id='word_1_222' title='bbox 351 2333 426 2386; x_wconf 86' lang='lat' dir='ltr'>nulle</span> <span class='ocrx_word' id='word_1_223' title='bbox 441 2334 593 2388; x_wconf 80' lang='lat' dir='ltr'>huiusmodi</span> <span class='ocrx_word' id='word_1_224' title='bbox 610 2335 958 2400; x_wconf 83' lang='lat' dir='ltr'>exaurinetioneprsemiase</span> <span class='ocrx_word' id='word_1_225' title='bbox 976 2331 1156 2398; x_wconf 81' lang='lat' dir='ltr'>oooficiautur,</span> <span class='ocrx_word' id='word_1_226' title='bbox 1174 2333 1321 2398; x_wconf 86' lang='lat' dir='ltr'>perlouluru</span> <span class='ocrx_word' id='word_1_227' title='bbox 1332 2338 1452 2398; x_wconf 80' lang='lat' dir='ltr'>apertum</span> 
     </span>
     <span class='ocr_line' id='line_1_21' title="bbox 189 2417 1453 2486; baseline -0.002 -14"><span class='ocrx_word' id='word_1_228' title='bbox 189 2426 230 2472; x_wconf 87' lang='lat' dir='ltr'>est</span> <span class='ocrx_word' id='word_1_229' title='bbox 246 2437 281 2472; x_wconf 86' lang='lat' dir='ltr'>ne</span> <span class='ocrx_word' id='word_1_230' title='bbox 299 2420 409 2474; x_wconf 80' lang='lat' dir='ltr'>alterum</span> <span class='ocrx_word' id='word_1_231' title='bbox 428 2420 540 2472; x_wconf 80' lang='lat' dir='ltr'>duorum</span> <span class='ocrx_word' id='word_1_232' title='bbox 556 2421 784 2474; x_wconf 81' lang='lat' dir='ltr'>incommodorum</span> <span class='ocrx_word' id='word_1_233' title='bbox 802 2424 1000 2486; x_wconf 85' lang='lat' dir='ltr'>consequatur.</span> <span class='ocrx_word' id='word_1_234' title='bbox 1013 2453 1020 2468; x_wconf 93' lang='lat'><strong>.</strong></span> <span class='ocrx_word' id='word_1_235' title='bbox 1034 2455 1041 2469; x_wconf 92' lang='lat'><strong>.</strong></span> <span class='ocrx_word' id='word_1_236' title='bbox 1067 2422 1099 2468; x_wconf 91' lang='lat' dir='ltr'>ut</span> <span class='ocrx_word' id='word_1_237' title='bbox 1120 2424 1167 2470; x_wconf 87' lang='lat' dir='ltr'>aut</span> <span class='ocrx_word' id='word_1_238' title='bbox 1184 2417 1293 2469; x_wconf 85' lang='lat' dir='ltr'>decreta</span> <span class='ocrx_word' id='word_1_239' title='bbox 1310 2434 1364 2468; x_wconf 88' lang='lat' dir='ltr'>uon</span> <span class='ocrx_word' id='word_1_240' title='bbox 1382 2419 1453 2470; x_wconf 84' lang='lat' dir='ltr'>aeci·</span> 
     </span>
     <span class='ocr_line' id='line_1_22' title="bbox 187 2504 1453 2574; baseline -0.001 -18"><span class='ocrx_word' id='word_1_241' title='bbox 187 2507 306 2574; x_wconf 84' lang='lat' dir='ltr'>piantur,</span> <span class='ocrx_word' id='word_1_242' title='bbox 330 2506 402 2573; x_wconf 87' lang='lat' dir='ltr'>quod</span> <span class='ocrx_word' id='word_1_243' title='bbox 426 2511 495 2557; x_wconf 88' lang='lat' dir='ltr'>esset</span> <span class='ocrx_word' id='word_1_244' title='bbox 519 2505 546 2557; x_wconf 89' lang='lat' dir='ltr'>in</span> <span class='ocrx_word' id='word_1_245' title='bbox 569 2523 617 2557; x_wconf 82' lang='lat' dir='ltr'>vos</span> <span class='ocrx_word' id='word_1_246' title='bbox 642 2512 815 2573; x_wconf 83' lang='lat' dir='ltr'>sanctumque</span> <span class='ocrx_word' id='word_1_247' title='bbox 839 2506 890 2557; x_wconf 88' lang='lat' dir='ltr'>boo</span> <span class='ocrx_word' id='word_1_248' title='bbox 909 2504 1051 2555; x_wconf 81' lang='lat' dir='ltr'>eonsilium</span> <span class='ocrx_word' id='word_1_249' title='bbox 1076 2504 1294 2556; x_wconf 84' lang='lat' dir='ltr'>contumeliosum</span> <span class='ocrx_word' id='word_1_250' title='bbox 1313 2518 1346 2554; x_wconf 86' lang='lat' dir='ltr'>ao</span> <span class='ocrx_word' id='word_1_251' title='bbox 1363 2519 1453 2570; x_wconf 72' lang='lat' dir='ltr'>greve,</span> 
     </span>
     <span class='ocr_line' id='line_1_23' title="bbox 189 2589 1453 2659; baseline -0.001 -16"><span class='ocrx_word' id='word_1_252' title='bbox 189 2596 236 2643; x_wconf 82' lang='lat' dir='ltr'>sut</span> <span class='ocrx_word' id='word_1_253' title='bbox 254 2608 286 2642; x_wconf 86' lang='lat' dir='ltr'>ex</span> <span class='ocrx_word' id='word_1_254' title='bbox 305 2609 395 2644; x_wconf 86' lang='lat' dir='ltr'>sorum</span> <span class='ocrx_word' id='word_1_255' title='bbox 414 2592 599 2644; x_wconf 84' lang='lat' dir='ltr'>observatione</span> <span class='ocrx_word' id='word_1_256' title='bbox 617 2591 772 2659; x_wconf 80' lang='lat' dir='ltr'>provinciae</span> <span class='ocrx_word' id='word_1_257' title='bbox 795 2607 892 2657; x_wconf 74' lang='lat' dir='ltr'>magna</span> <span class='ocrx_word' id='word_1_258' title='bbox 914 2590 1044 2655; x_wconf 80' lang='lat' dir='ltr'>quaedam</span> <span class='ocrx_word' id='word_1_259' title='bbox 1070 2589 1228 2639; x_wconf 86' lang='lat' dir='ltr'>detrimenta</span> <span class='ocrx_word' id='word_1_260' title='bbox 1250 2591 1357 2654; x_wconf 85' lang='lat' dir='ltr'>capiant</span> <span class='ocrx_word' id='word_1_261' title='bbox 1374 2605 1453 2642; x_wconf 80' lang='lat' dir='ltr'>occa-</span> 
     </span>
     <span class='ocr_line' id='line_1_24' title="bbox 188 2673 1453 2744; baseline -0.002 -16"><span class='ocrx_word' id='word_1_262' title='bbox 188 2677 281 2744; x_wconf 88' lang='lat' dir='ltr'>sioque</span> <span class='ocrx_word' id='word_1_263' title='bbox 299 2678 424 2732; x_wconf 82' lang='lat' dir='ltr'>offeratur</span> <span class='ocrx_word' id='word_1_264' title='bbox 441 2677 531 2744; x_wconf 83' lang='lat' dir='ltr'>aliqua</span> <span class='ocrx_word' id='word_1_265' title='bbox 549 2677 757 2744; x_wconf 73' lang='lat' dir='ltr'>provincialibus</span> <span class='ocrx_word' id='word_1_266' title='bbox 774 2676 1025 2743; x_wconf 76' lang='lat' dir='ltr'>perturbationibus,</span> <span class='ocrx_word' id='word_1_267' title='bbox 1054 2673 1125 2740; x_wconf 86' lang='lat' dir='ltr'>quod</span> <span class='ocrx_word' id='word_1_268' title='bbox 1149 2676 1184 2724; x_wconf 88' lang='lat' dir='ltr'>sit</span> <span class='ocrx_word' id='word_1_269' title='bbox 1202 2679 1342 2742; x_wconf 87' lang='lat' dir='ltr'>utrumque</span> <span class='ocrx_word' id='word_1_270' title='bbox 1361 2680 1453 2726; x_wconf 75' lang='lat' dir='ltr'>onuba</span> 
     </span>
     <span class='ocr_line' id='line_1_25' title="bbox 188 2757 1453 2830; baseline -0.003 -15"><span class='ocrx_word' id='word_1_271' title='bbox 188 2769 303 2815; x_wconf 84' lang='lat' dir='ltr'>mentem</span> <span class='ocrx_word' id='word_1_272' title='bbox 330 2763 394 2815; x_wconf 61' lang='grc' dir='ltr'>ΒΝ</span> <span class='ocrx_word' id='word_1_273' title='bbox 413 2765 567 2830; x_wconf 82' lang='lat' dir='ltr'>synodi...</span> <span class='ocrx_word' id='word_1_274' title='bbox 598 2779 679 2830; x_wconf 83' lang='lat' dir='ltr'>qnare</span> <span class='ocrx_word' id='word_1_275' title='bbox 705 2765 765 2829; x_wconf 84' lang='lat' dir='ltr'>ipso</span> <span class='ocrx_word' id='word_1_276' title='bbox 789 2777 896 2829; x_wconf 87' lang='lat' dir='ltr'>qnoque</span> <span class='ocrx_word' id='word_1_277' title='bbox 921 2759 1010 2812; x_wconf 66' lang='lat' dir='ltr'>Orthe</span> <span class='ocrx_word' id='word_1_278' title='bbox 1029 2762 1099 2827; x_wconf 78' lang='lat' dir='ltr'>regis</span> <span class='ocrx_word' id='word_1_279' title='bbox 1124 2761 1177 2811; x_wconf 88' lang='lat' dir='ltr'>mei</span> <span class='ocrx_word' id='word_1_280' title='bbox 1194 2761 1300 2811; x_wconf 87' lang='lat' dir='ltr'>nomine</span> <span class='ocrx_word' id='word_1_281' title='bbox 1317 2765 1388 2825; x_wconf 84' lang='lat' dir='ltr'>peto,</span> <span class='ocrx_word' id='word_1_282' title='bbox 1407 2757 1453 2811; x_wconf 56' lang='grc' dir='ltr'>ΒΝ</span> 
     </span>
     <span class='ocr_line' id='line_1_26' title="bbox 188 2846 1453 2918; baseline -0.006 -15"><span class='ocrx_word' id='word_1_283' title='bbox 188 2855 283 2916; x_wconf 83' lang='lat' dir='ltr'>petrea,</span> <span class='ocrx_word' id='word_1_284' title='bbox 302 2855 332 2904; x_wconf 86' lang='lat' dir='ltr'>ut</span> <span class='ocrx_word' id='word_1_285' title='bbox 348 2853 534 2918; x_wconf 72' lang='lat' dir='ltr'>imperatoriae</span> <span class='ocrx_word' id='word_1_286' title='bbox 552 2849 598 2902; x_wconf 66' lang='lat' dir='ltr'>Mo</span> <span class='ocrx_word' id='word_1_287' title='bbox 608 2857 712 2916; x_wconf 86' lang='lat' dir='ltr'>tempus</span> <span class='ocrx_word' id='word_1_288' title='bbox 726 2886 733 2900; x_wconf 89' lang='lat'>.</span> <span class='ocrx_word' id='word_1_289' title='bbox 747 2887 774 2900; x_wconf 92' lang='lat'>..</span> <span class='ocrx_word' id='word_1_290' title='bbox 793 2849 878 2913; x_wconf 85' lang='lat' dir='ltr'>detur,</span> <span class='ocrx_word' id='word_1_291' title='bbox 895 2863 930 2900; x_wconf 87' lang='lat' dir='ltr'>ea</span> <span class='ocrx_word' id='word_1_292' title='bbox 941 2849 1097 2914; x_wconf 85' lang='lat' dir='ltr'>praesertim</span> <span class='ocrx_word' id='word_1_293' title='bbox 1115 2860 1197 2898; x_wconf 83' lang='lat' dir='ltr'>eausa</span> <span class='ocrx_word' id='word_1_294' title='bbox 1209 2846 1281 2912; x_wconf 85' lang='lat' dir='ltr'>quod</span> <span class='ocrx_word' id='word_1_295' title='bbox 1298 2847 1383 2897; x_wconf 86' lang='lat' dir='ltr'>mults</span> <span class='ocrx_word' id='word_1_296' title='bbox 1400 2847 1453 2896; x_wconf 89' lang='lat' dir='ltr'>sint</span> 
     </span>
     <span class='ocr_line' id='line_1_27' title="bbox 189 2935 1452 3004; baseline -0.006 -14"><span class='ocrx_word' id='word_1_297' title='bbox 189 2952 259 3004; x_wconf 87' lang='lat' dir='ltr'>quae</span> <span class='ocrx_word' id='word_1_298' title='bbox 275 2943 339 2990; x_wconf 85' lang='lat' dir='ltr'>aute</span> <span class='ocrx_word' id='word_1_299' title='bbox 356 2937 434 2990; x_wconf 85' lang='lat' dir='ltr'>huius</span> <span class='ocrx_word' id='word_1_300' title='bbox 452 2938 553 2988; x_wconf 80' lang='lat' dir='ltr'>decreti</span> <span class='ocrx_word' id='word_1_301' title='bbox 570 2938 759 2988; x_wconf 83' lang='lat' dir='ltr'>trsotationem</span> <span class='ocrx_word' id='word_1_302' title='bbox 776 2935 853 2986; x_wconf 77' lang='lat' dir='ltr'>robis</span> <span class='ocrx_word' id='word_1_303' title='bbox 870 2948 1012 3002; x_wconf 69' lang='lat' dir='ltr'>suggerere</span> <span class='ocrx_word' id='word_1_304' title='bbox 1028 2947 1166 3000; x_wconf 87' lang='lat' dir='ltr'>possemus</span> <span class='ocrx_word' id='word_1_305' title='bbox 1184 2937 1211 2984; x_wconf 88' lang='lat' dir='ltr'>at</span> <span class='ocrx_word' id='word_1_306' title='bbox 1228 2936 1374 2998; x_wconf 87' lang='lat' dir='ltr'>opportuno</span> <span class='ocrx_word' id='word_1_307' title='bbox 1387 2937 1452 2982; x_wconf 89' lang='lat' dir='ltr'>tem·</span> 
     </span>
     <span class='ocr_line' id='line_1_28' title="bbox 188 3039 504 3092; baseline 0 -16"><span class='ocrx_word' id='word_1_308' title='bbox 188 3039 253 3090; x_wconf 90' lang='lat' dir='ltr'>pore</span> <span class='ocrx_word' id='word_1_309' title='bbox 271 3040 462 3092; x_wconf 74' lang='lat' dir='ltr'>suggeremus.</span> <span class='ocrx_word' id='word_1_310' title='bbox 477 3059 504 3076; x_wconf 89' lang='lat'>..</span> 
     </span>
    </p>

    <p class='ocr_par' dir='ltr' id='par_1_4' title="bbox 190 3101 1453 3434">
     <span class='ocr_line' id='line_1_29' title="bbox 257 3101 1452 3176; baseline -0.006 -15"><span class='ocrx_word' id='word_1_311' title='bbox 257 3110 394 3162; x_wconf 85' lang='lat' dir='ltr'>Wiihreud</span> <span class='ocrx_word' id='word_1_312' title='bbox 413 3109 455 3160; x_wconf 79' lang='lat' dir='ltr'>die</span> <span class='ocrx_word' id='word_1_313' title='bbox 474 3107 763 3176; x_wconf 82' lang='lat' dir='ltr'>Gesaudtsndepeache</span> <span class='ocrx_word' id='word_1_314' title='bbox 781 3123 843 3158; x_wconf 87' lang='lat' dir='ltr'>vom</span> <span class='ocrx_word' id='word_1_315' title='bbox 862 3109 877 3157; x_wconf 80' lang='grc'>3</span> <span class='ocrx_word' id='word_1_316' title='bbox 895 3122 946 3157; x_wconf 90' lang='lat' dir='ltr'>nur</span> <span class='ocrx_word' id='word_1_317' title='bbox 968 3122 1017 3173; x_wconf 84' lang='lat' dir='ltr'>per</span> <span class='ocrx_word' id='word_1_318' title='bbox 1035 3104 1268 3157; x_wconf 81' lang='lat' dir='ltr'>extraordinariam</span> <span class='ocrx_word' id='word_1_319' title='bbox 1285 3109 1389 3170; x_wconf 85' lang='lat' dir='ltr'>postam</span> <span class='ocrx_word' id='word_1_320' title='bbox 1406 3101 1452 3154; x_wconf 90' lang='lat' dir='ltr'>be-</span> 
     </span>
     <span class='ocr_line' id='line_1_30' title="bbox 190 3190 1452 3259; baseline -0.007 -10"><span class='ocrx_word' id='word_1_321' title='bbox 190 3196 289 3250; x_wconf 74' lang='lat' dir='ltr'>itrdert</span> <span class='ocrx_word' id='word_1_322' title='bbox 306 3196 415 3247; x_wconf 66' lang='lat' dir='ltr'>worden</span> <span class='ocrx_word' id='word_1_323' title='bbox 423 3207 485 3259; x_wconf 81' lang='lat' dir='ltr'>war,</span> <span class='ocrx_word' id='word_1_324' title='bbox 503 3194 566 3246; x_wconf 87' lang='lat' dir='ltr'>liess</span> <span class='ocrx_word' id='word_1_325' title='bbox 583 3195 660 3246; x_wconf 85' lang='lat' dir='ltr'>Luna</span> <span class='ocrx_word' id='word_1_326' title='bbox 673 3197 765 3245; x_wconf 82' lang='lat' dir='ltr'>seinen</span> <span class='ocrx_word' id='word_1_327' title='bbox 778 3193 854 3245; x_wconf 83' lang='lat' dir='ltr'>Bries</span> <span class='ocrx_word' id='word_1_328' title='bbox 863 3208 910 3259; x_wconf 88' lang='lat' dir='ltr'>per</span> <span class='ocrx_word' id='word_1_329' title='bbox 924 3208 1057 3243; x_wconf 76' lang='lat' dir='ltr'>cursorem</span> <span class='ocrx_word' id='word_1_330' title='bbox 1068 3193 1201 3257; x_wconf 89' lang='lat' dir='ltr'>proprium</span> <span class='ocrx_word' id='word_1_331' title='bbox 1211 3190 1325 3256; x_wconf 83' lang='lat' dir='ltr'>sbgehn.</span> <span class='ocrx_word' id='word_1_332' title='bbox 1344 3191 1452 3240; x_wconf 88' lang='lat' dir='ltr'>Diessm</span> 
     </span>
     <span class='ocr_line' id='line_1_31' title="bbox 190 3273 1453 3348; baseline -0.007 -15"><span class='ocrx_word' id='word_1_333' title='bbox 190 3281 244 3348; x_wconf 77' lang='lat' dir='ltr'>gab</span> <span class='ocrx_word' id='word_1_334' title='bbox 260 3279 370 3333; x_wconf 80' lang='lat' dir='ltr'>deshslb</span> <span class='ocrx_word' id='word_1_335' title='bbox 387 3281 455 3332; x_wconf 66' lang='lat' dir='ltr'>brus</span> <span class='ocrx_word' id='word_1_336' title='bbox 473 3279 543 3331; x_wconf 87' lang='lat' dir='ltr'>noob</span> <span class='ocrx_word' id='word_1_337' title='bbox 562 3282 605 3331; x_wconf 85' lang='lat' dir='ltr'>eiu</span> <span class='ocrx_word' id='word_1_338' title='bbox 623 3281 719 3330; x_wconf 81' lang='lat' dir='ltr'>burres</span> <span class='ocrx_word' id='word_1_339' title='bbox 738 3279 884 3331; x_wconf 79' lang='lat' dir='ltr'>Sehreiban</span> <span class='ocrx_word' id='word_1_340' title='bbox 902 3293 963 3328; x_wconf 80' lang='lat' dir='ltr'>vom</span> <span class='ocrx_word' id='word_1_341' title='bbox 981 3281 998 3328; x_wconf 78' lang='lat' dir='ltr'>t</span> <span class='ocrx_word' id='word_1_342' title='bbox 1017 3277 1057 3342; x_wconf 78' lang='grc' dir='ltr'>(Ο.</span> <span class='ocrx_word' id='word_1_343' title='bbox 1081 3275 1123 3342; x_wconf 77' lang='grc' dir='ltr'>Α.)</span> <span class='ocrx_word' id='word_1_344' title='bbox 1146 3278 1201 3334; x_wconf 76' lang='lat' dir='ltr'>mit,</span> <span class='ocrx_word' id='word_1_345' title='bbox 1226 3291 1270 3326; x_wconf 88' lang='lat' dir='ltr'>um</span> <span class='ocrx_word' id='word_1_346' title='bbox 1290 3275 1341 3326; x_wconf 81' lang='lat' dir='ltr'>deu</span> <span class='ocrx_word' id='word_1_347' title='bbox 1359 3273 1453 3325; x_wconf 81' lang='lat' dir='ltr'>Kaisar</span> 
     </span>
     <span class='ocr_line' id='line_1_32' title="bbox 191 3360 1451 3434; baseline -0.006 -14"><span class='ocrx_word' id='word_1_348' title='bbox 191 3383 225 3420; x_wconf 82' lang='lat' dir='ltr'>su</span> <span class='ocrx_word' id='word_1_349' title='bbox 242 3368 326 3420; x_wconf 87' lang='lat' dir='ltr'>bitten</span> <span class='ocrx_word' id='word_1_350' title='bbox 344 3367 405 3419; x_wconf 74' lang='lat' dir='ltr'>tuo</span> <span class='ocrx_word' id='word_1_351' title='bbox 424 3383 453 3419; x_wconf 82' lang='lat' dir='ltr'>ss</span> <span class='ocrx_word' id='word_1_352' title='bbox 465 3367 498 3434; x_wconf 83' lang='lat' dir='ltr'>ja</span> <span class='ocrx_word' id='word_1_353' title='bbox 514 3366 591 3418; x_wconf 83' lang='lat' dir='ltr'>niobt</span> <span class='ocrx_word' id='word_1_354' title='bbox 606 3381 654 3418; x_wconf 83' lang='lat' dir='ltr'>vor</span> <span class='ocrx_word' id='word_1_355' title='bbox 671 3364 804 3432; x_wconf 70' lang='lat' dir='ltr'>Empian</span> <span class='ocrx_word' id='word_1_356' title='bbox 822 3363 870 3415; x_wconf 79' lang='lat' dir='ltr'>ties</span> <span class='ocrx_word' id='word_1_357' title='bbox 880 3361 1003 3414; x_wconf 83' lang='lat' dir='ltr'>Beriubte</span> <span class='ocrx_word' id='word_1_358' title='bbox 1015 3377 1077 3412; x_wconf 82' lang='lat' dir='ltr'>vom</span> <span class='ocrx_word' id='word_1_359' title='bbox 1097 3361 1187 3414; x_wconf 73' lang='lat' dir='ltr'>idem</span> <span class='ocrx_word' id='word_1_360' title='bbox 1200 3360 1299 3414; x_wconf 78' lang='lat' dir='ltr'>Graieu</span> <span class='ocrx_word' id='word_1_361' title='bbox 1316 3365 1451 3413; x_wconf 79' lang='lat' dir='ltr'>antworte.</span> 
     </span>
    </p>
   </div>
   <div class='ocr_carea' id='block_1_2' title="bbox 625 4072 945 4162">
    <p class='ocr_par' dir='ltr' id='par_1_5' title="bbox 625 4072 945 4162">
     <span class='ocr_line' id='line_1_33' title="bbox 625 4072 945 4162; baseline -0.022 1"><span class='ocrx_word' id='word_1_362' title='bbox 625 4072 945 4162; x_wconf 82' lang='lat' dir='ltr'>OOLXXXIX.</span> 
     </span>
    </p>
   </div>
   <div class='ocr_carea' id='block_1_3' title="bbox 423 4288 1178 4514">
    <p class='ocr_par' dir='ltr' id='par_1_6' title="bbox 423 4288 1178 4514">
     <span class='ocr_line' id='line_1_34' title="bbox 423 4288 1178 4375; baseline -0.012 -6"><span class='ocrx_word' id='word_1_363' title='bbox 423 4293 503 4371; x_wconf 82' lang='lat' dir='ltr'>Der</span> <span class='ocrx_word' id='word_1_364' title='bbox 529 4293 663 4368; x_wconf 83' lang='lat' dir='ltr'>liaieer</span> <span class='ocrx_word' id='word_1_365' title='bbox 687 4313 735 4369; x_wconf 86' lang='lat' dir='ltr'>au</span> <span class='ocrx_word' id='word_1_366' title='bbox 759 4293 821 4367; x_wconf 82' lang='lat' dir='ltr'>dis</span> <span class='ocrx_word' id='word_1_367' title='bbox 840 4288 1178 4375; x_wconf 81' lang='lat' dir='ltr'>Oonciloratoren3</span> 
     </span>
     <span class='ocr_line' id='line_1_35' title="bbox 463 4443 1103 4514; baseline -0.008 -17"><span class='ocrx_word' id='word_1_368' title='bbox 463 4447 668 4514; x_wconf 77' lang='lat' dir='ltr'>Pressburg,</span> <span class='ocrx_word' id='word_1_369' title='bbox 686 4448 702 4498; x_wconf 84' lang='grc'><strong>3</strong></span> <span class='ocrx_word' id='word_1_370' title='bbox 720 4443 787 4497; x_wconf 82' lang='lat' dir='ltr'>und</span> <span class='ocrx_word' id='word_1_371' title='bbox 805 4447 822 4496; x_wconf 81' lang='lat'>4</span> <span class='ocrx_word' id='word_1_372' title='bbox 840 4443 993 4496; x_wconf 86' lang='lat' dir='ltr'>October</span> <span class='ocrx_word' id='word_1_373' title='bbox 1012 4443 1103 4494; x_wconf 77' lang='lat'>1563.</span> 
     </span>
    </p>
   </div>
   <div class='ocr_carea' id='block_1_4' title="bbox 635 4607 940 4695">
    <p class='ocr_par' dir='ltr' id='par_1_7' title="bbox 635 4607 940 4695">
     <span class='ocr_line' id='line_1_36' title="bbox 635 4607 940 4695; baseline -0.01 -14"><span class='ocrx_word' id='word_1_374' title='bbox 635 4607 774 4681; x_wconf 73' lang='grc' dir='ltr'><strong>Βοπιαπο.</strong></span> <span class='ocrx_word' id='word_1_375' title='bbox 799 4623 940 4695; x_wconf 75' lang='lat' dir='ltr'>Concepte.</span> 
     </span>
    </p>
   </div>
   <div class='ocr_carea' id='block_1_5' title="bbox 119 4795 1454 5160">
    <p class='ocr_par' dir='ltr' id='par_1_8' title="bbox 119 4795 1454 5104">
     <span class='ocr_line' id='line_1_37' title="bbox 226 4795 1452 4888; baseline -0.011 -14"><span class='ocrx_word' id='word_1_376' title='bbox 226 4806 290 4874; x_wconf 84' lang='lat' dir='ltr'>Dio</span> <span class='ocrx_word' id='word_1_377' title='bbox 311 4827 379 4873; x_wconf 85' lang='lat' dir='ltr'>von</span> <span class='ocrx_word' id='word_1_378' title='bbox 408 4803 472 4872; x_wconf 84' lang='lat' dir='ltr'>den</span> <span class='ocrx_word' id='word_1_379' title='bbox 494 4805 655 4872; x_wconf 79' lang='lat' dir='ltr'>Oratores</span> <span class='ocrx_word' id='word_1_380' title='bbox 684 4825 736 4870; x_wconf 88' lang='lat' dir='ltr'>um</span> <span class='ocrx_word' id='word_1_381' title='bbox 765 4803 806 4868; x_wconf 86' lang='grc'>18</span> <span class='ocrx_word' id='word_1_382' title='bbox 834 4799 1029 4888; x_wconf 81' lang='lat' dir='ltr'>September</span> <span class='ocrx_word' id='word_1_383' title='bbox 1057 4796 1292 4884; x_wconf 81' lang='lat' dir='ltr'>eingesandtou</span> <span class='ocrx_word' id='word_1_384' title='bbox 1323 4795 1452 4864; x_wconf 88' lang='lat' dir='ltr'>articuli</span> 
     </span>
     <span class='ocr_line' id='line_1_38' title="bbox 119 4899 1452 4997; baseline -0.01 -21"><span class='ocrx_word' id='word_1_385' title='bbox 119 4911 358 4978; x_wconf 69' lang='lat' dir='ltr'>reformationis</span> <span class='ocrx_word' id='word_1_386' title='bbox 380 4911 443 4975; x_wconf 83' lang='lat' dir='ltr'>ianr</span> <span class='ocrx_word' id='word_1_387' title='bbox 466 4917 580 4997; x_wconf 87' lang='lat' dir='ltr'>quarto</span> <span class='ocrx_word' id='word_1_388' title='bbox 604 4907 741 4972; x_wconf 82' lang='lat' dir='ltr'>correcti</span> <span class='ocrx_word' id='word_1_389' title='bbox 763 4903 894 4971; x_wconf 73' lang='lat' dir='ltr'>werden</span> <span class='ocrx_word' id='word_1_390' title='bbox 926 4923 1001 4968; x_wconf 86' lang='lat' dir='ltr'>vom</span> <span class='ocrx_word' id='word_1_391' title='bbox 1032 4901 1151 4967; x_wconf 85' lang='lat' dir='ltr'>Kaiser</span> <span class='ocrx_word' id='word_1_392' title='bbox 1184 4899 1367 4988; x_wconf 83' lang='lat' dir='ltr'>eingehend</span> <span class='ocrx_word' id='word_1_393' title='bbox 1397 4899 1452 4966; x_wconf 84' lang='lat' dir='ltr'>bo·</span> 
     </span>
     <span class='ocr_line' id='line_1_39' title="bbox 121 5003 1454 5104; baseline -0.008 -21"><span class='ocrx_word' id='word_1_394' title='bbox 121 5013 293 5104; x_wconf 80' lang='lat' dir='ltr'>epreohsn.</span> <span class='ocrx_word' id='word_1_395' title='bbox 443 5010 613 5082; x_wconf 82' lang='lat' dir='ltr'>Absolutis</span> <span class='ocrx_word' id='word_1_396' title='bbox 635 5011 735 5098; x_wconf 81' lang='lat' dir='ltr'>igitur</span> <span class='ocrx_word' id='word_1_397' title='bbox 765 5007 995 5095; x_wconf 80' lang='lat' dir='ltr'>suprascriptis</span> <span class='ocrx_word' id='word_1_398' title='bbox 1025 5003 1201 5092; x_wconf 82' lang='lat' dir='ltr'>capitibus,</span> <span class='ocrx_word' id='word_1_399' title='bbox 1230 5003 1454 5072; x_wconf 84' lang='lat' dir='ltr'>existimamus</span> 
     </span>
    </p>

    <p class='ocr_par' dir='ltr' id='par_1_9' title="bbox 514 5109 1146 5160">
     <span class='ocr_line' id='line_1_40' title="bbox 514 5109 1146 5160; baseline -0.011 7"><span class='ocrx_word' id='word_1_400' title='bbox 514 5113 516 5116; x_wconf 70' lang='grc'><strong>’</strong></span> <span class='ocrx_word' id='word_1_401' title='bbox 1094 5109 1146 5160; x_wconf 73' lang='lat' dir='ltr'>to·</span> 
     </span>
    </p>
   </div>
   <div class='ocr_carea' id='block_1_6' title="bbox 0 0 1766 5838">
    <p class='ocr_par' dir='ltr' id='par_1_10' title="bbox 0 0 1766 5838">
     <span class='ocr_line' id='line_1_41' title="bbox 0 0 1766 5838; baseline 0 0"><span class='ocrx_word' id='word_1_402' title='bbox 0 0 1766 5838; x_wconf 95' lang='lat' dir='ltr'> </span> 
     </span>
    </p>
   </div>
  </div>
 </body>
</html>
