<?xml version="1.0" encoding="UTF-8"?>
<!DOCTYPE html PUBLIC "-//W3C//DTD XHTML 1.0 Transitional//EN"
    "http://www.w3.org/TR/xhtml1/DTD/xhtml1-transitional.dtd">
<html xmlns="http://www.w3.org/1999/xhtml" xml:lang="en" lang="en">
 <head>
  <title>
</title>
<meta http-equiv="Content-Type" content="text/html;charset=utf-8" />
  <meta name='ocr-system' content='tesseract 3.04.00' />
  <meta name='ocr-capabilities' content='ocr_page ocr_carea ocr_par ocr_line ocrx_word'/>
</head>
<body>
  <div class='ocr_page' id='page_1' title='image "./zurgeschichtede00unkngoog/zurgeschichtede00unkngoog_0396.png"; bbox 0 0 3460 5826; ppageno 0'>
   <div class='ocr_carea' id='block_1_1' title="bbox 1329 518 1388 584">
    <p class='ocr_par' dir='ltr' id='par_1_1' title="bbox 1329 518 1388 584">
     <span class='ocr_line' id='line_1_1' title="bbox 1329 518 1388 584; baseline 0 -1"><span class='ocrx_word' id='word_1_1' title='bbox 1329 518 1388 584; x_wconf 74' lang='grc'><strong>381</strong></span> 
     </span>
    </p>
   </div>
   <div class='ocr_carea' id='block_1_2' title="bbox 28 685 1393 1191">
    <p class='ocr_par' dir='ltr' id='par_1_2' title="bbox 28 685 1393 1191">
     <span class='ocr_line' id='line_1_2' title="bbox 140 685 1393 764; baseline 0.022 -30"><span class='ocrx_word' id='word_1_2' title='bbox 140 685 208 750; x_wconf 84' lang='lat' dir='ltr'><strong>sequi</strong></span> <span class='ocrx_word' id='word_1_3' title='bbox 224 685 312 738; x_wconf 79' lang='lat' dir='ltr'><strong>debet</strong></span> <span class='ocrx_word' id='word_1_4' title='bbox 331 686 365 740; x_wconf 89' lang='lat' dir='ltr'><strong>de</strong></span> <span class='ocrx_word' id='word_1_5' title='bbox 382 689 481 742; x_wconf 79' lang='lat' dir='ltr'><strong>merit&#39;s</strong></span> <span class='ocrx_word' id='word_1_6' title='bbox 499 704 597 744; x_wconf 69' lang='lat' dir='ltr'><strong>cauus</strong></span> <span class='ocrx_word' id='word_1_7' title='bbox 614 691 754 761; x_wconf 72' lang='lat' dir='ltr'><strong>diligenter</strong></span> <span class='ocrx_word' id='word_1_8' title='bbox 771 695 895 764; x_wconf 82' lang='lat' dir='ltr'><strong>inquirat,</strong></span> <span class='ocrx_word' id='word_1_9' title='bbox 914 697 1132 763; x_wconf 70' lang='lat' dir='ltr'><strong>deindematura</strong></span> <span class='ocrx_word' id='word_1_10' title='bbox 1155 703 1347 760; x_wconf 74' lang='lat' dir='ltr'><strong>deliberatione</strong></span> <span class='ocrx_word' id='word_1_11' title='bbox 1364 715 1393 760; x_wconf 91' lang='lat' dir='ltr'><strong>et</strong></span> 
     </span>
     <span class='ocr_line' id='line_1_3' title="bbox 137 771 1391 860; baseline 0.021 -39"><span class='ocrx_word' id='word_1_12' title='bbox 137 771 232 822; x_wconf 57' lang='grc' dir='ltr'><strong>ΒΜ·</strong></span> <span class='ocrx_word' id='word_1_13' title='bbox 245 775 416 828; x_wconf 71' lang='lat' dir='ltr'><strong>eudinelium</strong></span> <span class='ocrx_word' id='word_1_14' title='bbox 430 774 607 844; x_wconf 86' lang='lat' dir='ltr'><strong>praecedente</strong></span> <span class='ocrx_word' id='word_1_15' title='bbox 625 781 819 834; x_wconf 85' lang='lat' dir='ltr'><strong>consultatione</strong></span> <span class='ocrx_word' id='word_1_16' title='bbox 836 787 993 838; x_wconf 73' lang='lat' dir='ltr'><strong>smtentiam</strong></span> <span class='ocrx_word' id='word_1_17' title='bbox 1010 789 1134 855; x_wconf 80' lang='lat' dir='ltr'><strong>proisrat.</strong></span> <span class='ocrx_word' id='word_1_18' title='bbox 1149 795 1206 844; x_wconf 87' lang='lat' dir='ltr'><strong>tum</strong></span> <span class='ocrx_word' id='word_1_19' title='bbox 1227 791 1332 846; x_wconf 89' lang='lat' dir='ltr'><strong>demum</strong></span> <span class='ocrx_word' id='word_1_20' title='bbox 1343 810 1391 860; x_wconf 91' lang='lat' dir='ltr'><strong>per</strong></span> 
     </span>
     <span class='ocr_line' id='line_1_4' title="bbox 135 860 1392 947; baseline 0.018 -37"><span class='ocrx_word' id='word_1_21' title='bbox 135 860 234 926; x_wconf 77' lang='lat' dir='ltr'><strong>legates</strong></span> <span class='ocrx_word' id='word_1_22' title='bbox 256 863 356 914; x_wconf 87' lang='lat' dir='ltr'><strong>nationi</strong></span> <span class='ocrx_word' id='word_1_23' title='bbox 376 863 556 930; x_wconf 82' lang='lat' dir='ltr'><strong>Genusnicae,</strong></span> <span class='ocrx_word' id='word_1_24' title='bbox 583 867 631 918; x_wconf 90' lang='lat' dir='ltr'><strong>ubi</strong></span> <span class='ocrx_word' id='word_1_25' title='bbox 656 872 713 918; x_wconf 81' lang='lat' dir='ltr'><strong>orta</strong></span> <span class='ocrx_word' id='word_1_26' title='bbox 738 873 779 918; x_wconf 89' lang='lat' dir='ltr'><strong>est</strong></span> <span class='ocrx_word' id='word_1_27' title='bbox 804 874 991 937; x_wconf 80' lang='lat' dir='ltr'><strong>controversia,</strong></span> <span class='ocrx_word' id='word_1_28' title='bbox 1014 889 1064 926; x_wconf 83' lang='lat' dir='ltr'><strong>sua</strong></span> <span class='ocrx_word' id='word_1_29' title='bbox 1089 875 1198 930; x_wconf 87' lang='lat' dir='ltr'><strong>decreta</strong></span> <span class='ocrx_word' id='word_1_30' title='bbox 1215 885 1347 947; x_wconf 77' lang='lat' dir='ltr'><strong>proponat</strong></span> <span class='ocrx_word' id='word_1_31' title='bbox 1365 887 1392 934; x_wconf 89' lang='lat' dir='ltr'><strong>st</strong></span> 
     </span>
     <span class='ocr_line' id='line_1_5' title="bbox 136 947 1391 1022; baseline 0.019 -26"><span class='ocrx_word' id='word_1_32' title='bbox 136 947 227 1013; x_wconf 86' lang='lat' dir='ltr'><strong>exequi</strong></span> <span class='ocrx_word' id='word_1_33' title='bbox 239 950 393 1014; x_wconf 80' lang='lat' dir='ltr'><strong>praecipiat</strong></span> <span class='ocrx_word' id='word_1_34' title='bbox 413 948 466 999; x_wconf 89' lang='lat' dir='ltr'><strong>hoc</strong></span> <span class='ocrx_word' id='word_1_35' title='bbox 479 953 528 1002; x_wconf 87' lang='lat' dir='ltr'><strong>erit</strong></span> <span class='ocrx_word' id='word_1_36' title='bbox 541 949 648 1018; x_wconf 78' lang='lat' dir='ltr'><strong>dignum</strong></span> <span class='ocrx_word' id='word_1_37' title='bbox 660 955 728 1005; x_wconf 82' lang='lat' dir='ltr'><strong>tanti</strong></span> <span class='ocrx_word' id='word_1_38' title='bbox 745 957 859 1022; x_wconf 78' lang='lat' dir='ltr'><strong>pastoris</strong></span> <span class='ocrx_word' id='word_1_39' title='bbox 877 957 1002 1010; x_wconf 84' lang='lat' dir='ltr'><strong>cilicium.</strong></span> <span class='ocrx_word' id='word_1_40' title='bbox 1021 960 1072 1014; x_wconf 91' lang='lat' dir='ltr'><strong>hoc</strong></span> <span class='ocrx_word' id='word_1_41' title='bbox 1090 966 1196 1016; x_wconf 88' lang='lat' dir='ltr'><strong>nomine</strong></span> <span class='ocrx_word' id='word_1_42' title='bbox 1214 965 1319 1018; x_wconf 62' lang='lat' dir='ltr'><strong>caue·</strong></span> <span class='ocrx_word' id='word_1_43' title='bbox 1336 967 1391 1019; x_wconf 70' lang='lat' dir='ltr'><strong>Me.</strong></span> 
     </span>
     <span class='ocr_line' id='line_1_6' title="bbox 134 1033 1389 1116; baseline 0.022 -35"><span class='ocrx_word' id='word_1_44' title='bbox 134 1033 165 1082; x_wconf 82' lang='lat' dir='ltr'><strong>rb</strong></span> <span class='ocrx_word' id='word_1_45' title='bbox 190 1035 248 1084; x_wconf 87' lang='lat' dir='ltr'><strong>eius</strong></span> <span class='ocrx_word' id='word_1_46' title='bbox 266 1038 370 1085; x_wconf 86' lang='lat' dir='ltr'><strong>oratore</strong></span> <span class='ocrx_word' id='word_1_47' title='bbox 387 1037 527 1086; x_wconf 83' lang='lat' dir='ltr'><strong>instantius</strong></span> <span class='ocrx_word' id='word_1_48' title='bbox 549 1039 654 1103; x_wconf 86' lang='lat' dir='ltr'><strong>petitur.</strong></span> <span class='ocrx_word' id='word_1_49' title='bbox 678 1039 746 1092; x_wconf 87' lang='lat' dir='ltr'><strong>haec</strong></span> <span class='ocrx_word' id='word_1_50' title='bbox 774 1047 814 1092; x_wconf 88' lang='lat' dir='ltr'><strong>est</strong></span> <span class='ocrx_word' id='word_1_51' title='bbox 829 1059 883 1095; x_wconf 78' lang='lat' dir='ltr'><strong>ror</strong></span> <span class='ocrx_word' id='word_1_52' title='bbox 901 1044 1035 1098; x_wconf 76' lang='lat' dir='ltr'><strong>christiam</strong></span> <span class='ocrx_word' id='word_1_53' title='bbox 1051 1049 1143 1116; x_wconf 89' lang='lat' dir='ltr'><strong>populi</strong></span> <span class='ocrx_word' id='word_1_54' title='bbox 1161 1053 1205 1103; x_wconf 90' lang='lat' dir='ltr'><strong>eui</strong></span> <span class='ocrx_word' id='word_1_55' title='bbox 1222 1051 1249 1106; x_wconf 77' lang='grc' dir='ltr'><strong>Β.</strong></span> <span class='ocrx_word' id='word_1_56' title='bbox 1268 1053 1318 1107; x_wconf 72' lang='lat'><strong>8⁸⁸·</strong></span> <span class='ocrx_word' id='word_1_57' title='bbox 1336 1057 1389 1108; x_wconf 87' lang='lat' dir='ltr'><strong>cle·</strong></span> 
     </span>
     <span class='ocr_line' id='line_1_7' title="bbox 28 1115 540 1191; baseline 0.014 -23"><span class='ocrx_word' id='word_1_58' title='bbox 28 1115 30 1134; x_wconf 78' lang='lat'>&#39;</span> <span class='ocrx_word' id='word_1_59' title='bbox 132 1123 233 1170; x_wconf 85' lang='lat' dir='ltr'><strong>menter</strong></span> <span class='ocrx_word' id='word_1_60' title='bbox 247 1119 385 1172; x_wconf 84' lang='lat' dir='ltr'><strong>intendere</strong></span> <span class='ocrx_word' id='word_1_61' title='bbox 409 1121 540 1191; x_wconf 72' lang='lat' dir='ltr'><strong>dignemr.</strong></span> 
     </span>
    </p>
   </div>
   <div class='ocr_carea' id='block_1_3' title="bbox 617 1303 820 1321">
    <p class='ocr_par' dir='ltr' id='par_1_3' title="bbox 617 1303 820 1321">
     <span class='ocr_line' id='line_1_8' title="bbox 617 1303 820 1321; baseline 0.015 -5"><span class='ocrx_word' id='word_1_62' title='bbox 617 1303 820 1321; x_wconf 48' lang='lat' dir='ltr'><strong>m</strong></span> 
     </span>
    </p>
   </div>
   <div class='ocr_carea' id='block_1_4' title="bbox 664 1537 814 1626">
    <p class='ocr_par' dir='ltr' id='par_1_4' title="bbox 664 1537 814 1626">
     <span class='ocr_line' id='line_1_9' title="bbox 664 1537 814 1626; baseline 0 0"><span class='ocrx_word' id='word_1_63' title='bbox 664 1537 814 1626; x_wconf 83' lang='lat' dir='ltr'>CCIV.</span> 
     </span>
    </p>
   </div>
   <div class='ocr_carea' id='block_1_5' title="bbox 340 1753 1103 1965">
    <p class='ocr_par' dir='ltr' id='par_1_5' title="bbox 340 1753 1103 1965">
     <span class='ocr_line' id='line_1_10' title="bbox 340 1753 1103 1858; baseline 0.008 -27"><span class='ocrx_word' id='word_1_64' title='bbox 340 1753 420 1832; x_wconf 85' lang='lat' dir='ltr'><strong>Der</strong></span> <span class='ocrx_word' id='word_1_65' title='bbox 446 1755 579 1832; x_wconf 82' lang='lat' dir='ltr'><strong>lleiser</strong></span> <span class='ocrx_word' id='word_1_66' title='bbox 604 1760 650 1836; x_wconf 86' lang='lat' dir='ltr'><strong>a&#39;u</strong></span> <span class='ocrx_word' id='word_1_67' title='bbox 679 1759 739 1836; x_wconf 89' lang='lat' dir='ltr'><strong>die</strong></span> <span class='ocrx_word' id='word_1_68' title='bbox 767 1757 1103 1858; x_wconf 76' lang='lat' dir='ltr'><strong>Oonciloratorsn3</strong></span> 
     </span>
     <span class='ocr_line' id='line_1_11' title="bbox 484 1891 964 1965; baseline 0.017 -21"><span class='ocrx_word' id='word_1_69' title='bbox 484 1891 583 1962; x_wconf 75' lang='lat' dir='ltr'><strong>Praq,</strong></span> <span class='ocrx_word' id='word_1_70' title='bbox 602 1896 640 1948; x_wconf 79' lang='lat'><strong>14</strong></span> <span class='ocrx_word' id='word_1_71' title='bbox 658 1895 856 1965; x_wconf 79' lang='lat' dir='ltr'>September</span> <span class='ocrx_word' id='word_1_72' title='bbox 874 1901 964 1953; x_wconf 78' lang='grc'><strong>1562,</strong></span> 
     </span>
    </p>
   </div>
   <div class='ocr_carea' id='block_1_6' title="bbox 570 2073 898 2152">
    <p class='ocr_par' dir='ltr' id='par_1_6' title="bbox 570 2073 898 2152">
     <span class='ocr_line' id='line_1_12' title="bbox 570 2073 898 2152; baseline 0.015 -21"><span class='ocrx_word' id='word_1_73' title='bbox 570 2073 750 2134; x_wconf 61' lang='lat' dir='ltr'><strong>amcam.</strong></span> <span class='ocrx_word' id='word_1_74' title='bbox 776 2077 898 2152; x_wconf 56' lang='lat' dir='ltr'><strong>ossas</strong></span> 
     </span>
    </p>
   </div>
   <div class='ocr_carea' id='block_1_7' title="bbox 47 2219 1384 4804">
    <p class='ocr_par' dir='ltr' id='par_1_7' title="bbox 47 2219 1384 4368">
     <span class='ocr_line' id='line_1_13' title="bbox 153 2219 1384 2318; baseline 0.007 -30"><span class='ocrx_word' id='word_1_75' title='bbox 153 2220 214 2288; x_wconf 84' lang='lat' dir='ltr'><strong>Ex</strong></span> <span class='ocrx_word' id='word_1_76' title='bbox 234 2219 335 2288; x_wconf 91' lang='lat' dir='ltr'><strong>literis</strong></span> <span class='ocrx_word' id='word_1_77' title='bbox 357 2221 475 2288; x_wconf 83' lang='lat' dir='ltr'><strong>vestris</strong></span> <span class='ocrx_word' id='word_1_78' title='bbox 497 2221 542 2288; x_wconf 86' lang='lat' dir='ltr'><strong>ad</strong></span> <span class='ocrx_word' id='word_1_79' title='bbox 564 2221 649 2290; x_wconf 86' lang='lat' dir='ltr'><strong>diem</strong></span> <span class='ocrx_word' id='word_1_80' title='bbox 674 2224 691 2290; x_wconf 97' lang='grc'>1</span> <span class='ocrx_word' id='word_1_81' title='bbox 714 2222 810 2292; x_wconf 92' lang='lat' dir='ltr'><strong>huius</strong></span> <span class='ocrx_word' id='word_1_82' title='bbox 831 2228 950 2294; x_wconf 78' lang='lat' dir='ltr'><strong>mensis</strong></span> <span class='ocrx_word' id='word_1_83' title='bbox 965 2227 1050 2294; x_wconf 81' lang='lat' dir='ltr'><strong>detis</strong></span> <span class='ocrx_word' id='word_1_84' title='bbox 1064 2225 1282 2296; x_wconf 75' lang='lat' dir='ltr'><strong>intelleximus</strong></span> <span class='ocrx_word' id='word_1_85' title='bbox 1299 2251 1384 2318; x_wconf 89' lang='lat' dir='ltr'><strong>quae</strong></span> 
     </span>
     <span class='ocr_line' id='line_1_14' title="bbox 64 2323 1383 2402; baseline 0.011 -14"><span class='ocrx_word' id='word_1_86' title='bbox 64 2323 150 2390; x_wconf 88' lang='lat' dir='ltr'><strong>isthic</strong></span> <span class='ocrx_word' id='word_1_87' title='bbox 179 2334 258 2392; x_wconf 82' lang='lat' dir='ltr'><strong>acta</strong></span> <span class='ocrx_word' id='word_1_88' title='bbox 285 2324 415 2392; x_wconf 74' lang='lat' dir='ltr'><strong>luerunt</strong></span> <span class='ocrx_word' id='word_1_89' title='bbox 443 2324 484 2392; x_wconf 92' lang='lat' dir='ltr'><strong>de</strong></span> <span class='ocrx_word' id='word_1_90' title='bbox 511 2329 720 2394; x_wconf 86' lang='lat' dir='ltr'><strong>concessione</strong></span> <span class='ocrx_word' id='word_1_91' title='bbox 747 2327 858 2396; x_wconf 86' lang='lat' dir='ltr'><strong>calicis</strong></span> <span class='ocrx_word' id='word_1_92' title='bbox 874 2378 882 2396; x_wconf 91' lang='lat'><strong>.</strong></span> <span class='ocrx_word' id='word_1_93' title='bbox 897 2378 930 2396; x_wconf 91' lang='lat'><strong>..</strong></span> <span class='ocrx_word' id='word_1_94' title='bbox 954 2353 993 2398; x_wconf 93' lang='lat' dir='ltr'><strong>ea</strong></span> <span class='ocrx_word' id='word_1_95' title='bbox 1020 2353 1080 2398; x_wconf 92' lang='lat' dir='ltr'><strong>nos</strong></span> <span class='ocrx_word' id='word_1_96' title='bbox 1112 2353 1171 2398; x_wconf 88' lang='lat' dir='ltr'><strong>suo</strong></span> <span class='ocrx_word' id='word_1_97' title='bbox 1193 2333 1265 2400; x_wconf 90' lang='lat' dir='ltr'><strong>loco</strong></span> <span class='ocrx_word' id='word_1_98' title='bbox 1288 2334 1383 2402; x_wconf 88' lang='lat' dir='ltr'><strong>relin-</strong></span> 
     </span>
     <span class='ocr_line' id='line_1_15' title="bbox 61 2427 1383 2522; baseline 0.009 -28"><span class='ocrx_word' id='word_1_99' title='bbox 61 2427 191 2514; x_wconf 87' lang='lat' dir='ltr'><strong>quimus,</strong></span> <span class='ocrx_word' id='word_1_100' title='bbox 218 2430 402 2496; x_wconf 78' lang='lat' dir='ltr'><strong>insistentes</strong></span> <span class='ocrx_word' id='word_1_101' title='bbox 423 2428 524 2516; x_wconf 87' lang='lat' dir='ltr'><strong>priori</strong></span> <span class='ocrx_word' id='word_1_102' title='bbox 545 2439 676 2498; x_wconf 87' lang='lat' dir='ltr'><strong>uostrae</strong></span> <span class='ocrx_word' id='word_1_103' title='bbox 697 2433 875 2498; x_wconf 87' lang='lat' dir='ltr'><strong>sententiae</strong></span> <span class='ocrx_word' id='word_1_104' title='bbox 898 2456 994 2522; x_wconf 86' lang='lat' dir='ltr'><strong>quam</strong></span> <span class='ocrx_word' id='word_1_105' title='bbox 1009 2435 1043 2500; x_wconf 91' lang='lat' dir='ltr'><strong>in</strong></span> <span class='ocrx_word' id='word_1_106' title='bbox 1057 2437 1242 2504; x_wconf 82' lang='lat' dir='ltr'><strong>novissimis</strong></span> <span class='ocrx_word' id='word_1_107' title='bbox 1264 2439 1383 2506; x_wconf 84' lang='lat' dir='ltr'><strong>nostris</strong></span> 
     </span>
     <span class='ocr_line' id='line_1_16' title="bbox 59 2531 1380 2628; baseline 0.011 -32"><span class='ocrx_word' id='word_1_108' title='bbox 59 2533 95 2598; x_wconf 85' lang='lat' dir='ltr'><strong>ad</strong></span> <span class='ocrx_word' id='word_1_109' title='bbox 115 2557 175 2600; x_wconf 87' lang='lat' dir='ltr'><strong>vos</strong></span> <span class='ocrx_word' id='word_1_110' title='bbox 208 2533 310 2600; x_wconf 85' lang='lat' dir='ltr'><strong>literis</strong></span> <span class='ocrx_word' id='word_1_111' title='bbox 333 2531 495 2621; x_wconf 88' lang='lat' dir='ltr'><strong>complexi</strong></span> <span class='ocrx_word' id='word_1_112' title='bbox 516 2533 636 2600; x_wconf 84' lang='lat' dir='ltr'><strong>fuimus</strong></span> <span class='ocrx_word' id='word_1_113' title='bbox 656 2582 664 2602; x_wconf 89' lang='lat'><strong>.</strong></span> <span class='ocrx_word' id='word_1_114' title='bbox 681 2583 715 2600; x_wconf 92' lang='lat'><strong>..</strong></span> <span class='ocrx_word' id='word_1_115' title='bbox 739 2533 819 2602; x_wconf 90' lang='lat' dir='ltr'><strong>illud</strong></span> <span class='ocrx_word' id='word_1_116' title='bbox 849 2547 957 2604; x_wconf 86' lang='lat' dir='ltr'><strong>autem</strong></span> <span class='ocrx_word' id='word_1_117' title='bbox 978 2539 1133 2605; x_wconf 87' lang='lat' dir='ltr'><strong>miramur</strong></span> <span class='ocrx_word' id='word_1_118' title='bbox 1156 2540 1243 2628; x_wconf 91' lang='lat' dir='ltr'><strong>quod</strong></span> <span class='ocrx_word' id='word_1_119' title='bbox 1265 2543 1380 2610; x_wconf 87' lang='lat' dir='ltr'><strong>iterum</strong></span> 
     </span>
     <span class='ocr_line' id='line_1_17' title="bbox 59 2636 1381 2730; baseline 0.01 -30"><span class='ocrx_word' id='word_1_120' title='bbox 59 2636 277 2725; x_wconf 75' lang='lat' dir='ltr'><strong>interrogatis,</strong></span> <span class='ocrx_word' id='word_1_121' title='bbox 306 2661 349 2706; x_wconf 88' lang='lat' dir='ltr'><strong>an</strong></span> <span class='ocrx_word' id='word_1_122' title='bbox 377 2646 451 2725; x_wconf 90' lang='lat' dir='ltr'><strong>post</strong></span> <span class='ocrx_word' id='word_1_123' title='bbox 479 2639 661 2726; x_wconf 85' lang='lat' dir='ltr'><strong>proximam</strong></span> <span class='ocrx_word' id='word_1_124' title='bbox 690 2639 867 2708; x_wconf 87' lang='lat' dir='ltr'><strong>sessionem</strong></span> <span class='ocrx_word' id='word_1_125' title='bbox 895 2641 1003 2730; x_wconf 89' lang='lat' dir='ltr'><strong>quoad</strong></span> <span class='ocrx_word' id='word_1_126' title='bbox 1029 2644 1202 2729; x_wconf 80' lang='lat' dir='ltr'><strong>negocium</strong></span> <span class='ocrx_word' id='word_1_127' title='bbox 1228 2645 1381 2713; x_wconf 83' lang='lat' dir='ltr'><strong>reforma-</strong></span> 
     </span>
     <span class='ocr_line' id='line_1_18' title="bbox 58 2740 1380 2834; baseline 0.009 -30"><span class='ocrx_word' id='word_1_128' title='bbox 58 2742 145 2806; x_wconf 90' lang='lat' dir='ltr'><strong>tionis</strong></span> <span class='ocrx_word' id='word_1_129' title='bbox 185 2740 356 2808; x_wconf 79' lang='lat' dir='ltr'><strong>Gallorum</strong></span> <span class='ocrx_word' id='word_1_130' title='bbox 389 2750 422 2807; x_wconf 88' lang='lat' dir='ltr'><strong>et</strong></span> <span class='ocrx_word' id='word_1_131' title='bbox 442 2740 681 2808; x_wconf 67' lang='lat' dir='ltr'><strong>Helvetiorum</strong></span> <span class='ocrx_word' id='word_1_132' title='bbox 714 2746 892 2810; x_wconf 88' lang='lat' dir='ltr'><strong>sententiae</strong></span> <span class='ocrx_word' id='word_1_133' title='bbox 925 2766 985 2810; x_wconf 85' lang='lat' dir='ltr'><strong>vos</strong></span> <span class='ocrx_word' id='word_1_134' title='bbox 1013 2745 1192 2833; x_wconf 80' lang='lat' dir='ltr'><strong>adiungere</strong></span> <span class='ocrx_word' id='word_1_135' title='bbox 1226 2748 1380 2834; x_wconf 81' lang='lat' dir='ltr'><strong>debeatis,</strong></span> 
     </span>
     <span class='ocr_line' id='line_1_19' title="bbox 58 2843 1380 2942; baseline 0.008 -32"><span class='ocrx_word' id='word_1_136' title='bbox 58 2867 122 2911; x_wconf 91' lang='lat' dir='ltr'><strong>cum</strong></span> <span class='ocrx_word' id='word_1_137' title='bbox 143 2843 244 2912; x_wconf 84' lang='lat' dir='ltr'><strong>vobis</strong></span> <span class='ocrx_word' id='word_1_138' title='bbox 265 2845 330 2912; x_wconf 90' lang='lat' dir='ltr'><strong>iam</strong></span> <span class='ocrx_word' id='word_1_139' title='bbox 353 2854 449 2912; x_wconf 89' lang='lat' dir='ltr'><strong>antea</strong></span> <span class='ocrx_word' id='word_1_140' title='bbox 471 2846 551 2912; x_wconf 86' lang='lat' dir='ltr'><strong>satis</strong></span> <span class='ocrx_word' id='word_1_141' title='bbox 572 2845 659 2912; x_wconf 86' lang='lat' dir='ltr'><strong>clare</strong></span> <span class='ocrx_word' id='word_1_142' title='bbox 682 2846 914 2934; x_wconf 89' lang='lat' dir='ltr'><strong>scripserimus,</strong></span> <span class='ocrx_word' id='word_1_143' title='bbox 938 2847 1054 2936; x_wconf 92' lang='lat' dir='ltr'><strong>quibus</strong></span> <span class='ocrx_word' id='word_1_144' title='bbox 1073 2850 1107 2914; x_wconf 90' lang='lat' dir='ltr'><strong>in</strong></span> <span class='ocrx_word' id='word_1_145' title='bbox 1128 2849 1226 2916; x_wconf 89' lang='lat' dir='ltr'><strong>rebus</strong></span> <span class='ocrx_word' id='word_1_146' title='bbox 1248 2862 1282 2918; x_wconf 88' lang='lat' dir='ltr'><strong>et</strong></span> <span class='ocrx_word' id='word_1_147' title='bbox 1303 2877 1380 2942; x_wconf 89' lang='lat' dir='ltr'><strong>qua·</strong></span> 
     </span>
     <span class='ocr_line' id='line_1_20' title="bbox 56 2947 1380 3036; baseline 0.005 -21"><span class='ocrx_word' id='word_1_148' title='bbox 56 2959 141 3016; x_wconf 75' lang='lat' dir='ltr'><strong>tenum</strong></span> <span class='ocrx_word' id='word_1_149' title='bbox 165 2947 306 3016; x_wconf 82' lang='lat' dir='ltr'><strong>aliorum</strong></span> <span class='ocrx_word' id='word_1_150' title='bbox 327 2971 440 3036; x_wconf 82' lang='lat' dir='ltr'><strong>regum</strong></span> <span class='ocrx_word' id='word_1_151' title='bbox 461 2949 646 3036; x_wconf 92' lang='lat' dir='ltr'><strong>principum</strong></span> <span class='ocrx_word' id='word_1_152' title='bbox 668 2971 708 3016; x_wconf 89' lang='lat' dir='ltr'><strong>ac</strong></span> <span class='ocrx_word' id='word_1_153' title='bbox 722 2959 946 3036; x_wconf 78' lang='lat' dir='ltr'><strong>potentatuum</strong></span> <span class='ocrx_word' id='word_1_154' title='bbox 962 2951 1141 3018; x_wconf 90' lang='lat' dir='ltr'><strong>oratoribus</strong></span> <span class='ocrx_word' id='word_1_155' title='bbox 1157 2955 1310 3022; x_wconf 84' lang='lat' dir='ltr'><strong>assistere</strong></span> <span class='ocrx_word' id='word_1_156' title='bbox 1326 2956 1380 3022; x_wconf 92' lang='lat' dir='ltr'><strong>de·</strong></span> 
     </span>
     <span class='ocr_line' id='line_1_21' title="bbox 55 3051 1378 3146; baseline 0.004 -26"><span class='ocrx_word' id='word_1_157' title='bbox 55 3051 163 3137; x_wconf 60' lang='lat' dir='ltr'><strong>bestia</strong></span> <span class='ocrx_word' id='word_1_158' title='bbox 190 3075 230 3119; x_wconf 82' lang='lat' dir='ltr'><strong>ac</strong></span> <span class='ocrx_word' id='word_1_159' title='bbox 251 3075 356 3140; x_wconf 85' lang='lat' dir='ltr'><strong>nuper</strong></span> <span class='ocrx_word' id='word_1_160' title='bbox 376 3053 517 3140; x_wconf 91' lang='lat' dir='ltr'><strong>primum</strong></span> <span class='ocrx_word' id='word_1_161' title='bbox 538 3053 572 3118; x_wconf 90' lang='lat' dir='ltr'><strong>in</strong></span> <span class='ocrx_word' id='word_1_162' title='bbox 594 3053 633 3118; x_wconf 90' lang='lat' dir='ltr'><strong>iis</strong></span> <span class='ocrx_word' id='word_1_163' title='bbox 654 3051 756 3118; x_wconf 88' lang='lat' dir='ltr'><strong>literis</strong></span> <span class='ocrx_word' id='word_1_164' title='bbox 779 3075 859 3141; x_wconf 86' lang='lat' dir='ltr'><strong>quas</strong></span> <span class='ocrx_word' id='word_1_165' title='bbox 884 3053 1032 3120; x_wconf 89' lang='lat' dir='ltr'><strong>dedimus</strong></span> <span class='ocrx_word' id='word_1_166' title='bbox 1046 3054 1089 3120; x_wconf 90' lang='lat' dir='ltr'><strong>ad</strong></span> <span class='ocrx_word' id='word_1_167' title='bbox 1103 3055 1174 3120; x_wconf 58' lang='grc' dir='ltr'><strong>ΒΜ·</strong></span> <span class='ocrx_word' id='word_1_168' title='bbox 1191 3056 1226 3123; x_wconf 84' lang='lat'><strong>0.</strong></span> <span class='ocrx_word' id='word_1_169' title='bbox 1241 3057 1378 3146; x_wconf 86' lang='lat' dir='ltr'><strong>legatos,</strong></span> 
     </span>
     <span class='ocr_line' id='line_1_22' title="bbox 54 3155 1379 3246; baseline 0.008 -25"><span class='ocrx_word' id='word_1_170' title='bbox 54 3157 141 3223; x_wconf 80' lang='lat' dir='ltr'><strong>vobis</strong></span> <span class='ocrx_word' id='word_1_171' title='bbox 165 3179 298 3246; x_wconf 89' lang='lat' dir='ltr'><strong>quoque</strong></span> <span class='ocrx_word' id='word_1_172' title='bbox 326 3157 422 3244; x_wconf 92' lang='lat' dir='ltr'><strong>copia</strong></span> <span class='ocrx_word' id='word_1_173' title='bbox 445 3178 555 3222; x_wconf 85' lang='lat' dir='ltr'><strong>earum</strong></span> <span class='ocrx_word' id='word_1_174' title='bbox 576 3155 672 3241; x_wconf 86' lang='lat' dir='ltr'><strong>facta,</strong></span> <span class='ocrx_word' id='word_1_175' title='bbox 701 3157 843 3223; x_wconf 91' lang='lat' dir='ltr'><strong>animum</strong></span> <span class='ocrx_word' id='word_1_176' title='bbox 870 3167 1017 3223; x_wconf 89' lang='lat' dir='ltr'><strong>nostrum</strong></span> <span class='ocrx_word' id='word_1_177' title='bbox 1037 3158 1207 3224; x_wconf 85' lang='lat' dir='ltr'><strong>manifeste</strong></span> <span class='ocrx_word' id='word_1_178' title='bbox 1232 3159 1379 3246; x_wconf 85' lang='lat' dir='ltr'><strong>declara·</strong></span> 
     </span>
     <span class='ocr_line' id='line_1_23' title="bbox 52 3259 1379 3350; baseline 0.004 -22"><span class='ocrx_word' id='word_1_179' title='bbox 52 3261 169 3345; x_wconf 81' lang='lat' dir='ltr'><strong>vimus,</strong></span> <span class='ocrx_word' id='word_1_180' title='bbox 201 3261 290 3350; x_wconf 90' lang='lat' dir='ltr'><strong>quod</strong></span> <span class='ocrx_word' id='word_1_181' title='bbox 317 3259 447 3350; x_wconf 90' lang='lat' dir='ltr'><strong>quidem</strong></span> <span class='ocrx_word' id='word_1_182' title='bbox 476 3260 563 3326; x_wconf 91' lang='lat' dir='ltr'><strong>idem</strong></span> <span class='ocrx_word' id='word_1_183' title='bbox 592 3260 759 3348; x_wconf 84' lang='lat' dir='ltr'><strong>cupiemus</strong></span> <span class='ocrx_word' id='word_1_184' title='bbox 788 3260 875 3348; x_wconf 92' lang='lat' dir='ltr'><strong>quod</strong></span> <span class='ocrx_word' id='word_1_185' title='bbox 905 3260 1045 3326; x_wconf 89' lang='lat' dir='ltr'><strong>scribitis</strong></span> <span class='ocrx_word' id='word_1_186' title='bbox 1073 3263 1237 3350; x_wconf 87' lang='lat' dir='ltr'><strong>requirere</strong></span> <span class='ocrx_word' id='word_1_187' title='bbox 1265 3263 1379 3337; x_wconf 85' lang='lat' dir='ltr'><strong>Gallos</strong></span> 
     </span>
     <span class='ocr_line' id='line_1_24' title="bbox 52 3358 1378 3452; baseline 0.005 -23"><span class='ocrx_word' id='word_1_188' title='bbox 52 3375 147 3452; x_wconf 91' lang='lat' dir='ltr'><strong>atque</strong></span> <span class='ocrx_word' id='word_1_189' title='bbox 173 3365 352 3450; x_wconf 88' lang='lat' dir='ltr'><strong>Helvetios,</strong></span> <span class='ocrx_word' id='word_1_190' title='bbox 380 3365 532 3430; x_wconf 88' lang='lat' dir='ltr'><strong>nimirum</strong></span> <span class='ocrx_word' id='word_1_191' title='bbox 554 3358 645 3452; x_wconf 85' lang='lat' dir='ltr'><strong>quod</strong></span> <span class='ocrx_word' id='word_1_192' title='bbox 664 3364 846 3450; x_wconf 89' lang='lat' dir='ltr'><strong>postposita</strong></span> <span class='ocrx_word' id='word_1_193' title='bbox 868 3365 955 3429; x_wconf 89' lang='lat' dir='ltr'><strong>omni</strong></span> <span class='ocrx_word' id='word_1_194' title='bbox 976 3362 1164 3450; x_wconf 75' lang='lat' dir='ltr'><strong>dogmatum</strong></span> <span class='ocrx_word' id='word_1_195' title='bbox 1186 3371 1378 3436; x_wconf 82' lang='lat' dir='ltr'><strong>tractatione</strong></span> 
     </span>
     <span class='ocr_line' id='line_1_25' title="bbox 50 3466 1375 3557; baseline 0.005 -24"><span class='ocrx_word' id='word_1_196' title='bbox 50 3467 87 3534; x_wconf 92' lang='lat' dir='ltr'><strong>de</strong></span> <span class='ocrx_word' id='word_1_197' title='bbox 109 3469 185 3536; x_wconf 91' lang='lat' dir='ltr'><strong>sola</strong></span> <span class='ocrx_word' id='word_1_198' title='bbox 213 3490 315 3557; x_wconf 87' lang='lat' dir='ltr'><strong>eaque</strong></span> <span class='ocrx_word' id='word_1_199' title='bbox 342 3471 489 3554; x_wconf 81' lang='lat' dir='ltr'><strong>rigorose</strong></span> <span class='ocrx_word' id='word_1_200' title='bbox 517 3466 744 3534; x_wconf 75' lang='lat' dir='ltr'><strong>reformatione</strong></span> <span class='ocrx_word' id='word_1_201' title='bbox 774 3488 853 3533; x_wconf 89' lang='lat' dir='ltr'><strong>cura</strong></span> <span class='ocrx_word' id='word_1_202' title='bbox 881 3469 1085 3554; x_wconf 88' lang='lat' dir='ltr'><strong>suscipiatur.</strong></span> <span class='ocrx_word' id='word_1_203' title='bbox 1120 3491 1223 3556; x_wconf 89' lang='lat' dir='ltr'><strong>quare</strong></span> <span class='ocrx_word' id='word_1_204' title='bbox 1245 3473 1375 3539; x_wconf 91' lang='lat' dir='ltr'><strong>omnino</strong></span> 
     </span>
     <span class='ocr_line' id='line_1_26' title="bbox 50 3568 1375 3662; baseline 0.002 -24"><span class='ocrx_word' id='word_1_205' title='bbox 50 3595 192 3662; x_wconf 83' lang='lat' dir='ltr'><strong>aequum</strong></span> <span class='ocrx_word' id='word_1_206' title='bbox 220 3581 253 3638; x_wconf 92' lang='lat' dir='ltr'><strong>et</strong></span> <span class='ocrx_word' id='word_1_207' title='bbox 274 3573 391 3640; x_wconf 88' lang='lat' dir='ltr'><strong>rationi</strong></span> <span class='ocrx_word' id='word_1_208' title='bbox 405 3580 658 3638; x_wconf 89' lang='lat' dir='ltr'><strong>consentaneum</strong></span> <span class='ocrx_word' id='word_1_209' title='bbox 680 3579 729 3636; x_wconf 90' lang='lat' dir='ltr'><strong>est</strong></span> <span class='ocrx_word' id='word_1_210' title='bbox 751 3569 838 3658; x_wconf 91' lang='lat' dir='ltr'><strong>quod</strong></span> <span class='ocrx_word' id='word_1_211' title='bbox 860 3579 892 3635; x_wconf 90' lang='lat' dir='ltr'><strong>et</strong></span> <span class='ocrx_word' id='word_1_212' title='bbox 913 3568 1018 3636; x_wconf 85' lang='lat' dir='ltr'><strong>Gallis</strong></span> <span class='ocrx_word' id='word_1_213' title='bbox 1041 3579 1073 3636; x_wconf 92' lang='lat' dir='ltr'><strong>et</strong></span> <span class='ocrx_word' id='word_1_214' title='bbox 1095 3571 1167 3636; x_wconf 89' lang='lat' dir='ltr'><strong>aliis</strong></span> <span class='ocrx_word' id='word_1_215' title='bbox 1190 3575 1375 3641; x_wconf 89' lang='lat' dir='ltr'><strong>nationibus</strong></span> 
     </span>
     <span class='ocr_line' id='line_1_27' title="bbox 50 3673 1379 3762; baseline 0.005 -22"><span class='ocrx_word' id='word_1_216' title='bbox 50 3675 108 3744; x_wconf 85' lang='lat' dir='ltr'><strong>hac</strong></span> <span class='ocrx_word' id='word_1_217' title='bbox 137 3677 175 3742; x_wconf 90' lang='lat' dir='ltr'><strong>in</strong></span> <span class='ocrx_word' id='word_1_218' title='bbox 205 3697 241 3740; x_wconf 92' lang='lat' dir='ltr'><strong>re</strong></span> <span class='ocrx_word' id='word_1_219' title='bbox 267 3676 397 3742; x_wconf 90' lang='lat' dir='ltr'><strong>nomine</strong></span> <span class='ocrx_word' id='word_1_220' title='bbox 424 3684 535 3742; x_wconf 88' lang='lat' dir='ltr'><strong>nostro</strong></span> <span class='ocrx_word' id='word_1_221' title='bbox 565 3675 737 3758; x_wconf 87' lang='lat' dir='ltr'><strong>assistatis,</strong></span> <span class='ocrx_word' id='word_1_222' title='bbox 766 3673 912 3740; x_wconf 89' lang='lat' dir='ltr'><strong>adhibita</strong></span> <span class='ocrx_word' id='word_1_223' title='bbox 932 3681 1040 3740; x_wconf 84' lang='lat' dir='ltr'><strong>tamen</strong></span> <span class='ocrx_word' id='word_1_224' title='bbox 1064 3697 1192 3762; x_wconf 87' lang='lat' dir='ltr'><strong>semper</strong></span> <span class='ocrx_word' id='word_1_225' title='bbox 1213 3677 1324 3745; x_wconf 87' lang='lat' dir='ltr'><strong>debita</strong></span> <span class='ocrx_word' id='word_1_226' title='bbox 1347 3691 1379 3746; x_wconf 90' lang='lat' dir='ltr'><strong>et</strong></span> 
     </span>
     <span class='ocr_line' id='line_1_28' title="bbox 50 3775 1376 3866; baseline 0.003 -21"><span class='ocrx_word' id='word_1_227' title='bbox 50 3779 256 3846; x_wconf 84' lang='lat' dir='ltr'><strong>convenienti</strong></span> <span class='ocrx_word' id='word_1_228' title='bbox 283 3779 460 3866; x_wconf 87' lang='lat' dir='ltr'><strong>modestia,</strong></span> <span class='ocrx_word' id='word_1_229' title='bbox 487 3778 521 3844; x_wconf 94' lang='lat' dir='ltr'><strong>id</strong></span> <span class='ocrx_word' id='word_1_230' title='bbox 548 3778 634 3865; x_wconf 89' lang='lat' dir='ltr'><strong>quod</strong></span> <span class='ocrx_word' id='word_1_231' title='bbox 662 3785 695 3844; x_wconf 92' lang='lat' dir='ltr'><strong>et</strong></span> <span class='ocrx_word' id='word_1_232' title='bbox 716 3775 854 3844; x_wconf 90' lang='lat' dir='ltr'><strong>antehae</strong></span> <span class='ocrx_word' id='word_1_233' title='bbox 881 3778 1064 3843; x_wconf 90' lang='lat' dir='ltr'><strong>monuimus</strong></span> <span class='ocrx_word' id='word_1_234' title='bbox 1093 3788 1125 3844; x_wconf 88' lang='lat' dir='ltr'><strong>et</strong></span> <span class='ocrx_word' id='word_1_235' title='bbox 1145 3801 1233 3847; x_wconf 89' lang='lat' dir='ltr'><strong>nuuc</strong></span> <span class='ocrx_word' id='word_1_236' title='bbox 1260 3783 1376 3849; x_wconf 87' lang='lat' dir='ltr'><strong>iterum</strong></span> 
     </span>
     <span class='ocr_line' id='line_1_29' title="bbox 51 3878 1377 3970; baseline 0.002 -20"><span class='ocrx_word' id='word_1_237' title='bbox 51 3883 229 3950; x_wconf 89' lang='lat' dir='ltr'><strong>clementer</strong></span> <span class='ocrx_word' id='word_1_238' title='bbox 249 3905 428 3967; x_wconf 89' lang='lat' dir='ltr'><strong>monemus,</strong></span> <span class='ocrx_word' id='word_1_239' title='bbox 451 3885 497 3950; x_wconf 89' lang='lat' dir='ltr'><strong>ita</strong></span> <span class='ocrx_word' id='word_1_240' title='bbox 519 3882 643 3949; x_wconf 89' lang='lat' dir='ltr'><strong>scilicet</strong></span> <span class='ocrx_word' id='word_1_241' title='bbox 665 3889 710 3964; x_wconf 88' lang='lat' dir='ltr'><strong>ut,</strong></span> <span class='ocrx_word' id='word_1_242' title='bbox 733 3881 762 3946; x_wconf 92' lang='lat' dir='ltr'><strong>si</strong></span> <span class='ocrx_word' id='word_1_243' title='bbox 783 3878 872 3970; x_wconf 90' lang='lat' dir='ltr'><strong>quod</strong></span> <span class='ocrx_word' id='word_1_244' title='bbox 892 3878 1002 3946; x_wconf 88' lang='lat' dir='ltr'><strong>verbis</strong></span> <span class='ocrx_word' id='word_1_245' title='bbox 1030 3883 1148 3947; x_wconf 65' lang='lat' dir='ltr'><strong>nostis</strong></span> <span class='ocrx_word' id='word_1_246' title='bbox 1169 3883 1377 3970; x_wconf 71' lang='lat' dir='ltr'><strong>postulabitis</strong></span> 
     </span>
     <span class='ocr_line' id='line_1_30' title="bbox 49 3983 1378 4076; baseline 0.003 -24"><span class='ocrx_word' id='word_1_247' title='bbox 49 4011 112 4054; x_wconf 89' lang='lat' dir='ltr'><strong>non</strong></span> <span class='ocrx_word' id='word_1_248' title='bbox 128 3987 341 4072; x_wconf 88' lang='lat' dir='ltr'><strong>obtinueritis,</strong></span> <span class='ocrx_word' id='word_1_249' title='bbox 365 3995 538 4076; x_wconf 88' lang='lat' dir='ltr'><strong>propterea</strong></span> <span class='ocrx_word' id='word_1_250' title='bbox 552 4007 757 4074; x_wconf 86' lang='lat' dir='ltr'><strong>nequaquam</strong></span> <span class='ocrx_word' id='word_1_251' title='bbox 772 3983 816 4050; x_wconf 90' lang='lat' dir='ltr'><strong>ad</strong></span> <span class='ocrx_word' id='word_1_252' title='bbox 830 3984 1095 4071; x_wconf 88' lang='lat' dir='ltr'><strong>protestationem</strong></span> <span class='ocrx_word' id='word_1_253' title='bbox 1110 3985 1378 4074; x_wconf 88' lang='lat' dir='ltr'><strong>interponendam</strong></span> 
     </span>
     <span class='ocr_line' id='line_1_31' title="bbox 48 4087 1376 4178; baseline 0.002 -22"><span class='ocrx_word' id='word_1_254' title='bbox 48 4090 234 4177; x_wconf 81' lang='lat' dir='ltr'><strong>procedatis</strong></span> <span class='ocrx_word' id='word_1_255' title='bbox 255 4113 362 4178; x_wconf 91' lang='lat' dir='ltr'><strong>neque</strong></span> <span class='ocrx_word' id='word_1_256' title='bbox 384 4089 508 4178; x_wconf 84' lang='lat' dir='ltr'><strong>legatos</strong></span> <span class='ocrx_word' id='word_1_257' title='bbox 530 4098 586 4156; x_wconf 90' lang='lat' dir='ltr'><strong>aut</strong></span> <span class='ocrx_word' id='word_1_258' title='bbox 607 4099 716 4176; x_wconf 84' lang='lat' dir='ltr'><strong>patres</strong></span> <span class='ocrx_word' id='word_1_259' title='bbox 740 4109 812 4154; x_wconf 90' lang='lat' dir='ltr'><strong>cum</strong></span> <span class='ocrx_word' id='word_1_260' title='bbox 834 4087 1077 4173; x_wconf 88' lang='lat' dir='ltr'><strong>importunitate</strong></span> <span class='ocrx_word' id='word_1_261' title='bbox 1099 4111 1138 4156; x_wconf 88' lang='lat' dir='ltr'><strong>eo</strong></span> <span class='ocrx_word' id='word_1_262' title='bbox 1159 4092 1289 4158; x_wconf 91' lang='lat' dir='ltr'><strong>nomine</strong></span> <span class='ocrx_word' id='word_1_263' title='bbox 1310 4116 1376 4158; x_wconf 92' lang='lat' dir='ltr'><strong>mo·</strong></span> 
     </span>
     <span class='ocr_line' id='line_1_32' title="bbox 47 4189 1376 4284; baseline 0.003 -25"><span class='ocrx_word' id='word_1_264' title='bbox 47 4194 182 4280; x_wconf 87' lang='lat' dir='ltr'><strong>lestetis,</strong></span> <span class='ocrx_word' id='word_1_265' title='bbox 208 4195 286 4282; x_wconf 90' lang='lat' dir='ltr'><strong>quin</strong></span> <span class='ocrx_word' id='word_1_266' title='bbox 314 4195 422 4281; x_wconf 92' lang='lat' dir='ltr'><strong>potius</strong></span> <span class='ocrx_word' id='word_1_267' title='bbox 452 4193 649 4260; x_wconf 89' lang='lat' dir='ltr'><strong>decisionem</strong></span> <span class='ocrx_word' id='word_1_268' title='bbox 678 4190 794 4278; x_wconf 84' lang='lat' dir='ltr'><strong>synodi</strong></span> <span class='ocrx_word' id='word_1_269' title='bbox 816 4189 956 4280; x_wconf 89' lang='lat' dir='ltr'><strong>desuper</strong></span> <span class='ocrx_word' id='word_1_270' title='bbox 978 4192 1092 4280; x_wconf 89' lang='lat' dir='ltr'><strong>aequis</strong></span> <span class='ocrx_word' id='word_1_271' title='bbox 1122 4193 1237 4260; x_wconf 90' lang='lat' dir='ltr'><strong>animis</strong></span> <span class='ocrx_word' id='word_1_272' title='bbox 1260 4218 1376 4284; x_wconf 84' lang='lat' dir='ltr'><strong>expec-</strong></span> 
     </span>
     <span class='ocr_line' id='line_1_33' title="bbox 48 4302 198 4368; baseline -0.007 -1"><span class='ocrx_word' id='word_1_273' title='bbox 48 4302 123 4368; x_wconf 87' lang='lat' dir='ltr'><strong>tetis</strong></span> <span class='ocrx_word' id='word_1_274' title='bbox 138 4347 147 4366; x_wconf 91' lang='lat'>.</span> <span class='ocrx_word' id='word_1_275' title='bbox 164 4345 198 4366; x_wconf 89' lang='lat'><strong>..</strong></span> 
     </span>
    </p>

    <p class='ocr_par' dir='ltr' id='par_1_8' title="bbox 47 4397 1377 4804">
     <span class='ocr_line' id='line_1_34' title="bbox 150 4397 1375 4492; baseline -0.002 -20"><span class='ocrx_word' id='word_1_276' title='bbox 150 4402 323 4472; x_wconf 80' lang='lat' dir='ltr'><strong>Caeterum</strong></span> <span class='ocrx_word' id='word_1_277' title='bbox 346 4403 433 4492; x_wconf 90' lang='lat' dir='ltr'><strong>quod</strong></span> <span class='ocrx_word' id='word_1_278' title='bbox 455 4424 522 4470; x_wconf 90' lang='lat' dir='ltr'><strong>non</strong></span> <span class='ocrx_word' id='word_1_279' title='bbox 543 4423 621 4469; x_wconf 86' lang='lat' dir='ltr'><strong>mox</strong></span> <span class='ocrx_word' id='word_1_280' title='bbox 642 4400 811 4488; x_wconf 90' lang='lat' dir='ltr'><strong>epistolam</strong></span> <span class='ocrx_word' id='word_1_281' title='bbox 833 4408 977 4468; x_wconf 86' lang='lat' dir='ltr'><strong>nostram</strong></span> <span class='ocrx_word' id='word_1_282' title='bbox 999 4398 1067 4466; x_wconf 65' lang='lat'>1³²¹·</span> <span class='ocrx_word' id='word_1_283' title='bbox 1092 4397 1311 4468; x_wconf 89' lang='lat' dir='ltr'><strong>cardinalibus</strong></span> <span class='ocrx_word' id='word_1_284' title='bbox 1332 4403 1375 4468; x_wconf 92' lang='lat' dir='ltr'><strong>le·</strong></span> 
     </span>
     <span class='ocr_line' id='line_1_35' title="bbox 47 4503 1376 4595; baseline 0 -23"><span class='ocrx_word' id='word_1_285' title='bbox 47 4509 132 4593; x_wconf 85' lang='lat' dir='ltr'><strong>gatis</strong></span> <span class='ocrx_word' id='word_1_286' title='bbox 146 4505 362 4590; x_wconf 87' lang='lat' dir='ltr'><strong>reddideritis,</strong></span> <span class='ocrx_word' id='word_1_287' title='bbox 383 4509 450 4572; x_wconf 90' lang='lat' dir='ltr'><strong>iam</strong></span> <span class='ocrx_word' id='word_1_288' title='bbox 461 4514 558 4572; x_wconf 84' lang='lat' dir='ltr'><strong>antea</strong></span> <span class='ocrx_word' id='word_1_289' title='bbox 567 4504 661 4571; x_wconf 86' lang='lat' dir='ltr'><strong>vobis</strong></span> <span class='ocrx_word' id='word_1_290' title='bbox 673 4505 812 4592; x_wconf 82' lang='lat' dir='ltr'><strong>benigne</strong></span> <span class='ocrx_word' id='word_1_291' title='bbox 828 4503 1081 4591; x_wconf 82' lang='lat' dir='ltr'><strong>significavimus</strong></span> <span class='ocrx_word' id='word_1_292' title='bbox 1095 4524 1156 4569; x_wconf 90' lang='lat' dir='ltr'><strong>nos</strong></span> <span class='ocrx_word' id='word_1_293' title='bbox 1170 4525 1376 4595; x_wconf 90' lang='lat' dir='ltr'><strong>nequaquam</strong></span> 
     </span>
     <span class='ocr_line' id='line_1_36' title="bbox 48 4605 1377 4698; baseline 0 -22"><span class='ocrx_word' id='word_1_294' title='bbox 48 4609 189 4696; x_wconf 89' lang='lat' dir='ltr'><strong>probare</strong></span> <span class='ocrx_word' id='word_1_295' title='bbox 207 4612 361 4698; x_wconf 88' lang='lat' dir='ltr'><strong>potuisse,</strong></span> <span class='ocrx_word' id='word_1_296' title='bbox 384 4611 479 4677; x_wconf 91' lang='lat' dir='ltr'><strong>sicuti</strong></span> <span class='ocrx_word' id='word_1_297' title='bbox 493 4609 638 4697; x_wconf 84' lang='lat' dir='ltr'><strong>profecto</strong></span> <span class='ocrx_word' id='word_1_298' title='bbox 660 4629 721 4674; x_wconf 87' lang='lat' dir='ltr'><strong>uec</strong></span> <span class='ocrx_word' id='word_1_299' title='bbox 743 4606 824 4675; x_wconf 89' lang='lat' dir='ltr'><strong>illud</strong></span> <span class='ocrx_word' id='word_1_300' title='bbox 838 4605 932 4674; x_wconf 89' lang='lat' dir='ltr'><strong>nobis</strong></span> <span class='ocrx_word' id='word_1_301' title='bbox 954 4605 1063 4695; x_wconf 87' lang='lat' dir='ltr'><strong>placet</strong></span> <span class='ocrx_word' id='word_1_302' title='bbox 1079 4605 1166 4694; x_wconf 90' lang='lat' dir='ltr'><strong>quod</strong></span> <span class='ocrx_word' id='word_1_303' title='bbox 1181 4606 1289 4675; x_wconf 85' lang='lat' dir='ltr'><strong>adhuc</strong></span> <span class='ocrx_word' id='word_1_304' title='bbox 1303 4619 1377 4696; x_wconf 91' lang='lat' dir='ltr'><strong>post</strong></span> 
     </span>
     <span class='ocr_line' id='line_1_37' title="bbox 49 4708 1375 4804; baseline -0.002 -24"><span class='ocrx_word' id='word_1_305' title='bbox 49 4713 228 4780; x_wconf 88' lang='lat' dir='ltr'><strong>discessum</strong></span> <span class='ocrx_word' id='word_1_306' title='bbox 250 4713 486 4804; x_wconf 88' lang='lat' dir='ltr'><strong>archiepiscopi</strong></span> <span class='ocrx_word' id='word_1_307' title='bbox 496 4713 668 4800; x_wconf 84' lang='lat' dir='ltr'><strong>Prsgensis</strong></span> <span class='ocrx_word' id='word_1_308' title='bbox 683 4734 754 4778; x_wconf 91' lang='lat' dir='ltr'><strong>eam</strong></span> <span class='ocrx_word' id='word_1_309' title='bbox 775 4711 969 4778; x_wconf 89' lang='lat' dir='ltr'><strong>inmanibus</strong></span> <span class='ocrx_word' id='word_1_310' title='bbox 981 4708 1185 4793; x_wconf 88' lang='lat' dir='ltr'><strong>retinueritis,</strong></span> <span class='ocrx_word' id='word_1_311' title='bbox 1200 4732 1274 4776; x_wconf 88' lang='lat' dir='ltr'><strong>curn</strong></span> <span class='ocrx_word' id='word_1_312' title='bbox 1290 4712 1375 4778; x_wconf 90' lang='lat' dir='ltr'><strong>idem</strong></span> 
     </span>
    </p>
   </div>
   <div class='ocr_carea' id='block_1_8' title="bbox 48 4811 1373 5114">
    <p class='ocr_par' dir='ltr' id='par_1_9' title="bbox 48 4811 1373 5114">
     <span class='ocr_line' id='line_1_38' title="bbox 48 4811 1373 4906; baseline -0.002 -22"><span class='ocrx_word' id='word_1_313' title='bbox 48 4817 311 4906; x_wconf 85' lang='lat' dir='ltr'><strong>archiepiscopus</strong></span> <span class='ocrx_word' id='word_1_314' title='bbox 334 4817 428 4886; x_wconf 87' lang='lat' dir='ltr'><strong>nobis</strong></span> <span class='ocrx_word' id='word_1_315' title='bbox 453 4815 597 4884; x_wconf 87' lang='lat' dir='ltr'><strong>retulerit</strong></span> <span class='ocrx_word' id='word_1_316' title='bbox 623 4815 789 4882; x_wconf 89' lang='lat' dir='ltr'><strong>decretum</strong></span> <span class='ocrx_word' id='word_1_317' title='bbox 811 4824 844 4882; x_wconf 88' lang='lat' dir='ltr'><strong>et</strong></span> <span class='ocrx_word' id='word_1_318' title='bbox 866 4815 1073 4881; x_wconf 90' lang='lat' dir='ltr'><strong>coustitutum</strong></span> <span class='ocrx_word' id='word_1_319' title='bbox 1094 4811 1177 4878; x_wconf 89' lang='lat' dir='ltr'><strong>iuter</strong></span> <span class='ocrx_word' id='word_1_320' title='bbox 1197 4836 1257 4880; x_wconf 87' lang='lat' dir='ltr'><strong>vos</strong></span> <span class='ocrx_word' id='word_1_321' title='bbox 1273 4815 1373 4881; x_wconf 88' lang='lat' dir='ltr'><strong>fuisse</strong></span> 
     </span>
     <span class='ocr_line' id='line_1_39' title="bbox 49 4915 1373 5010; baseline -0.002 -23"><span class='ocrx_word' id='word_1_322' title='bbox 49 4933 85 4988; x_wconf 86' lang='lat' dir='ltr'><strong>ut</strong></span> <span class='ocrx_word' id='word_1_323' title='bbox 105 4920 305 5006; x_wconf 85' lang='lat' dir='ltr'><strong>redderetur,</strong></span> <span class='ocrx_word' id='word_1_324' title='bbox 329 4919 586 5010; x_wconf 82' lang='lat' dir='ltr'><strong>quamprimum</strong></span> <span class='ocrx_word' id='word_1_325' title='bbox 609 4921 680 5008; x_wconf 92' lang='lat' dir='ltr'><strong>ipse</strong></span> <span class='ocrx_word' id='word_1_326' title='bbox 702 4918 819 4986; x_wconf 88' lang='lat' dir='ltr'><strong>isthinc</strong></span> <span class='ocrx_word' id='word_1_327' title='bbox 839 4918 1002 5009; x_wconf 86' lang='lat' dir='ltr'><strong>profectus</strong></span> <span class='ocrx_word' id='word_1_328' title='bbox 1023 4916 1147 4982; x_wconf 78' lang='lat' dir='ltr'><strong>fruisset</strong></span> <span class='ocrx_word' id='word_1_329' title='bbox 1170 4915 1281 5004; x_wconf 86' lang='lat' dir='ltr'><strong>itaque</strong></span> <span class='ocrx_word' id='word_1_330' title='bbox 1303 4940 1373 5006; x_wconf 79' lang='lat' dir='ltr'><strong>per=</strong></span> 
     </span>
     <span class='ocr_line' id='line_1_40' title="bbox 48 5015 1371 5114; baseline -0.008 -22"><span class='ocrx_word' id='word_1_331' title='bbox 48 5025 242 5096; x_wconf 86' lang='lat' dir='ltr'><strong>suassimum</strong></span> <span class='ocrx_word' id='word_1_332' title='bbox 263 5024 420 5098; x_wconf 87' lang='lat' dir='ltr'><strong>habemus</strong></span> <span class='ocrx_word' id='word_1_333' title='bbox 438 5046 505 5107; x_wconf 89' lang='lat' dir='ltr'><strong>vos,</strong></span> <span class='ocrx_word' id='word_1_334' title='bbox 529 5023 671 5110; x_wconf 87' lang='lat' dir='ltr'><strong>acceptis</strong></span> <span class='ocrx_word' id='word_1_335' title='bbox 694 5024 850 5114; x_wconf 88' lang='lat' dir='ltr'><strong>proximis</strong></span> <span class='ocrx_word' id='word_1_336' title='bbox 871 5021 972 5090; x_wconf 83' lang='lat' dir='ltr'><strong>literis</strong></span> <span class='ocrx_word' id='word_1_337' title='bbox 999 5043 1040 5088; x_wconf 89' lang='lat' dir='ltr'><strong>ac</strong></span> <span class='ocrx_word' id='word_1_338' title='bbox 1061 5015 1220 5091; x_wconf 77' lang='lat' dir='ltr'><strong>mandatis</strong></span> <span class='ocrx_word' id='word_1_339' title='bbox 1243 5022 1371 5108; x_wconf 78' lang='lat' dir='ltr'><strong>nostris,</strong></span> 
     </span>
    </p>
   </div>
   <div class='ocr_carea' id='block_1_9' title="bbox 0 0 1734 5826">
    <p class='ocr_par' dir='ltr' id='par_1_10' title="bbox 0 0 1734 5826">
     <span class='ocr_line' id='line_1_41' title="bbox 0 0 1734 5826; baseline 0 6"><span class='ocrx_word' id='word_1_340' title='bbox 0 0 1734 5826; x_wconf 95' lang='lat' dir='ltr'><strong> </strong></span> 
     </span>
    </p>
   </div>
  </div>
 </body>
</html>
