3512 5838
91 669 243 740 dabimus
259 695 393 762 operam
414 682 468 758 ut,
492 697 565 740 cum
579 673 735 742 hactenus
750 675 921 760 impetrare
933 696 997 740 non
1019 676 1217 762 potuerimus
1241 695 1304 758 quo
1327 673 1421 738 iuter-

90 775 196 842 missis
219 775 428 865 dogmatibus
457 776 498 844 de
525 777 751 844 reformatione
772 787 930 864 ageretur,
968 775 1081 842 saltem
1108 800 1195 842 nuuc
1222 776 1356 842 alterum
1380 776 1421 842 ab

90 878 192 947 altero
215 901 286 946 non
308 889 536 968 separetur...
559 903 624 948 non
646 899 748 968 parva
770 882 866 946 ctiam
889 903 930 946 ex
953 890 1044 967 parte
1066 883 1269 946 matrimonia
1296 879 1421 946 claude·

90 984 173 1049 stine
194 984 426 1072 prorogandae
450 983 545 1049 huius
571 985 723 1050 sessionis
749 1007 879 1050 causam
904 983 1128 1070 praebuerunt.
1160 1007 1234 1048 nam
1263 984 1337 1050 licet
1361 985 1422 1050 150

88 1086 154 1152 iere
178 1087 338 1176 suffragia
360 1088 489 1154 firerunt
511 1111 595 1177 quac
620 1111 751 1176 prorsus
778 1087 920 1154 tollenda
943 1086 995 1152 vel
1017 1087 1205 1175 abroganda
1227 1110 1267 1152 ea
1293 1110 1423 1154 censue·

87 1199 175 1275 runt,
211 1190 257 1258 60
284 1201 393 1260 tamen
420 1201 453 1258 et
479 1190 602 1281 aliquot
623 1201 732 1278 patres
755 1193 929 1257 etiamnum
959 1213 1024 1256 nou
1046 1214 1179 1278 parvam
1202 1190 1422 1258 difficultatem

90 1295 159 1358 suis
187 1295 475 1362 reclamationibus
504 1295 598 1361 nobe
626 1295 798 1382 praebent,
828 1295 945 1382 quibus
973 1305 1009 1359 ut
1031 1317 1069 1360 eo
1103 1296 1207 1382 magis
1235 1295 1421 1376 satisfieret,

86 1395 143 1460 R¹¹¹
163 1396 208 1463 D.
232 1398 333 1484 legati
356 1399 559 1464 doctissimos
580 1416 726 1486 quosque
739 1398 906 1483 theologos
923 1421 964 1463 ex
981 1397 1127 1463 omnibus
1149 1399 1216 1463 fere
1238 1398 1421 1465 nationibus

90 1498 159 1565 heri
175 1500 352 1590 aptandis
367 1503 403 1566 in
412 1501 548 1589 privatis
561 1499 696 1568 aedibus
706 1511 910 1584 convocatos,
927 1499 1034 1565 multis
1043 1499 1264 1588 praesentibus
1276 1502 1422 1590 patribus

90 1601 131 1668 ad
143 1604 179 1669 id
191 1603 378 1692 specialiter
384 1607 518 1691 vocatis,
531 1605 729 1692 disputantes
739 1604 918 1687 audierunt,
935 1603 1023 1692 quod
1038 1603 1133 1670 hodie
1146 1605 1420 1692 qucquefuturum

90 1716 148 1774 est.
171 1730 214 1774 ac
239 1731 313 1776 cum
334 1731 394 1774 nos
417 1708 504 1797 apud
526 1709 607 1774 ΒΜ·
634 1709 673 1773 l).
696 1709 865 1774 Maronem
888 1731 952 1774 non
975 1710 1042 1774 sine
1065 1707 1175 1795 aliqua
1190 1708 1321 1796 querela
1335 1731 1422 1774 men-

89 1810 215 1878 tionem
240 1813 439 1892 fecissemus,
464 1814 540 1900 quia
562 1813 675 1878 maiori
697 1814 781 1898 parti
803 1821 931 1898 patrum
953 1811 1188 1898 praeiudicium
1211 1812 1273 1877 hac
1301 1815 1423 1878 ratione

90 1912 161 1979 lieri
184 1914 382 1994 videremus,
405 1915 573 2004 respondit
595 1936 631 1982 se
653 1925 686 1981 et
708 1915 850 2002 collegas
876 1937 950 1981 suos
983 1915 1016 1980 id
1046 1932 1111 1981 non
1134 1913 1198 1981 alio
1222 1915 1355 1982 consilio
1379 1917 1424 1983 fa·

95 2041 180 2098 cere,
206 2041 306 2110 quam
328 2030 365 2087 ut
385 2043 427 2088 ex
450 2023 565 2086 animis
588 2021 720 2086 minoris
747 2022 848 2109 partis
871 2031 997 2108 patrum
1022 2019 1232 2086 dubitationis
1256 2023 1424 2112 scrupulos

95 2124 258 2192 eximeret
278 2133 379 2213 utque
402 2123 528 2190 facilius
552 2127 714 2193 communi
736 2125 914 2192 sententiae
937 2123 1137 2190 accederent.
1162 2123 1232 2190 ΒΜ
1256 2125 1296 2190 D.
1314 2125 1349 2192 C.
1362 2127 1424 2194 Lc-

93 2224 268 2314 tharingus
290 2227 387 2295 hodie
409 2227 503 2293 nobis
527 2229 721 2315 significavit
744 2252 779 2294 se
802 2247 919 2313 cupere
942 2237 977 2292 ut
999 2226 1081 2294 haec
1105 2229 1204 2294 sessio
1221 2228 1264 2294 ad
1281 2232 1424 2316 spacium

95 2331 193 2395 unius
216 2333 338 2398 mensis
360 2341 393 2397 et
414 2331 500 2396 ultra
522 2331 696 2414 differatur,
730 2353 793 2419 quc
810 2331 881 2396 ·ille
914 2332 1048 2396 Romam
1082 2331 1129 2394 ire
1163 2341 1195 2396 et
1215 2331 1280 2397 huc
1307 2337 1424 2402 reverti

95 2451 233 2522 quoque
255 2434 423 2500 commode
445 2435 570 2522 possit.
586 2484 594 2499 .
611 2484 618 2498 .

239 2621 352 2674 Beuutat
368 2626 395 2674 in
413 2623 480 2675 Pali.
498 2625 556 2675 895.
574 2623 634 2690 Vgl.
652 2624 718 2674 tiber
736 2623 778 2674 die
797 2621 945 2688 damaligen
963 2623 1006 2674 die
1018 2623 1124 2674 Reform
1142 2625 1195 2674 und
1215 2623 1262 2674 das
1280 2623 1424 2677 Ehesacra·

165 2713 243 2761 ment
259 2709 439 2762 betreti'endsn
457 2709 678 2777 Varhandlungan
697 2709 836 2760 Msudham
855 2711 920 2772 5963
939 2709 1023 2775 Rayn.
1043 2711 1088 2762 Nr.
1109 2711 1171 2772 1533
1191 2711 1256 2761 t'nli.
1275 2713 1412 2764 sss-890

165 2796 285 2848 Beccad.
305 2799 328 2860 2,
349 2799 491 2848 itt-123.
510 2797 561 2847 Die
581 2795 795 2863 Unmttglichlreit
817 2795 873 2846 sich
897 2797 963 2846 tiber
987 2797 1028 2846 dis
1052 2797 1189 2862 grhaimen
1206 2797 1281 2846 Eheu
1305 2815 1338 2848 zu
1361 2815 1420 2850 rer-

167 2882 319 2948 stttndigen‚
336 2882 399 2933 liess
418 2881 486 2934 auch
506 2882 548 2933 die
566 2883 653 2949 Frage
671 2883 841 2947 auttaucheu,
858 2883 998 2932 innieweit
1018 2881 1064 2933 drr
1082 2881 1237 2950 eligemeiuc
1250 2883 1365 2935 consens
1384 2887 1426 2938 litr

166 2967 418 3020 Concilbeschlttsse
438 2969 608 3021 erforderlich
628 2971 665 3019 sei
683 2969 772 3036 (Bere.
795 2971 849 3019 100.
872 2967 943 3035 121).

242 3055 290 3105 Ich
310 3054 381 3106 reihe
399 3055 457 3106 hier
473 3055 560 3122 gleich
578 3056 701 3121 Ausrttge
719 3073 771 3106 ron
789 3058 914 3106 uellerea
931 3055 1073 3106 Berichteu
1098 3055 1144 3105 der
1162 3055 1290 3106 Oratoren
1309 3073 1349 3108 an.
1376 3059 1425 3108 Am

174 3139 284 3206 tiflept.
313 3139 396 3210 (Orig.
415 3143 442 3192 in
461 3142 511 3192 den
530 3143 707 3194 Innrbruclrer
725 3141 754 3193 C.
772 3143 813 3208 a)
842 3143 915 3193 hatte
933 3143 1000 3192 Brus
1024 3142 1082 3192 dem
1107 3141 1258 3208 Errherrog
1275 3143 1425 3195 Fordinand

169 3243 200 3281 u.
220 3242 244 3279 a.
263 3227 448 3294 gesehrieben:
475 3228 519 3278 dis
542 3227 709 3290 Romischen,
734 3228 918 3280 sonderlichen
943 3228 984 3278 die
1008 3229 1161 3280 canonisten
1179 3230 1265 3278 seindt
1284 3230 1329 3278 der
1346 3228 1429 3280 reior-

172 3315 276 3365 rnrttion
303 3313 356 3365 last
374 3314 503 3374 nunidem
540 3314 608 3366 dccli
633 3315 738 3364 werden
761 3316 800 3365 sie
827 3314 921 3365 auders
940 3315 1025 3364 nichts
1044 3314 1170 3376 schnffcn,
1198 3317 1235 3365 eie
1259 3315 1355 3366 wolten
1375 3316 1426 3368 dau

171 3400 222 3452 das
241 3399 382 3450 concilium
401 3400 486 3451 ethna
504 3401 587 3450 durch
606 3401 746 3466 pralrtttreu
775 3405 933 3450 aartrenuen.
962 3399 1004 3449 dte
1029 3401 1176 3465 bapstliche
1195 3401 1228 3450 Ηι
1248 3401 1293 3451 irat
1315 3415 1363 3452 uns
1382 3403 1429 3453 der

171 3482 206 3537 K.
224 3485 262 3536 Ml
280 3492 402 3538 oratoren
420 3487 586 3550 auentbuten,
605 3489 651 3537 wir
668 3487 755 3537 solten
773 3501 822 3536 nur
840 3502 873 3536 an
887 3485 922 3537 all
941 3488 1022 3536 scheu
1035 3487 1077 3537 die
1089 3486 1186 3537 sachen
1200 3488 1247 3536 der
1259 3488 1428 3540 reformation

173 3573 286 3638 treybcn
304 3573 358 3623 und
377 3573 512 3640 dnrynnen
524 3573 656 3624 anhaltsn.
676 3602 709 3611 -
728 3575 777 3624 Am
791 3575 822 3624 17
835 3573 939 3624 melden
953 3573 995 3623 die
1009 3573 1138 3624 Oratoren
1152 3573 1209 3623 dem
1223 3573 1318 3624 Kaisar
1330 3572 1371 3640 (O.
1384 3575 1427 3640 Δ.)

174 3657 236 3710 dass
254 3659 297 3710 dis
315 3659 364 3710 nui
380 3659 431 3710 den
451 3661 482 3711 16
502 3661 673 3714 aubertumte
692 3659 802 3727 Sttmng
815 3661 854 3710 bis
867 3675 925 3710 zum
942 3663 971 3710 11
986 3659 1135 3710 November
1147 3660 1310 3710 ver-schoben
1323 3660 1429 3712 worden

176 3745 219 3794 ist.
242 3773 264 3781 —
290 3745 362 3810 Tage
381 3745 478 3796 darauf
493 3745 629 3797 berichtcn
649 3745 756 3814 sie(ib.)
775 3747 843 3796 nach
863 3745 995 3812 Empfung
1012 3761 1065 3797 von
1082 3747 1127 3796 Nr.
1147 3747 1287 3797 CCLXXX
1311 3747 1428 3797 eusfithr-

174 3830 267 3882 licher.
285 3829 330 3881 Sis
348 3831 454 3882 werden
473 3831 524 3882 den
542 3838 668 3883 neuesten
686 3831 849 3898 Weisungen
861 3833 1088 3883 nachzukommen
1101 3833 1209 3896 suchen,
1228 3835 1347 3898 quamvis
1360 3835 1427 3884 hese

177 3915 212 3968 ad
230 3918 353 3968 amussim
372 3919 470 3968 servari
487 3917 532 3968 vix
548 3919 670 3984 poterint,
689 3933 749 3969 curn
767 3917 903 3969 videamus
922 3925 1009 3984 patrer
1029 3921 1055 3968 in
1074 3919 1194 3969 dicendis
1223 3921 1359 3969 sententiis
1377 3937 1430 3970 non

176 4005 307 4070 corrigere
325 4007 426 4054 tautum
446 4019 478 4054 ea
496 4005 592 4070 capita,
611 4019 702 4056 verum
721 4007 800 4056 etiam
819 4007 957 4068 invertere,
976 4007 1014 4055 ita
1031 4010 1061 4054 ut
1080 4005 1106 4054 id
1126 4005 1196 4070 quod
1209 4005 1280 4070 prius
1294 4003 1352 4056 finis
1366 4013 1429 4066 erat,

178 4093 273 4155 postea
290 4089 446 4154 principium
469 4096 496 4140 et
513 4095 605 4141 contra
623 4093 804 4143 constituatur.
823 4097 852 4141 ut
872 4093 960 4156 capita
978 4093 1074 4142 omissa
1092 4092 1262 4142 restituantur
1275 4128 1280 4139 .
1295 4130 1322 4142 ..
1342 4091 1429 4142 elaho·

175 4174 300 4228 rabirnus,
319 4173 407 4225 Heute
425 4175 471 4226 hat
490 4176 536 4226 der
553 4175 710 4244 Lothringer
727 4179 800 4228 seine
825 4175 903 4227 Reise
931 4177 999 4227 nach
1017 4177 1083 4227 Rom
1109 4181 1270 4243 angetreten,
1299 4177 1428 4228 nachdeur

178 4275 207 4311 er
223 4260 303 4311 ihnen
321 4260 391 4312 nccll
408 4261 554 4314 versichert
570 4262 628 4314 hat:
647 4279 676 4314 se
694 4266 771 4314 etiam
790 4265 818 4314 in
834 4264 893 4329 ipsa
905 4263 976 4314 Urbe
994 4265 1153 4329 privatorum
1172 4264 1366 4315 commodorum
1386 4265 1431 4314 ob-

175 4345 251 4397 litum
270 4345 346 4398 deum
366 4351 445 4414 atque
461 4349 601 4401 universae
620 4349 713 4401 thm
733 4351 895 4416 reipublicae
915 4349 1053 4401 commoda
1077 4365 1180 4416 semper
1203 4363 1265 4416 prae
1284 4351 1367 4400 ocutis
1385 4351 1429 4402 lra-

176 4433 292 4484 hitnrum
310 4433 483 4500 datemmque
501 4435 618 4502 inprimis
637 4451 751 4502 operam,
770 4443 799 4486 nt
817 4438 884 4488 haec
903 4437 1058 4488 universalis
1083 4439 1202 4487 instituta
1225 4437 1373 4488 reformatio
1393 4437 1429 4488 se-

177 4520 264 4570 liciter
282 4524 309 4571 st
327 4522 409 4588 magis
428 4519 512 4571 solide
530 4521 674 4587 procedere
692 4523 775 4590 possit
802 4523 860 4574 Von
873 4523 932 4573 dem
948 4523 1080 4573 Versuchs
1093 4523 1135 4572 die
1155 4521 1218 4572 Znhl
1232 4521 1278 4573 der
1291 4521 1430 4574 Cardiniile

180 4605 404 4686 ciuauschrtinkep
422 4607 527 4657 lrttnnen
546 4609 584 4658 sie
603 4608 659 4658 sich
677 4608 751 4659 nicht
769 4608 862 4675 Eriolg
880 4610 1061 4674 versprcchen.
1080 4611 1132 4659 Die
1145 4609 1291 4659 Aninahme
1305 4611 1350 4658 der
1364 4610 1429 4659 Con·

179 4691 327 4744 cluvehulle
344 4695 371 4743 iu
390 4691 432 4743 die
451 4693 624 4745 Concilacten
642 4695 746 4746 scheint
763 4695 831 4745 auch
850 4697 960 4746 Morene
979 4712 1012 4745 zu
1029 4695 1179 4746 wttnsclren.
1204 4697 1254 4745 ine
1273 4697 1429 4745 Instruction

177 4778 279 4830 mrito
302 4779 327 4828 in
347 4778 451 4829 Sachen
476 4777 522 4829 des
544 4779 643 4830 Kelchs
670 4781 738 4831 nach
763 4781 828 4830 liern
856 4781 1079 4832 ahzuordnendeu
1108 4782 1259 4832 Gesandtcn
1288 4782 1373 4844 (Anni.
1398 4797 1429 4829 nn

179 4863 225 4915 Nr.
246 4861 413 4926 ccuxxul)
432 4863 517 4915 haben
536 4866 573 4914 sie
592 4865 699 4930 gelesen
716 4867 770 4917 und
790 4867 865 4917 Luna
883 4869 1048 4933 mitgctlreilt.
1069 4869 1113 4918 Sis
1131 4873 1224 4932 trugen
1243 4867 1293 4918 den
1312 4869 1430 4932 Legaten

180 4949 224 5002 dle
241 4949 313 5001 Bitte
331 4949 377 5000 des
394 4949 502 5002 Kaiscra
518 4967 567 5002 vor
585 4951 645 5002 dass
665 4953 707 5002 die
718 4952 832 5019 Vorlage
852 4955 905 5003 und
924 4955 1079 5005 Discussion
1099 4954 1145 5004 des
1163 4957 1204 5004 36.
1218 4952 1431 5003 Resormartilrels

178 5041 282 5104 vertagt
298 5033 398 5102 werde,
421 5037 477 5088 und
504 5037 630 5090 erhisltsu
653 5043 740 5090 auersi
762 5039 805 5090 die
830 5040 960 5091 Autwort:
993 5053 1021 5090 se
1040 5041 1156 5106 inprimis
1184 5041 1333 5091 desiderare
1357 5044 1386 5089 ut
1404 5041 1429 5090 in

162 5155 252 5201 Sintai
265 5169 284 5200 ι.
302 5157 328 5200 c.
342 5155 364 5198 d.
378 5153 470 5199 Consiu-
1229 5145 1261 5193 89
