3532 5832
684 999 912 1084 XXXVII.

131 1221 336 1298 lleaolutto
370 1216 413 1294 0.
443 1217 510 1299 ΜΨ
543 1221 578 1294 in
609 1219 767 1317 neqoeio
795 1217 944 1292 concilii
974 1238 1044 1313 pro
1072 1239 1222 1292 summo
1251 1218 1452 1314 pontifice;

610 1373 716 1437 Wien,
735 1374 781 1424 20.
799 1370 880 1422 Juni
899 1373 989 1424 1560.

294 1555 478 1610 lambertolter
494 1553 674 1610 &adicem
711 1551 781 1622 Hest
794 1551 992 1625 yleicbmitiper
1006 1549 1182 1620 dbscbriflen
1196 1551 1251 1606 Ns.
1268 1553 1297 1606 5.

234 1734 267 1800 S.
280 1734 317 1802 C.
329 1735 398 1800 Mn·
407 1734 450 1800 Ι).
466 1743 576 1802 noster
590 1735 868 1813 clementissimus,
881 1741 1096 1822 posteaquam
1112 1729 1331 1818 superioribus
1348 1731 1465 1798 diebus

127 1837 337 1904 intellexerat
358 1862 379 1903 a
400 1837 438 1904 R.
461 1839 503 1904 D.
530 1839 684 1926 episeopo
706 1837 904 1903 Warmiensi
932 1834 987 1901 8¹¹¹
1013 1834 1057 1899 D.
1084 1834 1124 1899 N.
1147 1833 1191 1899 ad
1212 1834 1292 1899 Μιοιῃ
1315 1857 1406 1900 suam
1429 1836 1465 1902 Ο.

125 1941 287 2009 destinato
308 1945 439 2027 nuncio,
463 1940 503 2006 S¹¹
522 1943 592 2008 eius
614 1941 824 2008 coustitutum
847 1961 919 2004 esse
934 1939 1100 2005 celebrare
1123 1937 1296 2006 concilium
1318 1961 1465 2006 oecume-

125 2047 237 2110 nicum
259 2055 293 2112 et
316 2045 405 2134 quod
420 2044 477 2111 δ”·
492 2047 563 2112 eius
586 2044 776 2128 decreverit,
800 2052 938 2130 accepta
959 2044 1049 2126 prius
1070 2042 1136 2106 Mfl·
1158 2040 1192 2108 S.
1216 2040 1252 2108 Ο.
1274 2037 1308 2108 'et
1329 2041 1465 2108 aliorum

125 2171 242 2236 regum
264 2171 305 2214 ac
327 2151 510 2236 principum
532 2147 731 2235 reipublicae
760 2147 955 2214 christianae
979 2147 1131 2232 opinione
1153 2155 1186 2211 et
1207 2147 1382 2230 sententia,
1409 2147 1466 2212 ubi

127 2251 161 2316 id
184 2252 366 2340 expediens
387 2251 548 2335 videatur,
572 2254 725 2341 prosequi
748 2261 780 2320 ct
803 2253 992 2318 continuare
1007 2249 1178 2317 concilim
1199 2249 1281 2316 illud
1303 2250 1392 2338 quod
1413 2275 1465 2316 sn·

126 2355 312 2441 perioribus
333 2356 535 2444 temporibus
557 2356 704 2422 'Pridenti
737 2356 924 2423 inchoatum
958 2366 991 2422 et
1010 2363 1128 2444 postea
1148 2353 1192 2420 ad
1220 2355 1387 2420 biennium
1414 2377 1465 2420 su·

128 2483 284 2547 spensum
306 2461 421 2546 tuerat,
455 2461 523 2526 Mus
545 2458 579 2528 S.
604 2461 640 2527 O.
664 2461 751 2528 dicto
773 2461 816 2526 D.
838 2463 958 2527 nuncio
979 2460 1120 2547 benigne
1141 2459 1374 2546 responderat,
1404 2460 1466 2526 sibi

129 2565 311 2650 gratiosum
331 2566 422 2650 pium
444 2587 485 2630 ac
506 2573 679 2652 paternum
700 2563 782 2630 illud
804 2563 858 2630 S²¹¹
884 2566 953 2630 eius
978 2566 1160 2630 institutum
1182 2562 1369 2629 celebrandi
1391 2585 1467 2630 oon·

130 2667 237 2732 cilium
260 2667 359 2734 valde
380 2667 513 2754 quidem
534 2668 676 2756 probari,
700 2667 759 2733 sed
781 2668 917 2734 deloco
940 2676 1128 2754 sttempore
1143 2668 1360 2751 semabrrius,
1382 2668 1466 2732 utin

131 2794 165 2836 re
188 2773 325 2836 maximi
346 2773 510 2856 momenti,
528 2770 780 2838 deliberaturum
796 2793 835 2836 ac
849 2768 1056 2857 postmodum
1067 2769 1109 2835 S‘¹
1126 2771 1195 2836 eius
1210 2779 1350 2836 mentem
1373 2793 1466 2836 suam

132 2874 372 2940 declaraturam
387 2898 473 2960 esse3
496 2874 601 2941 videri
623 2885 732 2942 autem
754 2874 807 2940 Me
832 2874 865 2942 S.
882 2873 918 2941 0.
935 2874 1024 2963 quod
1039 2873 1096 2941 Su·
1112 2877 1182 2941 eius
1198 2875 1242 2940 ad
1256 2873 1464 2941 indictionem

130 2979 328 3046 eiuscemodi
350 2979 478 3046 concilii
500 2982 639 3060 interca,
668 2979 774 3046 donec
794 2978 860 3045 ΜΦ
887 2978 920 3050 S.
944 2981 1128 3066 opinionem
1159 2980 1362 3066 cognoverit,
1390 3000 1464 3065 pro-

130 3105 245 3169 perare
266 3105 476 3171 nequaquam
499 3082 642 3150 deberet.
666 3093 819 3172 suscepte
839 3107 917 3150 vero
940 3095 973 3150 et
994 3083 1145 3150 absoluta
1167 3105 1207 3148 ea
1222 3082 1463 3168 deliberatione,

128 3186 197 3251 Me·
220 3185 254 3251 S.
279 3185 316 3251 Ο.
339 3186 420 3275 quid
440 3189 513 3274 ipsa
536 3187 577 3252 de
599 3195 668 3254 tota
688 3210 725 3262 re
747 3190 880 3253 sentiret
910 3189 1030 3274 scripto
1060 3187 1203 3275 quodam
1233 3185 1464 3273 comprehendi
1591 3226 1594 3232 ·

129 3291 263 3355 curavit
293 3289 353 3354 sed
375 3311 449 3355 cum
469 3288 551 3356 illud
571 3291 637 3356 iam
658 3291 756 3378 plane
777 3291 891 3358 fixisset
906 3292 1087 3356 confectum
1102 3300 1134 3356 et
1148 3299 1308 3377 paratum,
1324 3291 1371 3354 uti
1386 3311 1464 3355 mox

129 3393 193 3458 ΒΜ
226 3393 269 3458 D.
305 3395 425 3460 nuncio
458 3393 637 3481 apostolico
665 3394 812 3479 duetus,
843 3394 960 3466 allatae
987 3393 1117 3460 fuerumt
1142 3393 1197 3458 Mt
1223 3392 1256 3458 S.
1280 3393 1316 3459 O.
1351 3390 1464 3459 literae

128 3521 150 3562 a
171 3498 211 3563 D.
235 3497 413 3564 Francisco
434 3497 537 3564 libero
558 3498 682 3565 barone
705 3498 746 3564 de
775 3499 871 3564 'lumi
894 3547 901 3562 .
927 3547 935 3564 .
959 3547 966 3563 .
998 3497 1116 3585 quibus
1146 3498 1275 3583 scripsit
1300 3495 1368 3562 ΒΜ
1394 3498 1463 3561 eius

131 3603 174 3668 ad
196 3602 282 3668 diem
304 3603 432 3668 tertiam
454 3603 636 3689 praesentis
657 3604 778 3668 mensis
800 3603 891 3670 Junii
913 3649 971 3667 ...
1000 3603 1191 3689 exposuisse
1214 3600 1303 3689 quod
1327 3649 1385 3665 ...
1409 3599 1468 3664 δ”·

132 3707 200 3771 eius
223 3705 395 3788 existimet,
419 3705 602 3772 consultum
623 3705 693 3771 fore
715 3754 772 3771 ...
800 3716 838 3772 ut
858 3705 1030 3773 concilium
1053 3705 1141 3793 quod
1163 3707 1227 3770 iam
1252 3703 1399 3772 Trideuti
1421 3705 1467 3768 in·

130 3810 259 3875 dictum·
274 3819 346 3875 erat
367 3818 400 3875 et
421 3809 463 3876 ab
487 3810 637 3875 omnibus
667 3809 899 3896 approbatum,
931 3811 1137 3875 continuetur
1159 3858 1167 3873 .
1191 3858 1199 3873 .
1223 3856 1231 3871 .
1259 3807 1467 3874 admonuisse

130 3935 260 4000 qnoque
282 3910 351 3977 S‘ffl
377 3914 446 3978 eius
468 3912 532 3978 hac
554 3913 595 3978 de
617 3935 653 3979 re
676 3935 750 3978 cum
773 3913 852 3978 Mer
879 3911 913 3978 S.
945 3911 981 3979 Ο.
1011 3921 1080 3978 tum
1103 3911 1209 3978 Serm‘t·
1232 3909 1466 3998 Hispaniarum

130 4025 161 4080 et
181 4015 345 4080 Francius
367 4038 472 4102 reges,
496 4040 517 4081 a
532 4015 651 4102 quibus
667 4015 811 4103 quotidie
826 4038 1020 4103 responsum
1035 4027 1196 4104 expectet,
1220 4016 1263 4081 ad
1279 4015 1368 4104 quod
1383 4014 1465 4081 dan·

131 4119 207 4183 dum
230 4117 267 4184 C.
289 4118 358 4182 Me·
373 4117 420 4184 illi
436 4121 491 4207 qui
506 4143 575 4185 rem
589 4120 643 4184 Mu
661 4118 694 4186 S.
711 4119 841 4186 nomine
857 4119 911 4185 Sl·
931 4122 1001 4186 eius
1017 4129 1240 4208 proposuerat,
1256 4120 1466 4184 maturiorem

132 4222 423 4288 considerationem
443 4222 637 4311 longiusque
659 4226 815 4312 temporis
838 4225 979 4312 spatium
1000 4225 1122 4313 requiri
1145 4223 1344 4312 significarit.

232 4325 316 4391 Cum
337 4349 416 4392 vero
438 4327 491 4391 Ma
510 4329 579 4393 eius
608 4327 646 4394 Ο.
669 4329 704 4392 in
724 4329 952 4414 prosecutione
973 4328 1108 4394 huiusce
1135 4311 1263 4393 cdbcilii
1284 4325 1466 4392 Tridentini

126 4431 320 4516 gravissima
334 4429 495 4517 quaedam
510 4431 743 4518 impedimenta
757 4433 966 4516 occurrerint,
991 4454 1075 4518 quae
1097 4432 1132 4495 iu
1153 4427 1409 4498 memoratottffl
1430 4427 1463 4494 S.

129 4533 163 4600 C.
188 4535 309 4619 scripto
333 4555 487 4620 expresse
509 4537 722 4614 continentur,
745 4533 815 4600 ΜΝ
838 4533 871 4600 S.
886 4533 924 4601 0.
941 4534 1153 4601 consideratis
1169 4537 1209 4600 iis
1224 4533 1463 4622 impedimentis

127 4639 303 4703 etiamnum
325 4660 346 4703 a
368 4659 428 4703 sna
450 4641 609 4706 sententia
631 4641 664 4704 in
694 4638 809 4706 eodem
840 4641 959 4726 scripto
994 4637 1161 4706 declarata
1196 4639 1363 4706 discedere
1395 4659 1462 4704 non

127 4751 235 4828 potest
256 4764 318 4807 nec
341 4741 485 4826 dubitat,
517 4743 648 4831 quando
672 4741 729 4808 ΒΝ
752 4745 821 4808 eius
844 4743 959 4812 eadem
982 4766 1025 4808 ex
1046 4743 1112 4808 Mos
1140 4742 1174 4810 S.
1197 4745 1318 4830 scripto
1341 4765 1460 4829 cogno-

127 4849 210 4911 verit
232 4853 265 4912 et
286 4847 419 4933 insuper
438 4856 576 4933 paterne
598 4868 639 4912 ac
660 4847 802 4933 gratiose
823 4846 1048 4933 perpenderit,
1080 4849 1198 4936 quibus
1230 4845 1395 4912 disturbiis
1418 4868 1459 4911 ac

130 4949 247 5036 quibus
270 4947 364 5015 malis
386 4959 419 5016 et
440 4949 651 5016 incommodis
673 4951 858 5037 prosecutio
888 4960 921 5015 et
948 4953 1146 5017 continuatio
1176 4950 1254 5017 dicti
1276 4948 1457 5015 Tridentini

129 5051 256 5120 concilii
271 5055 305 5119 in
326 5052 495 5142 republica
517 5053 693 5120 christiana
714 5062 748 5119 et
769 5055 911 5120 maxime
933 5057 967 5119 in
982 5053 1159 5120 Germania
1174 5077 1287 5120 ansam
1304 5061 1336 5117 et
1359 5061 1458 5119 mate-
