3450 5818
76 721 168 786 tinto
190 719 310 787 huwe
334 742 440 810 neque
462 721 504 786 ab
528 745 570 787 os
591 723 749 788 sentiendo
770 743 913 809 unquam
934 720 1104 788 discedere
1124 719 1214 787 velie
1230 721 1390 810 dixserunt,

73 826 213 890 nimirum
244 847 404 890 summum
429 825 614 912 pontificem
647 823 774 890 concilii
802 824 940 890 decretis
967 823 1100 890 subesse
1134 823 1260 890 debere.
1303 825 1390 892 hunc

72 951 193 1016 quoqne
206 929 426 1017 quaestionem
440 951 526 993 nunc
540 929 655 996 moturi
676 927 879 1012 videbantur,
896 929 957 994 nisi
972 951 1031 994 nos
1046 925 1318 1002 dissuasissemus.
1333 928 1392 995 sed

72 1041 221 1118 quantum
243 1055 284 1100 ex
309 1055 422 1101 eorum
442 1029 552 1102 serbis
575 1029 726 1121 colligere
749 1055 934 1119 possumus,
953 1029 1016 1098 hoc
1037 1054 1072 1099 se
1095 1033 1183 1109 omui
1198 1041 1317 1100 conatu
1332 1055 1390 1098 suo

72 1145 217 1222 tenpore
241 1145 445 1222 promotores
467 1157 547 1222 pree
569 1158 604 1204 se
625 1135 745 1202 imunt.
771 1135 850 1202 hine
868 1145 919 1202 est
940 1146 978 1202 ut
998 1135 1193 1202 arbitremur
1215 1135 1304 1223 qnod
1324 1159 1389 1204 scs-

75 1240 173 1304 sionie
195 1241 454 1326 prorogationem
474 1239 546 1304 fieri
568 1241 711 1326 cupiunt,
740 1248 778 1303 ut
799 1237 929 1304 calnae
948 1240 1092 1326 episcopi
1114 1241 1147 1304 in
1169 1249 1317 1326 tempore
1335 1239 1391 1304 od·

73 1365 139 1407 esse
162 1344 299 1432 possint,
326 1363 462 1430 quorum
485 1341 606 1407 amilio
634 1341 695 1407 hoc
719 1339 806 1433 quod
830 1351 987 1408 conantur
1015 1341 1214 1407 commodius
1236 1341 1390 1431 perficere

72 1455 194 1532 queunt

165 1551 322 1634 Quamvis
344 1547 421 1616 sm
444 1547 480 1614 Ι).
506 1547 546 1619 N.
570 1571 698 1639 quoque
732 1571 804 1617 cem
825 1547 1039 1619 admissurum
1061 1571 1238 1637 speremus,
1266 1552 1389 1618 sicum

72 1651 154 1720 Ser''⁰
185 1653 290 1722 Octh⁰⁰
319 1675 396 1740 rege
427 1675 525 1740 super
553 1655 803 1723 continuationis
826 1677 892 1723 non
920 1653 1090 1724 faciendae
1119 1676 1222 1740 usque
1248 1653 1294 1720 sd
1321 1676 1387 1719 cer-

71 1767 129 1820 tum
161 1766 291 1843 ternpus
322 1759 529 1843 expressione
561 1764 700 1821 tractare
736 1755 887 1839 voluerit,
930 1755 1200 1844 quemedmodom
1240 1755 1388 1822 hesterno

72 1857 117 1923 dic
143 1859 184 1922 D.
207 1857 307 1946 legati
336 1859 429 1924 nobis
458 1859 611 1925 dixerunt
640 1883 674 1925 se
706 1859 837 1924 credere
870 1859 911 1924 ad
932 1881 1076 1924 mensem
1100 1880 1172 1924 cum
1196 1858 1327 1924 dimidio
1351 1882 1389 1924 eo

74 1984 144 2027 csso
166 1965 343 2028 sessionem
367 1961 577 2029 differendam
601 1985 684 2044 esse,
708 1965 861 2056 quoniam
884 1973 991 2030 eutem
1013 1985 1072 2030 nos
1095 1971 1161 2030 tom
1182 1961 1391 2030 vehementer
1463 2007 1467 2024 .

78 2065 181 2136 Gallos
205 2089 268 2154 pro
287 2066 364 2134 novi
386 2066 514 2134 concilii
537 2065 714 2137 indictione
735 2067 840 2154 primo
859 2089 987 2155 quoquc
1003 2075 1148 2154 tempore
1163 2064 1390 2135 declarandum

73 2171 185 2238 instare
213 2169 360 2239 videmus
387 2169 623 2258 eternumque
650 2192 813 2238 summum
840 2170 1024 2257 pontificem
1047 2169 1148 2239 Iona
1170 2180 1203 2236 et
1224 2169 1391 2256 Hispanos

71 2274 125 2341 hoc
149 2295 318 2360 nunqnam
347 2273 556 2353 sdmissnroe,
585 2274 755 2338 metuimus
784 2294 826 2338 ne
859 2295 901 2339 ex
928 2273 992 2339 hue
1015 2275 1191 2340 occasione
1219 2271 1390 2339 concilium

71 2378 168 2442 statim
191 2376 393 2443 dismlrutur.
416 2378 525 2468 itaque
547 2375 598 2442 ut
626 2377 666 2443 V.
680 2375 712 2442 S.
731 2375 894 2443 humilime
910 2377 1138 2466 supplicamus,
1163 2375 1315 2464 dignetur
1328 2374 1390 2442 cle·

71 2491 185 2547 menter
207 2483 393 2569 prospicere
415 2481 456 2546 ue
478 2481 573 2548 huius
597 2481 725 2550 concilii
747 2503 937 2572 progressus
961 2505 1034 2548 cum
1051 2481 1191 2567 omnium
1213 2477 1323 2548 dolore
1345 2480 1391 2544 itu

71 2583 168 2652 subito
192 2584 396 2672 impedietur,
420 2583 508 2674 quod
529 2584 670 2654 futurum
688 2595 745 2671 cst,
769 2586 797 2652 si
811 2584 899 2672 opud
921 2584 1040 2652 Chr”⁰”
1052 2587 1280 2672 regemcgerit
1294 2592 1391 2671 utque

72 2690 161 2756 etium
182 2687 369 2776 perfecerit,
399 2697 436 2755 ut
457 2691 559 2776 ipsius
581 2710 712 2775 quoque
739 2696 883 2758 orntoree
908 2688 1084 2759 conditioni
1115 2686 1161 2754 ilii
1183 2687 1392 2775 acquiescent

73 2815 159 2878 quere
181 2815 242 2858 nos
264 2813 307 2857 ex
329 2790 390 2855 Mu
412 2792 452 2857 V.
476 2791 509 2857 S.
532 2791 699 2858 voluntate
720 2801 886 2878 postremo
918 2815 942 2857 o.
960 2793 1002 2856 D.
1025 2792 1143 2878 legetis
1162 2792 1336 2878 petivimus
1359 2797 1391 2854 et

73 2895 108 2959 sd
127 2917 226 2984 quum
247 2915 438 2982 responsum
461 2917 503 2960 ex
518 2894 607 2962 Urbe
622 2904 842 2982 expectamus
866 2893 983 2961 deinde
1006 2897 1103 2960 ctiam
1125 2894 1276 2980 dignetur
1297 2891 1390 2956 uobis

74 2997 245 3084 significare
269 2995 346 3084 quid
368 2997 401 3062 in
424 3019 462 3064 eo
486 3019 565 3064 casu
586 2997 678 3064 uobis
701 2997 884 3064 faciendum
907 2997 998 3082 foret,
1033 2997 1061 3064 si
1084 2995 1171 3066 Galli
1194 3021 1214 3062 c
1235 2997 1390 3086 petitione

74 3123 167 3167 novoe
188 3101 372 3168 indictionis
395 3102 485 3172 nulia
506 3105 632 3171 ratione
654 3105 813 3170 removeri
835 3113 1059 3190 poterunt...

197 3275 257 3326 Von
276 3275 328 3328 den
346 3275 472 3343 Beiisgen
490 3292 522 3328 su
534 3275 620 3328 dieser
632 3275 773 3344 Depesche
790 3275 859 3330 hebo
881 3275 925 3326 ich
942 3275 1036 3328 hervor
1056 3275 1080 3342 1)
1095 3275 1203 3326 decretu
1216 3288 1298 3340 snper
1311 3271 1391 3322 reior-

137 3363 248 3413 mstione
267 3367 328 3426 etc,
353 3361 485 3428 gedruckt
511 3364 537 3412 in
555 3363 595 3414 Le
613 3361 673 3412 Plut
691 3365 715 3423 5,
737 3365 799 3428 1863
825 3365 852 3425 2)
871 3379 1024 3428 responsum
1043 3361 1133 3414 dutum
1158 3361 1191 3411 28
1210 3359 1275 3415 Maii
1292 3357 1392 3409 horst

137 3447 325 3513 pomeridiana,
352 3448 377 3498 d.
396 3447 421 3498 h.
442 3448 484 3498 dic
502 3448 622 3500 Autwort
645 3447 692 3500 der
709 3449 829 3516 Legnten
847 3465 882 3500 an
901 3448 943 3500 die
963 3447 1105 3514 Oratoren,
1129 3445 1230 3502 welche
1248 3462 1277 3498 so
1295 3444 1392 3498 leutetr

202 3533 292 3584 Lectis
311 3533 394 3586 literis
412 3531 441 3584 C.
455 3531 509 3583 Md·
533 3535 607 3588 cuius
625 3537 811 3588 auctoritatem
829 3535 933 3602 plurimi
951 3535 1063 3586 iacimus
1083 3539 1109 3584 et
1126 3539 1156 3584 ut
1174 3532 1300 3583 debemus
1318 3546 1392 3582 reve·
1497 3545 1502 3558 ·

138 3637 222 3671 rernm
240 3627 267 3671 ct
285 3621 441 3686 suscipimus
459 3621 537 3688 eique
556 3637 654 3671 morem
672 3638 763 3688 gerere
782 3623 894 3676 maxime
914 3624 1041 3690 cupimus,
1060 3621 1146 3674 muita
1162 3619 1234 3670 fuere
1252 3632 1320 3686 quse
1338 3632 1392 3668 em·

137 3707 227 3772 biguos
245 3723 293 3757 nos
312 3712 338 3756 et
347 3705 442 3758 dubios
459 3705 637 3760 reddiderunt.
656 3710 725 3760 inter
743 3724 810 3774 quac
829 3705 893 3758 illud
908 3713 954 3772 est,
972 3711 1001 3757 ut
1022 3708 1123 3773 reliqua
1143 3706 1301 3764 omittamus,
1319 3702 1392 3769 quod

137 3793 157 3842 si
170 3793 392 3844 continuationem
404 3795 617 3858 expresserimus,
631 3800 722 3844 contra
735 3793 833 3846 bullum
844 3793 993 3845 indictionis
1004 3791 1111 3844 concilii
1123 3791 1238 3842 facturos
1250 3806 1298 3840 nos
1307 3787 1351 3840 M*¹
1364 3787 1391 3838 S.

139 3893 289 3944 persuasum
308 3878 424 3941 videtur,
442 3893 510 3944 quse
528 3895 570 3928 res
582 3895 631 3931 nos
642 3879 746 3945 impulit
762 3885 792 3930 ut
809 3880 844 3930 nd
862 3880 932 3931 Smum
952 3879 986 3933 D.
1002 3877 1033 3929 N.
1052 3878 1141 3931 bullae
1160 3881 1295 3928 auctorem
1311 3873 1391 3924 refer·

138 3981 228 4029 remus,
256 3965 397 4031 quodiam
414 3965 533 4026 fecimus,
552 3966 642 4031 itaque
660 3966 725 4016 nihil
744 3967 809 4016 certi
826 3963 987 4031 respondere
1004 3979 1151 4030 possumus,
1175 3963 1326 4028 prinsquam
1346 3957 1391 4008 Su·

137 4053 192 4102 eius
208 4065 364 4117 responsum
381 4051 557 4102 habuerimus.
581 4051 629 4102 tuit
649 4058 737 4104 sutem
755 4054 832 4104 nohis
850 4051 1026 4103 deliberatum
1043 4052 1107 4101 eniti
1124 4049 1197 4115 spud
1215 4047 1345 4114 synodum
1362 4049 1391 4095 ut

136 4139 214 4189 assio
226 4139 346 4204 proxime
355 4143 540 4204 prurogsretur
552 4137 580 4187 in
591 4139 805 4204 sesquimcnssm,
823 4145 853 4189 ut
868 4141 970 4190 interea
986 4139 1012 4188 si
1027 4136 1084 4188 fieri
1095 4139 1186 4201 posset
1196 4135 1266 4185 inter
1278 4133 1307 4184 Ο.
1320 4130 1389 4183 Mum

135 4227 162 4274 st
180 4223 281 4274 uer-⁰¹·
298 4239 388 4290 regern
406 4225 520 4276 (irothtum
537 4225 572 4275 ds
589 4225 788 4276 continuatione
805 4225 963 4290 explicando
980 4239 1065 4274 necne
1083 4222 1246 4282 conveniret,
1264 4219 1312 4276 sed
1327 4236 1391 4287 quo·

135 4311 205 4360 irin
220 4310 302 4360 semel
320 4312 372 4360 lum
389 4312 507 4376 prosimu
524 4313 644 4376 superior
659 4313 742 4362 sessio
759 4311 795 4361 ad
813 4313 845 4361 ss
859 4309 928 4361 diem
941 4315 1082 4376 prorogate
1103 4309 1197 4370 fueret,
1216 4323 1250 4357 ne
1267 4305 1390 4357 rideatur

137 4399 245 4448 nimium
261 4399 389 4463 temporis
409 4399 510 4448 conteri
527 4398 555 4446 in
572 4396 736 4464 proferendis
754 4397 923 4460 sessionibus,
941 4397 1014 4463 prius
1029 4396 1065 4446 ud
1078 4395 1150 4446 ΘΜ
1168 4395 1201 4444 D.
1215 4393 1248 4445 N.
1261 4397 1287 4442 ut
1298 4397 1392 4458 postea

134 4483 168 4532 sd
184 4489 272 4548 putres
296 4499 346 4534 suo
364 4489 482 4549 tempore
505 4483 672 4534 referendum
691 4497 748 4534 esse
767 4484 895 4546 dommus,
923 4489 953 4534 ut
970 4485 1005 4535 ab
1023 4483 1142 4550 utrisque
1166 4485 1258 4535 nestro
1274 4481 1386 4547 probato

138 4569 247 4620 cendio
264 4569 367 4636 utquid
384 4569 418 4621 de
435 4571 621 4637 prorogatione
644 4572 672 4621 in
689 4571 810 4637 proxim
833 4573 952 4622 cernone
968 4573 1051 4622 stetui
1067 4572 1206 4637 potuisset
1237 4585 1389 4636 responsum

135 4658 219 4726 iisque
237 4657 282 4708 flii·
301 4657 326 4708 S.
353 4657 623 4722 impensorum,
651 4673 746 4723 nempe
769 4662 799 4709 ut
817 4671 952 4724 speremus
977 4662 1039 4708 unte
1063 4658 1209 4708 sermonem
1236 4658 1389 4722 proximum,

137 4747 304 4812 expectemus
319 4749 350 4794 ct
364 4743 402 4794 sd
419 4750 509 4810 potres
525 4744 631 4810 quando
651 4749 824 4810 opportunum
850 4746 937 4794 risum
956 4743 1036 4794 ἕπει-’ὴ
1051 4745 1202 4794 mitreum.

200 4830 335 4882 Wthrend
348 4829 519 4896 dieLegsten
530 4845 583 4880 ron
595 4830 661 4880 Rern
679 4830 724 4880 die
737 4829 865 4896 Weisung
883 4829 1002 4880 erhnlten
1018 4829 1110 4880 hutten
1129 4829 1173 4881 die
1189 4829 1391 4898 Entseheidung

137 4916 162 4964 in
178 4916 224 4970 der
241 4916 448 4983 Besidenntrsge
465 4917 623 4983 wenigstens
641 4933 674 4967 ns
690 4921 818 4984 mtsgen
842 4916 954 4982 (Pauus.
972 4919 997 4979 s,
1014 4917 1085 4982 ³28),
1109 4916 1226 4983 drsugm
1245 4917 1389 4968 besonders

136 4999 179 5052 die
193 5003 352 5070 spanischen
367 5001 492 5054 unchen
515 5002 564 5052 sui
579 5001 661 5054 deren
679 5003 805 5070 sotoru‘ge
822 5003 932 5069 Ltsnng
952 5001 1007 5054 und
1032 5002 1143 5054 drohten
1161 5015 1240 5069 segur
1262 5004 1310 5053 snit
1326 5003 1389 5055 Pro·

136 5090 217 5140 uum
235 5088 285 5154 (ib.
301 5091 365 5151 8⁸13
391 5089 466 5141 Dee
477 5085 548 5142 ints.
567 5090 592 5151 9,
612 5090 684 5154 sut).
719 5089 773 5143 Um
788 5089 899 5142 letstsre
914 5103 949 5139 su
965 5089 1191 5162 tesehwiohtigsn
1204 5089 1316 5142 erbetum
1333 5089 1389 5150 sich
