3512 5838
360 673 422 739 hae
445 676 568 742 ratione
601 675 767 742 eonsilium
799 675 978 764 legatorum
1010 687 1042 743 et
1068 687 1197 765 patrum
1223 680 1279 766 qui
1307 701 1403 768 super
1431 683 1535 769 capito
1568 679 1617 748 illo
1635 695 1662 749 et

363 777 435 843 aliis
459 779 618 846 adiunctis
644 779 799 866 perendie
829 783 1002 848 amentias
1030 781 1139 848 dicere
1164 782 1328 869 incipient,
1355 805 1432 849 nam
1453 784 1599 854 hesterno
1618 785 1662 852 die

357 903 455 969 super
477 883 517 948 21
542 882 704 970 capitibus
726 885 881 972 suffragia
900 885 991 951 finita
1006 895 1089 970 sunt,
1111 895 1327 952 remoraretur
1354 885 1407 954 vel
1436 887 1533 975 plane
1555 887 1660 954 atsur

358 995 451 1050 reret.
473 987 602 1074 rogavit
621 987 731 1074 itaque
753 1009 813 1054 nos
834 997 871 1053 ut
893 989 1071 1054 coniunctis
1095 989 1209 1054 studiis
1230 990 1264 1054 in
1287 990 1350 1057 hac
1364 1013 1400 1057 re
1415 1013 1591 1080 ageremus,
1607 995 1661 1058 imo

357 1111 434 1155 vero
457 1091 560 1177 primo
583 1090 654 1157 loco
676 1093 769 1158 iuxta
790 1091 960 1158 formulam
983 1113 1060 1157 suae
1082 1094 1339 1178 contestationis,
1371 1096 1463 1162 euius
1492 1095 1660 1182 exemplum

358 1192 408 1258 Me
429 1193 469 1260 V.
493 1193 525 1260 S.
548 1195 719 1278 mittimus,
747 1217 806 1260 nos
828 1193 889 1260 Mn.
911 1196 952 1261 V.
977 1193 1011 1260 S.
1040 1205 1184 1264 oratores
1215 1196 1344 1284 publice
1372 1199 1407 1264 in
1429 1201 1662 1286 congregatione

357 1296 569 1384 loqueremur,
593 1299 849 1386 significavitque
872 1299 966 1366 nobis
989 1298 1102 1366 Gallos
1124 1309 1156 1366 et
1177 1300 1369 1367 Lusitauum
1393 1323 1522 1390 quoque
1537 1311 1662 1368 oraures

357 1399 417 1465 sibi
438 1424 504 1466 non
526 1401 700 1468 defuturos.

457 1505 544 1570 Dum
567 1506 648 1572 haec
670 1513 816 1591 aguntur,
846 1504 901 1569 R¹¹²¹
924 1505 964 1569 D.
988 1504 1088 1591 legati
1115 1527 1175 1572 nos
1203 1509 1376 1574 accersitos
1402 1519 1561 1596 rogarunt
1584 1509 1663 1576 velro-

358 1617 491 1685 menter,
515 1617 551 1673 ut
572 1631 631 1674 nos
652 1617 805 1696 tanquam
828 1609 890 1674 Mo·
912 1609 952 1674 V.
976 1605 1008 1674 S.
1033 1619 1176 1675 oratores
1198 1611 1393 1678 mediatores
1414 1633 1560 1678 essemus
1573 1635 1663 1701 neque
1737 1629 1738 1632 ’

357 1714 532 1778 sineremus
555 1711 640 1777 hanc
661 1723 802 1777 veterem
825 1712 1003 1797 tragediam
1026 1721 1091 1776 tem
1120 1713 1301 1802 importune
1329 1725 1426 1804 atque
1456 1718 1664 1803 intempestive

358 1817 510 1899 excitari,
543 1839 618 1881 nam
648 1817 675 1880 si
703 1815 917 1902 intelligerent
945 1837 1004 1880 nos
1033 1839 1161 1904 quoque
1189 1815 1347 1905 quasdam
1375 1820 1618 1886 intercessiones
1641 1831 1665 1884 et

357 1921 602 2005 protestationes
625 1918 783 2002 meditari,
806 1927 843 1983 ut
865 1919 1022 2006 quosdam
1045 1941 1088 1984 ex
1110 1921 1292 1986 oratoribus
1313 1922 1491 1988 machinari
1520 1923 1663 2006 viderent,

357 2045 428 2088 sese
451 2022 492 2089 de
515 2021 704 2109 colligendis
727 2031 759 2087 et
781 2022 1011 2109 componendis
1034 2025 1099 2088 suis
1122 2025 1257 2090 sarcinis
1272 2035 1305 2091 et
1321 2024 1465 2093 discessu
1481 2027 1663 2113 cogitaturos

357 2147 437 2210 esse,
460 2128 648 2213 praesertim
669 2147 742 2191 cum
765 2127 797 2190 in
820 2125 917 2191 solius
940 2125 999 2190 Mu.
1025 2127 1063 2192 V.
1085 2126 1118 2192 S.
1142 2127 1339 2214 benignitate
1374 2129 1468 2196 sedes
1501 2127 1663 2216 apostoliea

358 2239 389 2294 et
410 2230 472 2295 hoc
495 2251 621 2294 sacrum
645 2227 816 2294 concilium
839 2251 929 2316 spem
952 2251 1043 2294 suam
1066 2229 1315 2316 collocaverint,
1344 2255 1482 2321 cumque
1505 2234 1579 2320 ipsa
1599 2231 1662 2296 anti·

359 2334 464 2421 quites
488 2333 604 2400 doceat
626 2343 658 2398 et
680 2335 742 2420 ipsi
765 2343 852 2397 certo
876 2333 989 2417 sciant,
1022 2355 1065 2400 ex
1087 2335 1235 2401 omnibus
1255 2336 1456 2423 principibus
1478 2334 1662 2402 secularibus

359 2435 540 2518 soliusgttt·
562 2437 602 2502 V.
626 2435 659 2501 S.
682 2436 887 2501 autoritatem
909 2445 1009 2524 atque
1034 2437 1223 2523 dignitatem
1253 2461 1437 2526 supremam
1465 2440 1662 2506 oecumenicis

336 2581 339 2590 ι
359 2541 502 2606 conciliis
524 2541 717 2606 interuenire
740 2538 867 2604 debere.
899 2538 1025 2604 addidit
1050 2551 1220 2627 praeterea
1248 2541 1321 2606 ΒΜ
1341 2542 1497 2609 Moronus
1527 2544 1587 2610 sibi
1606 2565 1663 2630 per·

358 2665 488 2708 suasum
510 2642 638 2726 habere,
672 2642 749 2707 Mas
771 2641 810 2708 V.
837 2641 870 2708 S.
905 2643 973 2708 sine
1005 2641 1070 2708 olla
1102 2666 1201 2710 causa
1227 2667 1292 2710 non
1321 2645 1540 2712 discessuram
1567 2645 1606 2712 ab
1634 2667 1664 2711 ea

358 2747 573 2811 transactione
585 2765 668 2833 quae
683 2746 766 2810 inter
785 2744 861 2808 Mea
877 2744 916 2811 V.
934 2745 967 2812 S.
984 2755 1016 2810 et
1027 2747 1132 2832 ipsum
1147 2747 1321 2835 Oeniponti
1333 2750 1532 2836 intercessit3
1555 2749 1661 2814 nullam
1737 2735 1738 2796 Ῐ

359 2860 464 2915 autem
487 2849 621 2915 subesse
643 2870 775 2914 causam
798 2847 984 2930 affirmavit,
1018 2871 1057 2916 eo
1085 2852 1172 2938 quod
1198 2851 1260 2939 ipsi
1287 2851 1385 2938 legati
1416 2851 1488 2940 plus
1521 2853 1660 2919 haurn

358 2953 590 3039 praestiterint,
621 2973 718 3039 quam
745 2953 817 3039 ipse
843 2961 921 3018 tunc
947 2975 1102 3040 praesens
1132 2956 1339 3041 promiserat,
1368 2955 1403 3020 id
1425 2957 1513 3044 quod
1536 2979 1587 3024 res
1606 2959 1664 3043 ipsa

317 3073 319 3077 ·
359 3055 558 3144 loqueretur,
589 3077 662 3121 cum
691 3055 839 3120 omnibus
870 3065 902 3122 et
929 3057 1110 3124 oratoribus
1141 3068 1173 3124 et
1199 3059 1347 3145 patribus
1375 3081 1416 3124 ea
1437 3083 1528 3149 quae·
1544 3059 1663 3148 proponi

358 3159 479 3228 vellent
499 3158 604 3226 libera
623 3169 767 3248 potestas
790 3159 868 3224 data
889 3160 1004 3226 fuisset
1030 3171 1062 3228 ot
1091 3163 1264 3228 etiamnum
1293 3161 1433 3251 daretur.
1464 3165 1553 3253 quod
1574 3173 1663 3228 auum

359 3265 402 3331 ad
417 3273 516 3352 caput
527 3263 567 3331 de
579 3265 760 3352 principum
784 3263 975 3330 secularium
991 3265 1216 3332 reformatione
1232 3267 1353 3351 attinet,
1377 3268 1459 3333 dixit
1469 3291 1506 3332 se
1521 3289 1586 3332 una
1605 3287 1663 3330 cun

358 3370 399 3435 D.
416 3369 546 3456 collegis
568 3370 634 3434 suis
658 3368 808 3434 datianam
830 3390 962 3455 operam
983 3378 1027 3452 ut,
1050 3372 1173 3437 etiamsi
1191 3393 1288 3458 super
1309 3393 1347 3437 eo
1371 3373 1476 3458 eapite
1498 3395 1519 3436 a
1533 3369 1663 3458 patribus

359 3475 535 3540 sententiae
558 3472 715 3553 dieantur,
738 3471 799 3537 Mi·
822 3471 859 3536 V.
883 3471 916 3538 S.
941 3475 1181 3540 annotationum
1203 3477 1287 3541 ratio
1306 3475 1472 3560 habeatur,
1495 3474 1590 3542 modo
1603 3482 1664 3538 anto

359 3579 535 3644 sessionem
559 3575 673 3642 lovel
697 3577 737 3642 12
760 3575 873 3640 diebus
897 3577 939 3642 de
960 3577 1099 3664 benigna
1121 3577 1182 3643 Mi·
1204 3580 1244 3646 V.
1267 3577 1303 3644 S.
1329 3578 1495 3646 voluntate
1529 3580 1665 3646 certiores

357 3682 445 3748 fiant.
468 3683 578 3769 itaque
601 3680 847 3747 clementissime
869 3682 1044 3767 imperator
1065 3705 1125 3749 nos
1147 3686 1180 3748 in
1196 3683 1381 3750 alterutram
1398 3693 1523 3771 partem
1537 3701 1663 3771 peecare

356 3787 502 3853 nolentes
524 3807 656 3874 remque
678 3785 788 3871 magni
809 3787 961 3850 momenti
984 3807 1054 3851 esse
1076 3787 1232 3869 uidentes,
1256 3789 1376 3875 quippe
1399 3811 1442 3853 ex
1463 3809 1531 3876 qua
1552 3783 1664 3852 concilii
1737 3803 1738 3818 ¹

358 3891 458 3977 ipsius
481 3889 703 3977 abreptionem
726 3890 816 3976 sequi
839 3909 935 3974 posse
957 3889 1188 3971 metuebamus,
1211 3893 1303 3956 iuxta
1317 3889 1378 3955 Ma.
1393 3890 1434 3957 V.
1449 3891 1482 3957 S.
1498 3891 1661 3978 praescrip

358 4003 425 4060 tum
448 3993 491 4059 ad
512 3993 649 4058 eandem
670 4013 730 4080 per
750 3992 835 4057 bano
857 3993 1144 4060 extraordinariam
1166 4004 1293 4081 postam
1315 3993 1409 4060 nobis
1431 3995 1663 4082 confugiendum

359 4119 429 4164 esee
451 4117 582 4184 remque
604 4097 707 4182 ipsam
729 4097 810 4160 tanti
831 4099 986 4162 momenti
1008 4098 1165 4184 integram
1193 4098 1235 4164 ad
1263 4101 1364 4185 ipsius
1393 4119 1582 4185 generosam
1602 4095 1663 4160 deli·
1737 4183 1738 4188 γ

357 4201 556 4268 horationem
577 4198 778 4266 referendam
800 4203 1063 4266 existimavimus.
1086 4204 1213 4267 tametsi
1235 4213 1342 4268 autem
1371 4203 1512 4267 sciamus
1538 4198 1663 4288 mlius
1737 4191 1738 4214 ¹

358 4305 483 4370 tionem¹
506 4325 615 4368 eorum
643 4302 814 4368 verborum
843 4303 1016 4370 admodum
1045 4307 1261 4370 neeessariam
1291 4327 1378 4390 esse,
1412 4315 1518 4372 tantm
1551 4325 1596 4370 an·
1615 4303 1663 4368 hoo

359 4419 503 4495 tempore
519 4407 665 4493 urgenda
677 4407 728 4490 sit,
743 4415 875 4494 propter
889 4407 1072 4495 praedictas
1087 4409 1423 4475 causasveltementer
1438 4408 1661 4474 dubitamus...
1737 4473 1738 4502 ,

360 4514 467 4601 itaque
495 4513 716 4578 constituimus
745 4519 782 4575 ut
808 4533 910 4598 usque
940 4511 983 4576 ad
1010 4535 1128 4577 novum
1146 4563 1153 4578 .
1170 4557 1201 4576 ..
1235 4514 1420 4579 mandatum
1444 4510 1486 4578 ab
1508 4511 1591 4578 omni
1610 4531 1661 4576 non

360 4615 463 4684 solum
484 4617 715 4704 protestatione
738 4613 795 4680 sed
819 4617 914 4680 etiam
936 4619 1174 4703 protestationis
1202 4619 1310 4704 specie
1332 4616 1560 4700 abstineamus,
1587 4634 1660 4702 prae·

291 4694 298 4715 ⁸
361 4722 470 4787 sertim
493 4741 565 4786 cum
588 4741 630 4786 ex
650 4720 820 4806 postremis
842 4717 902 4783 Mi·
916 4719 957 4784 V.
975 4719 1010 4785 0.
1035 4719 1133 4785 literis
1154 4720 1370 4807 intelligamus
1383 4720 1506 4785 illama
1526 4725 1661 4807 protecta·
1737 4723 1738 4740 .

360 4827 447 4891 tione
468 4825 675 4890 vehementer
697 4823 878 4905 abhorrere,
902 4823 1041 4911 ideoque
1062 4823 1156 4890 nobis
1179 4825 1353 4890 novissime
1368 4826 1460 4888 iussit
1474 4833 1509 4888 ut
1523 4824 1590 4889 loeo
1604 4841 1661 4907 pro·

360 4929 538 4996 testationis
561 4930 786 4996 reservationis
808 4929 936 4993 nomine
958 4930 991 4992 in
1013 4928 1075 4994 hoc
1097 4927 1210 4994 eodem
1232 4929 1368 5015 negocio
1382 4949 1446 4994 non
1463 4949 1567 4994 eoram
1581 4920 1660 5012 pald·

359 5034 420 5100 bus
444 5033 501 5100 sed
523 5033 598 5099 solis
622 5034 684 5098 pn·
704 5033 745 5097 D.
769 5031 885 5118 legatis
906 5040 1139 5099 uteremur...
