3468 5820
93 673 120 727 et
139 661 332 728 conferenda
353 662 471 729 tradita
502 672 590 748 sunt,
620 664 663 729 ad
690 663 820 731 modum
850 663 1105 751 suprascriptum
1134 664 1239 748 facta,
1261 665 1408 730 venimus

91 767 146 830 iam
167 765 209 830 ad
232 766 265 831 id
288 766 375 852 quod
397 767 430 831 in
453 768 677 832 commissione
699 769 840 832 caesaris
862 776 912 833 est
933 766 1096 848 ultimum,
1124 776 1162 833 ut
1185 766 1309 834 scilicet
1330 767 1409 856 quid

90 871 208 934 nomine
232 868 267 934 O.
288 868 349 934 Mn.
372 868 404 935 S.
427 869 580 957 deinceps
608 871 642 934 in
669 870 731 936 hoo
759 870 894 937 concilio
923 871 1112 938 Tridentino
1142 871 1305 958 agendum
1333 893 1408 958 pro·

88 971 330 1060 ponendumque
362 974 418 1056 sit,
449 974 640 1039 sententiam
667 983 810 1039 nostram
832 973 985 1040 dicamus.
1019 975 1173 1062 quocirca
1194 972 1258 1040 duo
1279 975 1313 1038 in
1335 995 1409 1039 con·

88 1073 285 1140 saltationem
306 1077 459 1142 veniunt:
493 1099 592 1142 unum
615 1076 692 1165 quid
713 1079 842 1142 nomine
865 1077 900 1144 Ο.
924 1076 984 1143 Mn.
1006 1079 1040 1142 in
1062 1077 1198 1146 concilio
1221 1075 1409 1165 simpliciter

86 1179 328 1265 proponendum
350 1189 384 1246 et
404 1180 581 1268 petendum
604 1181 653 1265 sit,
677 1179 812 1246 alterurn
835 1180 911 1269 quid
934 1203 993 1268 per
1014 1190 1157 1248 oratores
1179 1181 1216 1247 0.
1231 1178 1292 1244 Me·
1314 1188 1408 1245 extra

87 1281 253 1348 concilium
282 1283 445 1370 agendum
473 1285 522 1349 sit.
558 1285 637 1349 visis
666 1285 775 1370 itaque
804 1283 932 1350 duobus
959 1282 1050 1350 libris
1078 1285 1218 1350 caesaris
1245 1283 1285 1348 de
1312 1282 1409 1348 rebus

86 1385 309 1453 conciliaribus
331 1388 459 1474 scriptis
482 1397 515 1454 et
537 1387 717 1454 oratoribus
738 1387 946 1468 transmissis,
968 1397 1037 1452 tum
1059 1387 1098 1452 iis
1114 1389 1211 1453 etiam
1227 1407 1310 1474 quae
1323 1386 1409 1450 inter

87 1487 119 1554 0.
133 1489 210 1554 bl‘'¹'
224 1500 256 1555 et
268 1490 351 1555 ΒΝ·
362 1489 403 1555 D.
417 1489 453 1557 O.
465 1490 636 1556 Moronum
649 1491 788 1576 primum
801 1512 885 1556 voce
900 1511 940 1555 ac
954 1489 1070 1556 deinde
1084 1489 1160 1556 hinc
1173 1490 1249 1556 inde
1262 1491 1296 1554 in
1311 1489 1409 1576 scrip·

87 1592 121 1654 tis
143 1601 221 1658 acta
242 1602 325 1677 sunt,
349 1615 387 1658 ea
409 1615 493 1681 quae
514 1591 670 1658 hactenus
694 1592 889 1658 sufficienter
908 1594 943 1658 in
966 1592 1101 1660 concilio
1124 1593 1261 1660 diffinita
1279 1615 1350 1660 esse
1363 1593 1409 1658 vi·

86 1693 210 1778 dentur,
245 1719 287 1762 ex
296 1697 473 1783 praedietis
496 1697 623 1783 scriptis
639 1698 779 1762 caesaris
802 1707 954 1785 tunquam
977 1700 1040 1762 iam
1063 1696 1194 1763 decreta
1214 1695 1408 1778 amovimus3

85 1820 164 1884 quae
187 1821 267 1865 vero
291 1823 311 1865 a
334 1798 470 1866 concilio
492 1799 635 1865 nondum
652 1799 783 1864 decreta
797 1810 880 1883 sunt,
902 1802 1090 1866 retinuimus
1106 1811 1138 1866 et
1152 1799 1202 1865 his
1216 1801 1295 1887 ipsis
1312 1820 1410 1886 quae-

85 1900 155 1966 dam
179 1905 279 1970 etiam
302 1903 366 1969 alia
388 1903 573 1986 adiecimus,
598 1913 631 1992 et
652 1903 796 1989 singulas
823 1905 975 1970 materias
1004 1904 1064 1970 sub
1093 1904 1229 1990 singulis
1256 1901 1356 1968 titulis
1378 1910 1410 1966 et

83 2005 220 2072 rubricis
241 2009 418 2093 posuimus,
442 2016 477 2071 ut
499 2009 546 2071 sie
568 2005 603 2072 C.
626 2006 693 2072 M‘¹'
716 2006 795 2092 quid
817 2004 972 2073 hactenus
989 2017 1105 2090 aetum,
1129 2006 1208 2095 quid
1223 2028 1287 2073 non
1302 2015 1408 2070 actum

83 2109 216 2198 etquid
240 2110 394 2198 deinceps
417 2109 579 2196 agendum
601 2109 651 2194 sit,
675 2105 792 2176 clarius
813 2109 994 2196 intelligere
1020 2112 1129 2197 possit

115 2519 257 2588 Articuli
279 2521 408 2587 nomine
430 2519 467 2588 O.
489 2520 550 2586 Mc.
572 2521 605 2586 in
628 2520 763 2588 concilio
785 2520 974 2588 Tridentino
987 2517 1038 2588 'de
1060 2541 1145 2587 novo
1166 2519 1377 2608 proponendi.

185 2735 239 2800 De
259 2757 414 2823 processu
436 2734 578 2802 concilii:
602 2735 619 2800 I
642 2756 724 2824 quae
747 2736 837 2822 prius
859 2732 913 2801 vel
934 2736 969 2800 in
991 2755 1084 2801 sacra
1114 2735 1274 2822 scriptura
1300 2734 1355 2800 vel
1376 2735 1410 2798 in

85 2838 248 2904 veteribus
281 2837 424 2904 conciliis
458 2848 545 2904 recte
579 2837 716 2905 diffinita
749 2848 825 2905 sunt
856 2849 889 2904 et
911 2861 985 2905 cum
1006 2837 1177 2904 haereticis
1198 2839 1263 2902 iam
1286 2845 1410 2903 conuo-

84 2964 180 3008 versa
200 2963 266 3007 non
288 2952 372 3026 sunt,
395 2964 434 3007 ea
454 2945 487 3006 in
509 2941 630 3007 nullam
653 2945 873 3030 quaestionem
888 2941 1066 3008 trahantur.
1088 2940 1123 3007 11
1137 2951 1174 3006 ut
1188 2941 1411 3028 deputationea

86 3067 125 3109 ex
149 3044 302 3111 omnibus
328 3043 512 3111 nationibus
541 3067 736 3130 paucorum,
766 3045 824 3112 sed
855 3046 1030 3111 eorundem
1061 3055 1129 3110 tam
1157 3045 1234 3110 iuris
1258 3043 1358 3110 divini
1379 3053 1412 3109 et

84 3147 220 3212 humani
234 3147 410 3234 peritorum
420 3145 586 3213 hominurn
600 3149 671 3234 pari
686 3171 819 3214 numero
834 3149 920 3232 fiant,
945 3170 984 3213 ac
998 3169 1156 3234 personae
1168 3147 1410 3234 deputationum

85 3273 103 3315 a
124 3248 280 3338 praelatis
303 3252 469 3318 nationum
490 3253 555 3317 iarn
576 3251 802 3339 praesentibus
825 3259 858 3317 et
878 3251 928 3315 his
951 3251 1008 3339 qui
1030 3251 1136 3318 adbuc
1149 3251 1261 3316 venire
1275 3260 1411 3338 possunt

84 3353 136 3418 vel
161 3375 273 3420 eorum
295 3355 558 3441 procuratoribus
579 3357 782 3420 nominentur
797 3363 829 3420 et
845 3354 980 3420 concilio
994 3363 1247 3442 praesententur,
1268 3351 1322 3419 vel
1336 3375 1410 3419 oon-

84 3455 264 3522 lirmandae
286 3458 339 3524 vel
361 3457 559 3540 refutandae,
583 3466 619 3523 ut
640 3460 674 3522 in
696 3455 802 3523 locum
825 3479 935 3524 eorum
958 3479 1042 3545 quae
1064 3457 1169 3522 minus
1184 3456 1321 3524 idoneae
1336 3465 1411 3524 sunt

85 3559 170 3626 aliae
184 3569 439 3647 praesententur,
463 3571 499 3626 ut
520 3561 643 3627 scilicet
664 3560 704 3626 de
716 3560 813 3626 rebus
827 3561 861 3626 in
877 3559 1012 3626 coneilio
1027 3561 1200 3647 propositis
1215 3559 1407 3645 consultare,

85 3685 150 3729 non
173 3674 280 3729 autem
303 3663 441 3730 diffinire
463 3666 596 3752 possint.
630 3663 680 3730 111
698 3658 738 3730 'ut
765 3663 837 3729 aliis
865 3686 994 3752 quoque
1023 3665 1085 3750 piis
1108 3672 1140 3730 et
1162 3663 1329 3730 catholicis
1351 3663 1406 3729 ho·

84 3766 226 3833 minibus
249 3769 345 3832 etiam
367 3777 460 3834 extra
484 3768 706 3856 deputationes
729 3769 910 3834 constitutis
932 3769 1092 3854 integrum
1115 3767 1156 3832 sit
1178 3766 1347 3854 deputatos
1369 3765 1409 3832 de

84 3871 183 3936 rebus
207 3893 290 3959 quae
314 3871 545 3938 consultandae
566 3872 719 3938 videntur
740 3873 860 3958 scripto
883 3871 1066 3936 admonere.
1088 3869 1137 3937 lv
1159 3882 1196 3936 ut
1209 3868 1409 3957 proponendi

85 3973 225 4040 facultas
247 3975 280 4040 in
303 3974 439 4042 concilio
462 3998 528 4041 non
549 3975 654 4041 solum
676 3974 762 4061 apud
784 3973 909 4061 legatos
931 3973 1101 4061 pontificis,
1125 3974 1183 4039 sed
1205 3974 1300 4038 etiam
1323 3971 1410 4058 apud

86 4089 196 4163 patres
218 4078 444 4164 imperatorem
466 4077 611 4166 aliosque
634 4077 824 4144 christianos
845 4099 938 4164 reges
961 4086 993 4144 et
1014 4078 1177 4166 principes
1200 4080 1249 4161 sit,
1281 4076 1328 4140 ita
1350 4080 1409 4143 sci·

85 4177 163 4246 licet
185 4189 220 4245 ut
242 4189 275 4245 et
296 4181 358 4268 ipsi
381 4203 420 4246 ea
443 4203 526 4269 quae
548 4204 607 4269 pro
631 4177 854 4248 conservanda
875 4203 954 4246 vera
976 4189 1009 4245 et
1030 4179 1191 4246 catholica
1205 4180 1360 4267 religione
1374 4183 1406 4248 in

86 4284 221 4370 imperio
245 4285 353 4370 regnis
375 4293 408 4348 et
430 4282 578 4350 dominiis
601 4287 667 4350 suis
683 4293 716 4350 et
730 4284 773 4349 ad
789 4281 1044 4349 conservandum
1058 4283 1276 4349 universalem
1291 4294 1409 4349 statum

88 4386 247 4452 ecclesiae
268 4388 452 4452 necessaria
475 4399 557 4466 sunt,
580 4410 640 4474 per
660 4386 786 4475 legatos
810 4385 937 4452 concilii
959 4395 1025 4471 aut,
1048 4385 1301 4454 detrectantibus
1322 4390 1410 4475 ipsis,

87 4512 147 4576 per
168 4512 203 4555 se
227 4492 314 4578 ipsos
337 4489 390 4555 vel
412 4501 553 4556 oratores
583 4514 658 4558 suos
687 4513 868 4579 proponere
889 4492 1027 4578 possint,
1057 4492 1200 4578 petitque
1230 4489 1265 4555 O.
1286 4491 1353 4556 ΜΝ
1376 4500 1411 4555 ut

87 4591 149 4660 hoe
185 4593 291 4681 ipsum
327 4593 454 4659 disertis
491 4593 599 4660 verbis
632 4617 652 4660 a
685 4593 800 4681 legatis
832 4601 864 4658 et
897 4593 1042 4680 patribus
1072 4593 1199 4660 concilii
1221 4593 1409 4659 declaretur.

89 4696 120 4762 V
135 4707 170 4760 ut
186 4696 331 4783 patribus
346 4697 379 4760 in
395 4695 530 4764 concilio
546 4697 678 4763 libertas
695 4696 823 4764 dicendi
836 4698 1037 4783 permittetur
1052 4719 1113 4762 nec
1128 4719 1148 4761 a
1165 4719 1327 4785 quoquam
1343 4699 1411 4763 sive

91 4799 311 4866 ecclesiastico
335 4801 402 4865 sive
429 4799 588 4866 saeculari
617 4802 838 4885 restringatur.
870 4799 918 4864 Vl
942 4808 975 4863 ut
996 4797 1166 4864 multitudo
1190 4799 1412 4884 suffragiorum

91 4913 219 4989 patrum
240 4904 334 4968 unius
356 4906 494 4970 nationis
516 4905 550 4969 in
571 4903 621 4969 bis
644 4925 729 4993 quae
751 4903 794 4968 ad
814 4902 963 4990 politicas
985 4923 1037 4966 res
1067 4901 1223 4968 ecclesiae
1253 4903 1412 4989 pertinent

93 5015 262 5072 coartetur.
285 5007 351 5072 VH
373 5010 462 5074 utin
483 5008 580 5076 rebus
602 5011 635 5075 in
658 5007 793 5075 concilio
817 5006 915 5074 semel
930 5006 1103 5093 propositis
1116 5003 1261 5092 patribus
1276 5003 1411 5072 liberum

143 5143 210 5184 ersa
220 5144 247 5186 οι
268 5155 288 5191 ι.
303 5144 332 5188 a.
344 5145 368 5188 e.
382 5145 478 5192 cenem
1185 5129 1219 5180 ³⁴
