3512 5838
1395 469 1466 535 ‘tel

187 658 359 715 vehementur
376 657 547 717 offenduntur
564 665 644 727 etque
663 657 696 712 de
716 657 891 712 accelerando
911 657 1017 713 concilii
1045 655 1099 713 fine
1123 657 1241 725 comitere
1263 657 1400 725 induunt.
1418 685 1453 700 -·

186 747 238 797 Am
257 749 289 798 19
309 746 439 798 October:
474 747 525 798 Die
543 745 639 798 Kunde
662 762 715 798 von
739 745 792 796 den
808 747 980 812 Wirebmger
1002 744 1130 798 Unruben
1147 745 1179 811 (e.
1205 744 1367 801 Kluckhohn
1390 745 1452 810 463)

186 829 283 898 drenge
300 832 342 882 die
361 833 444 882 Vitter
460 832 582 883 vollende
600 848 648 883 eur
664 832 732 882 Eile.
760 833 825 882 Zum
844 831 931 882 Gldclr
949 831 997 881 het
1015 831 1062 880 dee
1081 831 1181 881 Greien
1198 832 1276 881 Luna
1296 831 1452 898 Forderung

189 917 296 968 bettelis
315 917 361 968 des
379 916 650 983 Propoeilionsrechts
669 916 720 967 den
738 917 873 983 Fortgeng
883 917 930 967 der
941 915 1165 983 Verbandlungen
1182 916 1256 967 nieht
1273 919 1381 982 geetdrt.
1398 917 1453 967 Des

189 1003 297 1054 Keisere
311 1003 421 1070 jungite
438 1003 558 1054 Antwort
575 1018 609 1053 un
627 1004 703 1052 Luna
720 1003 775 1068 (Νι.
795 1001 899 1065 CCXC)
916 999 963 1052 het
980 1001 1024 1052 dle
1048 1001 1170 1068 Legeten
1187 999 1391 1066 dberglllckliolr
1408 1017 1453 1067 ge·

189 1085 288 1142 mncht.
305 1089 362 1140 Der
379 1089 439 1155 'Peg
456 1089 503 1139 der
519 1088 650 1142 uteheten
667 1087 778 1153 Sitnung
794 1089 829 1136 ist
845 1088 1024 1151 unbeetimmt,
1042 1087 1077 1137 du
1094 1087 1165 1138 uceh
1176 1087 1239 1137 kein
1251 1087 1385 1140 Reeobeld
1402 1101 1451 1138 eus

189 1175 258 1226 Rem
275 1174 447 1242 eiugetroffen
465 1177 507 1226 iet.
537 1175 587 1226 biit
605 1176 678 1226 einer
695 1173 805 1239 Sitnung
823 1171 887 1224 wird
906 1189 936 1224 ee
953 1173 1022 1224 wcbl
1045 1173 1120 1225 nieht
1145 1172 1279 1239 ebgetben
1296 1175 1363 1236 sein,
1390 1174 1455 1226 eber

193 1260 237 1311 die
255 1261 374 1326 Leguten
392 1260 481 1311 hellen
499 1259 569 1311 noch
586 1261 621 1310 im
640 1260 791 1310 November
809 1261 868 1309 eine
887 1261 980 1310 zweite
997 1258 1052 1309 und
1068 1258 1150 1310 lebete
1172 1257 1265 1310 hulten
1288 1274 1322 1316 eu
1339 1258 1454 1310 kdnnen.

190 1344 352 1411 Lothringen
370 1346 447 1396 sollte
466 1351 572 1412 gestem
589 1359 643 1396 von
661 1345 728 1396 Rom
746 1346 882 1410 ebreisen3
901 1347 1003 1396 utinam
1020 1344 1123 1395 adferet
1141 1345 1245 1410 sliquos
1271 1345 1385 1394 seriores
1409 1345 1453 1393 sti-

190 1431 275 1482 muloe
294 1430 328 1481 ed
346 1432 553 1502 promovendum
572 1431 765 1482 reformationis
783 1431 930 1496 negotium.
948 1432 1059 1482 Morone
1083 1431 1149 1482 hom
1167 1430 1276 1481 betreffs
1295 1429 1341 1479 der
1358 1430 1454 1479 lmmu-

187 1516 255 1566 nitdt
272 1515 321 1566 der
339 1515 438 1567 Kircbe
456 1518 533 1568 einen
552 1517 699 1582 Mittelweg
721 1515 852 1581 austindig
870 1531 903 1566 ru
922 1516 1049 1580 macheu,
1072 1515 1189 1567 welcher
1213 1515 1266 1566 den
1283 1513 1382 1565 Vlttem
1410 1529 1453 1581 ge-

188 1599 271 1654 sellen
287 1601 343 1652 und
360 1601 414 1653 den
430 1601 546 1653 Fureten
562 1601 638 1653 nieht
653 1601 819 1667 nechtheilig
836 1603 894 1652 sein
910 1601 984 1654 wind.
1012 1601 1158 1668 Berdglioh
1186 1601 1235 1652 der
1252 1601 1388 1652 Wllnsehe
1407 1600 1454 1651 des

187 1687 296 1741 Κώεω
313 1692 471 1740 eutwortete
487 1688 611 1740 Morene:
630 1688 680 1738 sibi
698 1687 750 1738 hoc
767 1687 908 1752 negocium
927 1702 1008 1740 curse
1024 1687 1157 1749 eumn,
1182 1687 1326 1742 dummodo
1343 1687 1403 1738 Mu·
1422 1687 1454 1738 V.

188 1771 216 1826 8.
232 1788 281 1838 per
298 1778 417 1826 oretoree
435 1773 464 1823 id
483 1788 499 1824 e
517 1773 544 1826 S.
564 1772 603 1824 δι’
623 1772 716 1838 petere
734 1788 789 1824 non
805 1774 976 1838 intermittam
992 1787 1054 1824 nem
1067 1773 1119 1824 sibi
1131 1772 1215 1828 videri
1228 1772 1362 1826 ‚haetenus
1375 1774 1454 1826 etiem

187 1873 243 1907 rem
260 1857 328 1908 tenti
347 1859 473 1910 momenti
492 1858 612 1924 trigidius
630 1858 801 1908 sollicitatam
819 1857 908 1920 fuisse,
936 1857 1015 1923 idque
1034 1874 1063 1908 se
1083 1859 1231 1909 existimare
1249 1874 1303 1910 non
1320 1859 1406 1910 solum
1424 1864 1455 1909 ut

189 1940 352 1994 cardinalem
370 1948 449 2010 etque
467 1942 521 1993 Mu.
539 1943 571 1993 V.
591 1943 618 1994 S.
637 1941 846 1993 addictissimum
863 1942 1036 2006 sacellanum,
1055 1941 1102 1992 sed
1121 1943 1199 1997 etiem
1212 1949 1242 1993 ut
1255 1942 1416 1994 cathollcum
1429 1950 1456 1998 et

188 2029 361 2079 chn'stienum
377 2029 519 2080 hominem.
537 2030 639 2094 recepit
656 2029 747 2095 imque
765 2043 795 2078 ee
813 2043 846 2078 ee
864 2027 897 2078 de
914 2044 943 2078 re
961 2029 1017 2079 sine
1029 2041 1103 2080 more
1115 2027 1149 2078 ud
1162 2043 1291 2079 summum
1303 2027 1454 2094 pontificem

184 2115 343 2179 scripturum
361 2114 566 2181 diligendaeque
589 2127 679 2165 eorem
703 2128 765 2164 eum
789 2111 818 2166 S.
836 2111 876 2164 Sl·
896 2118 1029 2176 αοιιιιιιιι,
1053 2115 1246 2178 quamprimum
1270 2114 1322 2164 hoc
1345 2127 1450 2165 suerum

188 2199 331 2252 concilium
349 2199 501 2252 absolutum
519 2199 607 2263 fuerit,
625 2214 706 2265 seque
724 2213 830 2264 operere
854 2198 881 2252 id
899 2214 928 2250 re
945 2200 1005 2263 ipse
1027 2200 1212 2263 praestiturum
1231 2199 1302 2264 quod
1319 2199 1367 2264 per
1384 2200 1451 2265 epis·

189 2301 287 2351 copum
305 2285 517 2338 Oheuedicneem
535 2284 580 2338 M'¹
599 2285 630 2338 V.
650 2285 676 2336 S.
695 2285 829 2350 pollicitus
847 2285 942 2340 suerat.

684 2557 888 2568 n—-n———u--n

714 2865 877 2954 OOXO.

434 3102 512 3178 Der
540 3103 671 3178 Keieer
697 3123 744 3178 eu
773 3101 846 3176 den
867 3099 1008 3178 (le-eleo
1029 3103 1147 3196 Luem

519 3261 724 3328 hoseburg,
744 3265 781 3312 12
800 3263 953 3314 October
973 3265 1062 3313 1663.

615 3439 798 3498 Gmuciloctee.
835 3441 960 3515 omps.

224 3654 421 3745 Accepimus
443 3655 554 3724 liberes
576 3665 702 3723 vestras
725 3657 746 3722 5
768 3656 865 3722 huius
887 3659 1008 3723 meneis
1025 3710 1032 3725 .
1050 3709 1082 3724 ..
1107 3657 1257 3746 quemvis
1272 3658 1306 3724 in
1329 3682 1367 3727 co
1390 3684 1455 3729 non

120 3759 222 3825 simus
245 3771 282 3826 ut
301 3759 531 3848 particularem
554 3759 695 3846 uliquem
717 3761 962 3826 instructionem
993 3761 1027 3824 in
1053 3760 1117 3828 boc
1137 3759 1232 3827 nobie
1255 3763 1455 3848 praescribe·

119 3885 193 3926 mus
209 3910 218 3926 .
234 3912 267 3930 ..
300 3873 409 3929 temen
431 3864 459 3928 si
480 3863 535 3928 vie
563 3862 673 3950 ulique
700 3864 836 3947 reperiri
864 3871 976 3949 posset
1010 3885 1074 3950 que
1095 3885 1154 3927 vos
1177 3864 1210 3928 in
1231 3863 1295 3929 hoc
1316 3868 1455 3954 negocio

121 3987 196 4031 cum
217 3968 297 4054 ipsis
319 3967 386 4031 3¹¹·
408 3967 523 4054 legetis
545 3967 633 4032 bona
655 3965 799 4030 omnium
821 3967 929 4052 gretie
951 3967 1175 4050 conveniretis,
1205 3967 1287 4034 forte
1310 3965 1369 4034 ille
1389 3991 1456 4034 non

121 4078 209 4132 esset
231 4067 422 4156 spernenda.
445 4067 540 4135 nobis
562 4091 621 4156 pro
645 4092 686 4134 ee
707 4067 922 4136 sollicitudine
938 4080 970 4136 et
985 4069 1155 4138 effectione
1177 4093 1243 4158 que
1263 4094 1329 4138 non
1350 4069 1455 4138 selum

120 4171 202 4256 ipsis
223 4173 379 4258 personis,
413 4195 526 4240 verum
549 4172 647 4252 etiem
670 4194 788 4240 ceusee
810 4181 968 4257 tenemur,
990 4175 1131 4240 occurrit
1151 4175 1266 4259 primo,
1295 4175 1324 4237 si
1344 4196 1366 4239 u
1386 4171 1453 4238 12²¹·

122 4272 239 4358 legetis
262 4273 378 4341 saltem
399 4274 474 4341 tulis
493 4272 670 4339 declaratio
677 4274 804 4340 illorum
814 4275 987 4341 verborum
997 4277 1252 4364 proponentibus
1265 4275 1381 4363 legetis
1393 4285 1455 4344 etc.

120 4377 287 4463 impetrari
302 4385 421 4464 posset,
432 4375 585 4444 videlicet
596 4377 683 4463 quod
705 4377 833 4463 perillo
854 4379 957 4446 verbe
978 4401 1045 4445 non
1066 4389 1252 4446 censeretur
1263 4379 1455 4468 derogatum

121 4478 246 4544 iuribus
268 4480 420 4544 instimtie
448 4478 615 4544 ordinibus
636 4469 780 4545 moribus
803 4492 862 4546 eeu
884 4480 1171 4549 consuetudinibus
1181 4483 1235 4548 vel
1249 4482 1455 4572 antiquorum

124 4580 333 4646 conciliorum
346 4581 397 4648 vel
404 4584 500 4648 etiam
510 4605 618 4647 eorum
629 4583 750 4669 quaein
755 4592 919 4669 posterum
930 4584 989 4650 deo
997 4583 1126 4650 favente
1138 4582 1454 4668 celebrandeessent,

123 4694 181 4752 aut
193 4685 440 4776 quibuscunque
457 4685 613 4750 similibus
629 4685 736 4752 verbis
748 4686 811 4753 hoc
823 4687 1043 4755 circumscribi
1056 4699 1174 4776 posset,
1198 4689 1233 4754 id
1247 4686 1454 4754 moderamen

123 4788 216 4853 vobis
239 4811 304 4854 non
328 4811 397 4854 esse
419 4787 664 4875 repudiandum.
689 4787 742 4856 vel
765 4788 908 4856 secundo
932 4792 959 4856 si
980 4791 1065 4858 forte
1085 4793 1149 4878 ipsi
1161 4790 1215 4856 R¹¹²¹
1233 4791 1334 4877 leguti
1355 4788 1453 4856 telem

124 4913 254 4978 quoque
275 4890 460 4978 generalem
483 4891 733 4958 decleretionem
754 4915 820 4958 non
843 4891 1058 4975 admitterent,
1084 4901 1195 4980 posset
1221 4891 1337 4959 seltem
1365 4892 1454 4980 apud

123 4995 212 5086 ipses
235 4993 371 5080 diligens
393 4994 463 5060 fieri
485 4996 647 5082 instantio,
669 5004 706 5062 ut
727 5003 878 5063 curarent
900 5017 940 5062 ee
961 4995 1105 5084 capitula
1133 5017 1216 5086 quae
1244 4995 1285 5062 de
1308 4995 1453 5066 'succule-
