3532 5832
178 730 229 764 nus
247 717 279 766 in
298 717 411 782 imperio
429 717 455 768 si
471 717 607 781 succedat,
624 716 673 770 ssd
683 716 752 768 alius
764 715 918 770 catholicus
928 715 1058 783 princeps,
1077 729 1156 784 quem
1172 718 1299 768 sanctitas
1316 733 1366 769 sua
1382 720 1451 770 bens

175 802 261 851 novit.
283 829 320 840 -
337 809 470 868 postremo
489 817 523 853 ea
541 804 628 854 omnia
647 818 716 869 quae
734 804 861 854 sanctitas
878 818 927 854 sua
944 805 995 868 ipsi
1012 804 1148 870 iniungere
1172 808 1199 855 et
1215 803 1341 854 mandare
1360 804 1449 871 dignu-
1510 857 1517 874 ‚

173 887 257 950 bitur,
276 905 327 954 per
343 890 519 940 iuramentum
537 887 645 939 tirmiter
660 889 779 939 servabit
796 895 823 940 et
839 904 923 955 usque
946 888 982 938 ad
1001 887 1080 938 finem
1097 890 1168 939 vitae
1194 903 1258 939 suae
1276 890 1348 955 apud
1366 891 1450 940 eccle-

171 973 243 1022 sium
262 973 413 1025 Romanam
431 975 548 1025 manebit
565 979 592 1024 et
609 975 799 1040 perseverabit.

763 1162 809 1230 A.

209 1315 385 1398 Quoniam
404 1292 506 1385 Paulo
527 1319 577 1386 IV
599 1321 771 1405 superstite
792 1318 895 1386 multa
918 1318 958 1384 de
981 1287 1040 1384 δώ
1061 1319 1270 1402 Ferdinsndo
1293 1320 1395 1386 electo
1410 1321 1448 1386 R„

13 1411 14 1424 ¹
114 1422 310 1506 imperatore
334 1421 642 1490 circumferebantur
670 1446 754 1511 quae
777 1424 889 1509 optimi
909 1424 1065 1509 principis
1087 1445 1205 1489 nomen
1232 1422 1329 1488 valde
1351 1424 1448 1490 offen·

115 1522 241 1607 debant,
268 1549 312 1591 ee
333 1548 420 1592 nunc
436 1526 533 1592 celari
555 1536 612 1594 aut
634 1524 827 1592 dissimulari
849 1548 911 1591 nec
932 1536 1068 1612 possunt
1088 1527 1157 1590 sine
1179 1527 1272 1612 gravi
1294 1526 1448 1592 scandalo

115 1649 168 1690 nec
190 1627 332 1694 debent.
355 1641 553 1716 quapropter
575 1629 616 1694 ab
640 1640 768 1695 oratore
791 1652 849 1696 suo
872 1628 1071 1715 perbenigne
1086 1641 1134 1694 est
1156 1628 1389 1708 admonendus,
1414 1642 1450 1696 ut

113 1751 230 1796 memor
253 1741 329 1796 turn
349 1733 521 1798 iuramenti
544 1732 605 1798 deo
628 1741 662 1798 et
683 1743 814 1798 sanctes
837 1733 908 1799 sedi
930 1733 1129 1819 apostolicae
1150 1735 1296 1820 praestiti
1317 1743 1385 1798 tum
1401 1735 1449 1798 di-

115 1834 244 1915 gnitatis
270 1846 370 1922 atque
393 1836 491 1901 officii
514 1834 713 1902 subiiciendo
737 1859 771 1900 se
795 1837 952 1920 examini,
977 1846 1013 1900 ut
1033 1838 1131 1902 moris
1153 1846 1217 1920 est,
1239 1837 1387 1924 utpium
1409 1859 1449 1902 ac

13 1945 14 1959 ἢ
114 1934 311 2004 catholicum
332 1939 511 2025 principem
534 1939 645 2022 decet,
666 1940 756 2024 prius
777 1962 813 2007 se
836 1950 1005 2025 expurget,
1038 1962 1135 2027 quam
1158 1949 1329 2006 coronetur
1350 1950 1448 2026 atque

113 2039 296 2124 inungatur.
321 2064 405 2127 quse
427 2052 536 2106 autern
557 2041 603 2106 illi
626 2040 858 2124 obiicebautur,
878 2041 963 2108 haec
984 2043 1159 2130 praecipue
1182 2052 1272 2106 sunt:

209 2141 378 2210 Omnibus
398 2144 468 2210 iere
490 2146 524 2208 in
545 2143 626 2210 locis
649 2144 762 2210 ditioni
784 2167 863 2210 suae
886 2146 993 2210 statim
1021 2143 1175 2210 subiectis
1197 2143 1348 2210 haereses
1372 2169 1450 2234 quo-

112 2244 182 2310 tidie
205 2245 374 2332 pullulare
397 2257 430 2311 et
450 2248 583 2334 impune
604 2248 788 2333 praedicari
810 2260 962 2314 constans
984 2271 1094 2314 rumor
1114 2248 1310 2336 percrebuit.

207 2348 458 2414 Maximilisnus
479 2351 713 2436 primogenitus
736 2353 805 2438 qui,
835 2362 871 2416 ut
893 2374 957 2416 uno
981 2353 1124 2418 omniurn
1154 2374 1209 2417 ore
1231 2351 1448 2439 praedicatur,

113 2451 143 2514 in
162 2473 308 2536 pravam
330 2449 491 2516 haeresim
512 2451 578 2518 labi
601 2474 636 2516 se
658 2475 774 2540 passus
798 2466 862 2540 est,
891 2456 925 2522 in
947 2455 1062 2521 eadem
1090 2456 1220 2520 civitate
1243 2477 1317 2519 cum
1338 2455 1450 2521 heere-

113 2556 178 2620 ticis
207 2557 494 2624 concionatoribus
516 2557 671 2623 toleratur
693 2555 726 2622 in
749 2582 814 2645 qua
835 2570 928 2645 pater
949 2561 1020 2646 ipse
1036 2568 1262 2642 commoretur,
1285 2581 1391 2645 neque
1407 2559 1450 2624 sd

113 2655 190 2724 banc
215 2659 307 2726 diem
330 2684 476 2748 eaquae
500 2660 594 2728 decet
615 2661 894 2728 animadversione
923 2671 1105 2749 correptum
1128 2662 1231 2728 fuisse
1253 2661 1450 2748 intelligitur,

115 2776 142 2825 et
162 2766 188 2826 si
212 2765 426 2830 conferuntur
448 2788 532 2853 quse
559 2764 600 2832 de
615 2763 688 2830 filiis
703 2764 790 2831 Helii
812 2767 845 2831 in
868 2767 968 2831 sacris
991 2763 1081 2830 libris
1109 2765 1275 2851 legrmtur,
1306 2789 1378 2830 cum
1400 2766 1450 2830 his

13 2881 15 2905 '¹
116 2888 193 2952 quae
219 2868 264 2934 de
287 2867 511 2935 Maximilisno
533 2868 693 2948 feruntur,
723 2868 827 2934 multo
847 2870 979 2956 gravirm
1001 2867 1054 2934 hic
1078 2891 1203 2935 errasse
1226 2880 1449 2954 cognoscetur,

116 2981 143 3032 et
161 2981 277 3037 tamen
292 2971 439 3036 dominus
456 2971 587 3040 domum
601 2971 689 3037 Helii
711 2971 881 3058 iudicavit,
905 2996 943 3039 eo
960 2972 1048 3060 quod
1062 2974 1191 3038 noverit
1205 2971 1337 3058 indigue
1352 2996 1450 3058 agere

118 3069 194 3138 filios
217 3097 298 3154 suos
321 3085 353 3140 et
374 3098 440 3140 non
462 3077 662 3162 corripuerit

211 3177 350 3244 Decreti
371 3180 597 3246 executionem
628 3189 741 3244 contra
770 3179 1047 3245 communicantes
1078 3180 1137 3245 sub
1171 3189 1310 3270 utraque
1339 3181 1448 3269 specie

119 3281 323 3368 suspendisse
346 3269 529 3348 incensults
551 3281 629 3348 sede
651 3281 831 3371 apostolica
852 3305 963 3348 omnes
986 3294 1142 3349 asserunt

211 3385 363 3450 Diversis
385 3387 419 3450 in
440 3385 520 3452 locis
541 3388 624 3452 varii
647 3396 824 3452 conventus
847 3409 886 3451 ac
908 3389 1037 3454 comitia
1059 3387 1203 3454 eiusdem
1227 3385 1316 3452 Ser¹¹¹¹
1335 3385 1447 3452 Ferdi·

119 3487 209 3553 naudi
231 3491 324 3554 iussu
346 3487 509 3555 celebrate
532 3501 620 3569 sunt,
644 3489 817 3578 inquibus
841 3489 881 3554 de
904 3491 1010 3554 causis
1031 3490 1107 3556 fidei
1134 3514 1174 3556 sc
1194 3489 1358 3576 religionis
1381 3493 1449 3556 siue

120 3595 307 3658 auctoritate
335 3603 467 3658 sanctae
500 3592 805 3679 sedisapostolicae
828 3603 860 3658 et
888 3593 1029 3658 maxime
1058 3604 1171 3660 contre
1189 3617 1228 3660 ea
1264 3616 1349 3682 quae
1371 3617 1449 3660 non-

123 3715 295 3784 numquam
316 3697 434 3761 nuncio
456 3697 663 3782 promiserat,
685 3705 857 3760 tractatum
879 3696 949 3761 fuit.

212 3799 255 3864 In
283 3801 420 3864 comitiis
446 3798 694 3864 Petaviensibus
730 3821 815 3864 anno
845 3799 928 3864 1552
957 3797 1128 3865 celebratis
1162 3810 1194 3865 et
1227 3801 1261 3864 in
1284 3809 1449 3866 conventu

120 3897 284 3987 Augustae
305 3901 417 3968 habito
439 3924 524 3966 anno
549 3903 632 3967 1555
653 3899 881 3988 Augustarum
908 3904 1165 3988 perversionem,
1204 3926 1302 3991 quam
1325 3903 1448 3968 confes·

120 4003 235 4072 sionem
258 4003 439 4092 appellent,
477 4005 607 4071 decreto
636 4005 857 4071 confirmasse
869 4003 999 4088 dicitur,
1039 4007 1092 4071 cui
1121 4016 1349 4072 sacrosanctae
1377 4006 1450 4072 reli-

121 4105 218 4190 gionis
240 4131 359 4175 nornen
386 4111 481 4174 nimis
509 4107 641 4194 indigne
670 4108 866 4174 attribuitur.
911 4132 953 4175 ex
975 4107 1157 4182 recessibus
1186 4110 1331 4195 ipsorum
1354 4109 1451 4175 comi·

121 4207 231 4278 tiorum
253 4211 337 4278 haee
358 4235 513 4278 concessa
534 4211 634 4278 fuisse
657 4211 861 4298 colliguntur.

213 4315 249 4383 Si
268 4317 340 4404 quis
362 4315 625 4404 archiepiscopus
648 4316 820 4402 episcopus
842 4315 895 4380 vel
924 4313 1057 4380 alterius
1086 4312 1278 4378 conditionis
1301 4312 1451 4379 ecclesia-

122 4418 213 4486 sticae
236 4419 278 4486 ab
301 4422 435 4506 antique
456 4418 613 4504 religione
637 4418 813 4484 descissere
835 4415 930 4502 velit,
953 4417 1068 4483 relicta
1090 4414 1228 4482 ecclesis
1249 4417 1381 4503 impune
1403 4411 1469 4481 art-¹

123 4544 176 4608 que
199 4527 328 4609 integre
349 4523 437 4590 ferna
459 4523 492 4588 id
513 4523 622 4590 faeere
644 4523 755 4610 possit.
779 4525 911 4609 insuper
939 4545 979 4586 ne
1004 4522 1075 4609 quis
1098 4531 1231 4607 propter
1252 4518 1449 4586 ecclesiasti·

123 4647 224 4692 corum
246 4626 406 4691 bonorum
430 4625 625 4714 direptiones
647 4627 680 4689 in
701 4626 752 4691 ius
774 4627 884 4692 vocari
904 4624 961 4691 vel'
980 4624 1145 4690 molestari
1168 4622 1295 4708 debeat,
1320 4644 1449 4687 conces-

124 4749 184 4796 sum
208 4729 269 4796 fuit
291 4731 403 4814 etiam,
440 4729 693 4795 iurisdictionem
716 4728 873 4794 ecclesiae
895 4729 928 4791 in
957 4737 1113 4813 suspenso
1143 4749 1214 4791 esse
1237 4727 1271 4790 in
1293 4724 1343 4790 his
1366 4747 1450 4812 quse

123 4831 326 4922 Augustanae
349 4834 541 4899 confessioni
564 4832 731 4899 adversari
753 4841 901 4920 possent,
925 4839 1118 4917 potestatem
1134 4826 1314 4894 secularem
1337 4829 1370 4891 in
1392 4825 1448 4892 bo-

123 4937 163 4999 uis
184 4934 395 5004 eeclesiarum
419 4935 550 5002 cuilibet
572 4935 696 5002 salvam
719 4959 807 5020 esse,
831 4935 991 5002 nemiuem
1014 4935 1087 5020 cogi
1103 4931 1221 4998 debere
1244 4930 1287 4996 ad
1309 4927 1448 5016 amplec-

125 5040 248 5108 tandam
269 5051 415 5108 veterem
436 5041 626 5130 religionem
641 5039 695 5106 vel
708 5039 936 5124 Augustsnam
952 5037 1187 5129 confessionem
1209 5059 1270 5101 nec
1291 5035 1448 5106 rationem
