3468 5820
405 739 509 786 nomos
527 737 636 800 proponi
655 749 755 798 curere,
773 749 852 800 quem
870 733 976 800 quidem
994 735 1143 788 libertatem
1161 735 1325 801 proponerdi
1342 749 1396 786 uon
1412 733 1498 786 solum
1516 733 1597 797 notis,
1614 735 1654 784 ssd

407 819 466 873 eliis
484 827 512 872 et
529 822 635 886 regibus
652 833 684 872 sc
702 820 865 886 principibus
883 823 1062 874 existimumm
1080 821 1181 874 servm
1200 837 1257 872 esee
1277 821 1382 872 debere.

475 907 610 956 Postremo
635 907 668 956 de
686 905 760 956 bulis
777 907 968 958 reformationis
986 907 1121 960 conclavis
1138 909 1191 958 ism
1207 908 1314 972 saepius
1332 906 1445 958 diximus
1463 906 1536 956 iilum
1558 906 1656 956 mirifico

407 993 483 1044 nobis
506 992 620 1058 precere.
644 994 733 1059 itaque
751 1009 798 1059 pro
821 1009 892 1062 nuno
914 994 988 1045 eliud
1005 1010 1059 1047 neu
1076 996 1191 1060 petimus
1213 1009 1293 1060 quem
1315 999 1347 1044 ut
1363 995 1476 1058 ipsemet
1493 993 1556 1043 ⁸¹¹·
1581 993 1614 1042 Ι).
1631 993 1656 1042 N.

407 1079 477 1130 omui
494 1079 581 1130 studio
600 1081 626 1129 in
645 1079 696 1130 boe
714 1081 863 1143 incumbat,
880 1082 976 1146 purtim
993 1086 1024 1131 ut
1038 1079 1112 1131 bulis
1127 1080 1176 1131 ills
1193 1095 1269 1132 suem
1287 1085 1387 1130 certem
1406 1085 1433 1130 et
1451 1077 1550 1130 fiunem
1568 1093 1657 1129 execu-

406 1167 503 1216 tionem
528 1171 711 1232 coaequetur,
729 1168 824 1232 purtim
841 1173 871 1218 ut
888 1183 906 1217 e
927 1167 1007 1218 ruriis
1025 1165 1077 1217 illis
1095 1165 1337 1218 machinationibus
1354 1180 1423 1231 quse
1441 1167 1467 1216 iu
1493 1165 1658 1216 electionibus

405 1249 557 1316 pontificum
575 1263 714 1304 occurrere
731 1252 831 1314 solent,
856 1267 910 1304 uon
927 1253 1012 1304 solum
1030 1251 1179 1304 wdinsies
1196 1254 1247 1317 ipsi
1264 1252 1395 1318 eligentes
1411 1265 1467 1302 une
1483 1265 1544 1302 cum
1560 1253 1658 1301 concis·

405 1339 488 1400 vistis,
509 1337 656 1402 dequibus
675 1339 726 1388 ism
745 1338 850 1389 ridetur
866 1337 1027 1390 sufficienter
1044 1353 1104 1390 esse
1122 1338 1288 1404 dispositum,
1306 1351 1396 1388 rerum
1415 1342 1443 1388 et
1460 1343 1576 1388 emtores
1597 1339 1658 1402 priu-

406 1425 493 1490 cipum
512 1425 556 1489 qui
574 1429 638 1474 tuno
654 1426 779 1490 temporis
796 1426 825 1476 iu
843 1425 915 1476 Urbe
934 1440 992 1476 esse
1004 1424 1099 1488 solent,
1110 1439 1165 1476 une
1176 1439 1237 1476 eum
1255 1423 1314 1476 eliis
1332 1425 1377 1490 qui
1395 1437 1484 1474 curem
1502 1423 1657 1474 comedendi

407 1509 543 1562 concleris
569 1509 669 1562 hebent
687 1516 784 1562 etune
802 1526 862 1562 cum
880 1512 1001 1562 universo
1024 1510 1124 1578 populo
1143 1511 1262 1564 Romsrm
1280 1516 1411 1578 quotenus
1434 1526 1500 1576 opus
1526 1517 1565 1560 eet
1589 1524 1657 1574 qmm

407 1597 579 1648 severissimis
596 1598 724 1663 appositis
736 1599 828 1664 poenis
841 1598 1001 1664 greriseimis
1012 1599 1210 1650 absterreantur
1222 1603 1249 1648 et
1261 1602 1471 1664 compescuntur,
1483 1611 1552 1662 quse
1563 1595 1658 1661 quidem

406 1685 473 1734 rstio
499 1684 577 1734 nobis
600 1685 657 1735 vise
680 1681 730 1734 fuit
747 1685 891 1736 rectissime
909 1685 937 1733 in
961 1683 1074 1738 concilio
1093 1699 1154 1734 cum
1178 1683 1369 1736 deliberatione
1393 1688 1420 1734 et
1444 1681 1554 1734 musitio
1578 1697 1658 1732 eornm

405 1770 450 1836 qui
468 1768 566 1820 ibidem
584 1785 674 1836 regum
693 1784 725 1820 sc
742 1771 890 1836 principum
908 1775 1025 1821 oratores
1043 1773 1125 1836 egunt
1143 1770 1269 1822 constitui
1286 1785 1373 1834 posse.

470 1873 565 1938 Itaque
585 1871 624 1922 ΡῑΙ
644 1871 676 1926 V.
694 1872 761 1922 Bes·
781 1874 1008 1938 peremissimum
1033 1887 1092 1924 esse
1109 1875 1229 1938 eripimus
1253 1871 1318 1924 nibil
1341 1873 1418 1924 nobis
1440 1871 1565 1924 accidere
1587 1887 1656 1936 posse

407 1959 557 2024 optsbllios,
569 1973 647 2025 quum
666 1965 695 2010 ut
712 1957 764 2010 ΕΜ
784 1959 818 2012 D.
836 1959 869 2010 N.
887 1965 914 2010 et
925 1960 1002 2012 uobis
1018 1960 1046 2010 in
1064 1961 1096 2010 iis
1113 1958 1299 2025 promovendis
1317 1973 1350 2010 ec
1361 1957 1507 2010 iracundis
1525 1971 1593 2022 quse
1610 1972 1659 2022 per-

405 2046 490 2096 tinent
508 2045 542 2096 ed
555 2044 688 2110 publicem
706 2045 818 2096 sulutem
836 2047 918 2098 totius
937 2045 1135 2098 christieuitstis
1152 2061 1258 2112 quoque
1269 2051 1388 2110 tempore
1399 2046 1434 2096 sit
1451 2057 1506 2096 une
1523 2043 1659 2108 eedemqm

403 2136 531 2196 perpetue
550 2136 576 2182 et
594 2139 718 2184 constans
735 2131 865 2182 voluntrs.
884 2131 912 2182 id
930 2133 995 2197 quis
1011 2137 1038 2184 et
1055 2131 1090 2183 8¹¹
1112 2132 1139 2183 S.
1158 2138 1186 2182 et
1202 2133 1279 2184 uobis
1296 2138 1423 2198 tunquam
1439 2131 1548 2182 duobus
1564 2131 1656 2196 presci-

403 2218 461 2282 puis
485 2217 648 2284 reipublicee
672 2215 829 2268 obrirtiuuse
848 2219 979 2283 capitibus
1004 2219 1181 2284 meximopere
1200 2219 1342 2270 convenire
1359 2217 1472 2280 videtur,
1491 2223 1518 2267 et
1534 2231 1585 2267 nos
1601 2215 1657 2266 elio

403 2304 466 2367 quin
490 2308 516 2354 et
537 2303 601 2354 buis
624 2317 724 2354 summo
744 2302 862 2369 pontifici
886 2319 950 2369 pree
968 2303 1028 2356 eliis
1045 2319 1134 2356 sumus
1153 2305 1322 2368 deditissimi‚
1344 2305 1408 2356 ΡιιιιΙ
1432 2304 1464 2356 V.
1483 2303 1561 2354 ΒΜ
1584 2304 1660 2354 smice

404 2393 524 2454 repetem
538 2395 564 2440 st
576 2390 727 2455 requisitum
740 2390 870 2454 volumus,
883 2396 912 2442 ut
924 2406 977 2442 uon
988 2392 1047 2456 ipse
1064 2391 1143 2443 modo
1160 2391 1227 2442 brec
1239 2405 1308 2456 quse
1321 2389 1525 2457 proficiscuntur
1536 2405 1569 2440 ex
1580 2391 1658 2440 auimo

403 2477 506 2528 siucero
525 2491 558 2528 se
576 2477 646 2529 bono
666 2476 723 2528 selo
735 2477 762 2528 iu
780 2477 939 2529 deteriorem
950 2481 1115 2543 prrtsmnon
1131 2479 1224 2544 rspirt,
1235 2475 1282 2530 ssd
1301 2483 1329 2528 st
1345 2475 1381 2528 gc
1397 2478 1454 2528 eius
1473 2477 1512 2527 its
1529 2477 1659 2542 imprmrt

402 2567 433 2612 ut
454 2567 482 2614 et
504 2564 563 2629 ipss
586 2561 636 2614 ΒΨ
659 2559 685 2614 S.
709 2564 798 2616 omnir
819 2566 847 2616 in
868 2563 1004 2616 meliorem
1028 2569 1129 2632 portem
1152 2567 1337 2631 interpretetur
1359 2579 1393 2616 se
1414 2564 1529 2630 benigue
1554 2579 1572 2613 s
1593 2562 1661 2613 nobis

403 2651 536 2715 memoret
561 2653 657 2702 etenim
675 2655 808 2712 testemur,
826 2651 898 2716 quod
916 2652 1002 2703 sicubi
1021 2653 1156 2717 cognitum
1179 2651 1260 2702 tuerit
1276 2667 1324 2704 uos
1346 2665 1456 2714 emme,
1474 2649 1548 2717 quod
1571 2663 1661 2714 nequo-

405 2751 485 2802 quem
509 2738 684 2804 cogitabimus
709 2753 809 2790 errores
832 2745 938 2790 nostros
962 2739 1131 2804 pertinaciter
1149 2737 1305 2800 defendere,
1329 2739 1393 2804 quin
1411 2751 1466 2788 rem
1490 2751 1594 2788 omnem
1616 2735 1661 2784 deo

404 2823 646 2876 commendabimus
665 2839 697 2875 sc
716 2821 761 2874 δί’·
774 2823 801 2874 S.
815 2829 843 2874 et
853 2825 923 2876 sueri
941 2824 1048 2875 concilii
1059 2823 1159 2874 iudicio
1171 2839 1204 2875 sc
1217 2825 1333 2875 omnium
1348 2823 1454 2874 iliorum
1472 2824 1519 2888 qui
1535 2823 1661 2888 negotium

402 2909 494 2960 melius
517 2909 667 2976 intelligunt
684 2911 864 2963 subiicismun
887 2911 949 2960 Ριιιῃ
968 2911 999 2960 V.
1019 2909 1093 2960 Bm
1112 2925 1172 2960 cum
1189 2909 1242 2960 iibe
1264 2911 1409 2963 rectissime
1425 2907 1517 2960 velere
1538 2911 1658 2974 optantes.
1723 2908 1724 2984 i

470 2995 569 3048 Datum
587 2996 718 3064 Insprugg
736 2998 768 3047 1³
785 2996 850 3046 bdeii
867 3010 937 3048 euno
957 2998 1031 3048 ibib.
1723 2993 1724 2996 ’

436 3131 470 3218 8)
494 3129 682 3200 Officiosum
705 3135 866 3220 recepisse
890 3131 926 3200 O.
948 3131 1076 3200 Moroni
1103 3131 1146 3198 ad
1168 3131 1278 3198 literss
1302 3133 1335 3198 S.
1359 3131 1395 3200 O.
1424 3129 1486 3198 Mo.
1508 3133 1655 3219 seriptum

334 3258 377 3302 ex
398 3234 546 3320 Motters,
572 3237 612 3304 13
634 3237 712 3302 Maii
737 3237 835 3306 1563:
940 3235 1101 3322 gedruekt
1122 3237 1156 3302 in
1177 3235 1304 3302 Plsnok
1327 3235 1406 3302 iuer.
1428 3235 1460 3321 6,
1484 3235 1506 3300 3

436 3358 470 3440 9)
494 3357 711 3423 Summas-ium
733 3381 844 3424 eorum
866 3379 949 3445 quae
973 3357 1056 3423 inter·
1078 3357 1110 3421 S.
1134 3357 1170 3422 Ο.
1198 3355 1272 3421 Μ”“
1298 3367 1330 3423 et
1351 3357 1433 3422 ΙΨ·
1460 3357 1499 3421 D.
1526 3356 1658 3444 legatum

335 3459 370 3527 O.
396 3459 566 3527 Moronum
589 3471 662 3527 sets
684 3461 827 3527 fuerunt:
915 3459 1066 3525 Entwurf
1084 3485 1147 3526 von
1165 3459 1414 3546 Singlshrnosers
1430 3459 1529 3525 Hand
1553 3462 1582 3524 in
1602 3459 1658 3523 deu

335 3561 469 3630 Wiener
492 3564 528 3631 O.
541 3565 591 3650 A„
614 3566 725 3632 weiter
747 3563 936 3650 ausgeiiihrt
957 3566 990 3630 in
1005 3566 1086 3630 swei
1100 3565 1339 3632 Reiusohristen
1354 3562 1585 3632 ebeudsselbst
1599 3561 1658 3626 und

335 3669 368 3734 iu
391 3668 657 3738 einerAbscbrist
679 3669 738 3736 der
760 3669 981 3736 Innsbrueker
1003 3667 1039 3734 C.
1061 3668 1119 3744 A.;
1143 3671 1176 3734 'm
1192 3667 1321 3734 letutrer
1335 3669 1487 3752 Fussung
1505 3665 1658 3754 gedruokt

334 3771 523 3839 inMsrtdne
545 3783 608 3838 vet
631 3795 771 3838 monum.
795 3773 825 3856 8,
852 3772 929 3838 1351
951 3799 987 3828 =
1003 3771 1051 3836 Le
1074 3769 1146 3836 Pist
1167 3773 1273 3854 6,15;
1296 3773 1328 3836 in
1343 3771 1469 3836 Plenolr
1491 3770 1569 3836 isse.
1586 3769 1614 3852 6,
1628 3769 1659 3850 43

338 3876 370 3940 in
395 3874 552 3942 Buehoitz
576 3877 606 3958 9,
629 3877 701 3942 686.

439 3997 492 4084 10)
517 3998 558 4064 K.
581 3995 768 4064 Ferdinend
790 3995 861 4083 gibt
881 3997 1003 4064 seinem
1025 3991 1133 4064 Sohne
1154 3993 1341 4062 Ferdinsnd
1362 3993 1522 4079 vorltiufig
1545 3993 1654 4060 Kunde

335 4123 399 4168 von
421 4101 485 4168 den
507 4101 784 4188 Verhendlungen
804 4103 863 4166 mit
883 4101 1020 4168 Morene
1039 4099 1107 4166 und
1128 4098 1215 4164 stelit
1235 4098 1302 4164 ihm
1316 4098 1369 4164 die
1383 4097 1590 4184 Mittheiiung
1605 4097 1654 4162 der

336 4205 497 4272 urrisohen
512 4205 577 4270 ihm
594 4205 662 4272 und
676 4205 750 4270 dem
766 4203 918 4270 Gerdinsl
937 4203 1174 4290 gerreohseiten
1190 4201 1425 4268 Schriststiicke
1446 4204 1479 4266 in
1494 4199 1653 4281 Aussicht3

336 4308 532 4393 Innebruek,
557 4309 597 4373 16
620 4307 686 4373 Mei
716 4307 814 4374 1563:
918 4303 1078 4392 gedruoist
1099 4309 1133 4370 in
1155 4305 1277 4372 Plenck
1299 4307 1377 4372 iaso.
1402 4307 1431 4383 1,
1454 4307 1484 4370 5.

438 4483 496 4550 vgs
514 4483 614 4534 esrum
632 4485 656 4546 o,
675 4483 739 4544 sos;
757 4467 833 4548 supi
850 4481 915 4544 srs;
944 4479 1046 4532 Puris.
1066 4483 1090 4540 s,
1112 4481 1174 4545 ros;
1194 4479 1451 4546 beringerium.
1470 4479 1538 4542 ως
1564 4480 1652 4530 sese-

406 4569 470 4620 delli
480 4573 505 4634 2,
516 4573 581 4634 8⁷93
599 4570 714 4636 Cyprium
723 4571 770 4630 313
789 4567 884 4620 Ruuke
894 4571 916 4632 1,
927 4569 991 4630 8³83
1010 4566 1130 4616 Schmidt
1139 4569 1162 4624 2,
1175 4567 1238 4628 188;
1248 4566 1379 4616 Bueholtu
1388 4567 1413 4629 8,
1425 4567 1485 4616 543.
1506 4593 1535 4604 -
1556 4565 1651 4616 Simus·

404 4656 475 4708 liche
492 4657 673 4708 Aomnstdcks
691 4655 799 4706 wurden
826 4654 896 4706 such
920 4653 979 4704 dem
998 4654 1121 4718 Herzoge
1144 4667 1196 4702 von
1214 4653 1309 4702 Beieru
1326 4651 1486 4717 mitgetbeilt
1502 4653 1559 4704 und
1575 4653 1649 4702 finden

406 4744 462 4794 sich
481 4759 539 4794 sum
558 4759 667 4810 grossen
684 4742 762 4793 Theii
780 4742 849 4793 noch
868 4743 895 4791 in
915 4740 966 4791 den
984 4739 1149 4790 Miincbener
1167 4739 1346 4792 Concilscteu.
1371 4765 1392 4776 -
1415 4739 1472 4790 Aue
1491 4739 1591 4791 sllerlei
1608 4739 1650 4788 bie·

405 4830 453 4882 ber
470 4829 612 4897 gehbrigen
634 4830 868 4895 Auireicbnungen
895 4830 922 4878 in
940 4827 992 4878 den
1011 4827 1118 4876 Wiener
1135 4827 1220 4876 Acten
1246 4825 1298 4876 wiii
1325 4826 1368 4877 iob
1394 4827 1464 4877 noch
1493 4831 1593 4896 einiges
1610 4829 1649 4879 bei-

406 4917 495 4983 ssipen.
514 4919 564 4968 Die
581 4917 677 4983 Repiilr
695 4917 743 4968 des
761 4915 900 4968 Cmdinels
918 4915 970 4981 geb
989 4914 1113 4965 Oordors
1130 4914 1226 4964 Auless
1243 4927 1278 4964 ru
1295 4912 1356 4964 sehr
1367 4914 1485 4965 sobarier
1497 4917 1649 4976 Aeusecrung

408 5004 493 5068 (Briei
508 5021 542 5056 su
561 5004 612 5056 deu
630 5005 734 5068 Keiser)
761 5004 876 5056 dsrdber
899 5001 960 5054 dues
983 5002 1093 5052 Morene
1113 4999 1192 5066 jedes
1208 5001 1347 5068 Eingeben
1374 5003 1422 5052 sui
1437 5003 1579 5052 Reiormen
1604 5017 1646 5050 ver·

407 5097 537 5162 weigerte.
556 5096 645 5147 Ueber
662 5096 780 5157 eirrselue
797 5097 824 5146 in
852 5093 903 5145 den
922 5093 1145 5160 Verbsndlungen
1163 5089 1358 5140 animuohende
1383 5090 1498 5158 finger,
1526 5091 1575 5142 wie
1592 5106 1611 5138 e
1625 5085 1647 5136 ii.
