3532 5832
118 717 235 772 ronna
260 709 315 774 dei
341 721 517 799 praecepta
544 713 577 776 in
605 712 702 778 rebus
731 715 888 796 externis,
923 712 979 778 sed
1014 717 1110 780 etiarn
1140 727 1252 783 contra
1280 720 1452 784 canonicas

116 813 373 879 constitutiones
395 823 465 880 tum
486 817 518 879 in
541 815 713 902 praedictis
736 825 804 881 tum
817 807 897 882 ⁴aliis
919 820 1015 884 etiam
1038 819 1180 884 articulis
1202 821 1378 910 plaeraque
1394 846 1452 909 pro

117 917 251 982 ratione
274 921 426 1006 temporis
448 922 631 1006 permisisse
653 920 819 986 tollerasse
842 943 881 986 ac
907 929 1059 1004 mutasse,
1089 947 1141 988 res
1164 933 1213 990 est
1233 925 1391 1012 theologis
1414 949 1453 992 ac

116 1021 299 1086 canonialis
323 1023 472 1088 omnibus
494 1024 669 1090 notissima.

222 1124 309 1210 Non·
320 1134 430 1212 potest
451 1128 583 1212 insuper
604 1126 640 1192 C.
657 1125 689 1192 S.
706 1127 774 1192 ΜΝ
790 1128 916 1195 silentio
931 1133 1105 1216 praeterire
1120 1132 1218 1219 quod,
1241 1143 1452 1221 posteaquam

112 1228 192 1291 R===
222 1227 265 1292 D.
296 1228 560 1316 archiepiscopus
589 1229 849 1316 saltzburgensis
883 1236 1063 1318 praeteritis
1095 1235 1260 1301 mensibus
1294 1237 1452 1324 synodum

115 1354 192 1397 cnm
219 1334 288 1398 suis
311 1336 513 1421 coepiscopis
536 1333 746 1416 celebrasset,
777 1335 865 1421 apud
887 1335 963 1399 M²⁰¹²¹
987 1336 1019 1403 S.
1044 1337 1079 1404 O.
1103 1341 1263 1406 missiset
1292 1341 1452 1426 deputatis

117 1443 219 1505 certis
243 1439 475 1505 commissoriis
497 1463 621 1506 summa
642 1443 795 1506 instantia
817 1443 919 1528 egerit
941 1451 973 1506 et
995 1445 1182 1508 tractaverit
1197 1443 1356 1530 quaedam
1378 1468 1453 1530 per·

113 1546 254 1611 tinentia
290 1548 334 1613 ad
366 1547 617 1612 iurisdictionem
640 1547 741 1632 ipsius
764 1555 796 1610 et
819 1546 1084 1631 coepiscoporum
1107 1569 1238 1612 suorum
1261 1547 1452 1614 ecclesiasti-

115 1671 189 1713 cam
215 1651 250 1712 in
272 1650 337 1714 ΜΨ
360 1649 392 1715 S.
415 1651 590 1737 provinciis
613 1649 803 1732 Austriacis,
828 1671 911 1736 quae
934 1648 995 1713 sub
1019 1648 1159 1714 dioecesi
1182 1650 1324 1715 eiusdem
1341 1650 1399 1715 Rmi
1408 1651 1451 1717 D.

115 1750 385 1840 saltzburgensis
412 1777 452 1820 ac
481 1754 638 1820 dictorum
670 1755 933 1840 coepiscoporum
963 1775 1093 1819 sucrum
1117 1755 1267 1836 exiebant,
1300 1777 1452 1820 exercen-

117 1855 208 1938 dam,
233 1868 266 1922 et
288 1859 371 1924 inter
393 1857 457 1923 alia
478 1859 666 1924 nominatim
689 1857 859 1946 postularit
880 1866 916 1921 ut
936 1857 1007 1922 ΜΨ
1030 1855 1062 1922 S.
1087 1856 1123 1923 O.
1147 1880 1260 1922 curare
1282 1855 1388 1939 vellet,
1418 1868 1453 1922 ut

113 1983 173 2046 per
198 1972 395 2026 memoratas
417 1961 482 2026 Mes
501 1960 533 2027 S.
551 1962 587 2028 O.
606 1963 790 2048 provincias
812 1983 890 2026 usus
913 1959 1049 2025 duorum
1078 1962 1211 2025 istorum
1234 1959 1451 2045 articulorum,
1554 1979 1560 1990 ’

115 2063 244 2130 scilicet
279 2067 512 2132 communionis
545 2065 605 2131 sub
639 2074 776 2151 utraque
809 2064 917 2150 specie
948 2073 980 2128 et
1009 2064 1149 2148 coniugii
1178 2063 1450 2150 presbyterorum,

113 2191 252 2254 prorsus
275 2168 474 2235 inhiberetur
501 2168 739 2256 tollereturque.
769 2167 828 2232 sed
856 2168 932 2254 quia
954 2167 1022 2230 ΜΝ
1046 2165 1079 2231 S.
1104 2166 1139 2232 O.
1164 2164 1263 2253 (quae
1290 2176 1327 2230 ut
1354 2189 1453 2253 supra

114 2280 290 2337 ostensum
321 2281 370 2338 est
390 2295 449 2359 pro
473 2295 507 2338 sc
528 2273 601 2359 ipsa
622 2271 699 2336 nihil
721 2270 834 2337 horum
856 2268 1002 2357 requirit)
1033 2291 1136 2358 usque
1165 2269 1206 2335 ab
1235 2269 1453 2337 adolescentia

113 2376 147 2439 in
177 2375 230 2440 his
262 2386 294 2440 et
322 2375 392 2440 aliis
421 2377 621 2462 gravissimis
650 2374 832 2468 quibusque
860 2373 1053 2439 christianae
1081 2372 1280 2460 reipublicae
1307 2377 1452 2462 negociis

114 2487 251 2546 versata
272 2478 367 2544 facile
390 2481 501 2562 cernit,
524 2479 602 2567 quid
625 2480 658 2543 in
679 2477 741 2544 hac
764 2486 855 2565 parte
877 2477 945 2542 lieri
969 2483 1076 2565 queat,
1100 2501 1165 2544 non
1186 2478 1290 2563 potuit
1312 2487 1452 2564 praeter·

116 2585 248 2648 mittere
268 2583 346 2669 quin
369 2582 483 2648 eadem
506 2582 735 2670 impedimenta
756 2583 817 2666 ipsi
839 2580 1084 2666 archiepiscopo
1107 2591 1139 2646 et
1163 2581 1364 2666 coepiscopis
1387 2583 1453 2646 suis

116 2684 202 2751 banc
226 2708 297 2750 rem
316 2685 391 2772 plus
414 2709 511 2773 quam
534 2685 598 2751 dici
622 2694 720 2773 queat
742 2684 904 2750 difficilem
929 2682 1170 2770 postulantibus
1190 2707 1250 2770 pro
1266 2683 1330 2748 Ml·
1354 2683 1387 2749 S.
1404 2707 1452 2750 ar·

118 2789 309 2854 dentissimo
332 2789 493 2856 iuvandae
515 2788 755 2855 christianitatis
778 2788 884 2853 studio
908 2787 1117 2874 significaret,
1141 2796 1238 2873 prout
1259 2785 1331 2852 ΕΜ·
1352 2787 1394 2852 Ι).
1411 2787 1451 2852 N.

118 2915 161 2956 ex
189 2891 337 2957 eiusdem
365 2894 510 2979 responsi
538 2892 637 2957 latino
668 2891 816 2978 exemplo
845 2890 985 2976 benigne
1020 2913 1216 2976 cognoscere
1248 2892 1366 2976 poterit
1389 2887 1452 2978 [131.

120 3017 183 3081 quo
207 2995 319 3083 utique
341 2995 410 3060 ΜΜ
432 2993 466 3060 S.
490 2994 525 3060 O.
550 3005 585 3059 ut
607 2993 789 3081 obsequens
813 2992 968 3059 ecclesiae
989 2992 1074 3057 filius
1097 3000 1129 3057 et
1152 2991 1329 3059 catholicus
1351 2994 1451 3080 impe-

119 3109 209 3162 rator
233 3098 287 3185 qui
309 3096 389 3161 nihil
410 3097 471 3161 nisi
495 3099 617 3163 sincere
640 3096 710 3162 vult
731 3119 837 3182 agere,
861 3094 928 3161 gum
945 3098 1013 3161 eius
1030 3095 1156 3161 caelare
1172 3095 1282 3180 noluit,
1306 3106 1341 3162 ut
1358 3099 1384 3161 si
1400 3095 1452 3163 res

120 3202 183 3264 ista
204 3224 227 3264 a
249 3201 334 3268 dicto
358 3201 600 3288 archiepiscopo
624 3203 758 3289 eiusque
782 3202 982 3286 coepiscopis
1005 3200 1048 3265 ad
1063 3197 1131 3264 ΒΜ
1155 3203 1224 3267 eius
1248 3201 1355 3266 delata
1377 3201 1453 3265 fuis-

121 3315 170 3369 set
192 3303 246 3369 vel
267 3305 486 3390 inposterum
510 3303 702 3388 deferretur,
733 3301 791 3368 S‘·'⁸
814 3305 892 3387 eius,
919 3304 1047 3390 penitus
1069 3311 1240 3391 perspecto
1270 3312 1302 3368 et
1323 3304 1453 3389 cognito

122 3415 208 3471 statu
230 3414 262 3472 et
277 3406 459 3472 conditione
481 3407 644 3494 religionis
665 3416 698 3472 et
718 3430 826 3472 rerum
849 3408 990 3472 omnium
1013 3407 1046 3470 in
1062 3405 1249 3489 Germania,
1274 3430 1311 3473 eo
1334 3407 1453 3471 rectius

122 3511 306 3575 necessaria
328 3518 360 3574 et
383 3511 606 3575 convenientia
629 3519 695 3574 tam
718 3511 810 3596 gravi
832 3509 917 3574 malo
939 3509 1084 3574 remedia
1106 3508 1261 3575 adhibere
1288 3517 1395 3596 queat

224 3613 268 3678 Et
290 3613 371 3679 haec
394 3613 523 3701 quidem
547 3615 654 3679 omnia
677 3637 750 3678 cum
771 3599 841 3677 Μ’·
863 3611 896 3677 S.
921 3612 956 3678 O.
980 3611 1039 3678 8³¹⁰
1061 3612 1103 3676 D.
1126 3613 1165 3677 N.
1188 3635 1253 3678 non
1277 3635 1315 3678 co
1347 3615 1453 3678 animo

124 3715 304 3800 significare
327 3718 483 3794 statuerit,
507 3717 595 3805 quod
616 3716 695 3782 velit
716 3715 758 3781 su
782 3715 815 3782 S.
838 3715 971 3782 modum
993 3716 1216 3802 praescribere
1238 3717 1331 3780 iuxta
1353 3737 1451 3802 quem

124 3819 228 3885 officio
252 3842 310 3884 suo
332 3819 486 3905 pastorali
509 3820 599 3905 fungi
624 3818 754 3902 debeat,
785 3818 844 3883 sed
866 3828 989 3883 tanturn
1019 3829 1054 3884 ut
1076 3817 1118 3883 S²¹
1143 3819 1212 3883 eius
1233 3821 1326 3883 iuxta
1349 3825 1453 3903 pater-

122 3945 197 3985 nam
219 3924 288 3986 cius
311 3924 560 4010 requisitionem,
589 3922 667 4010 quid
695 3923 766 4008 ipsa
789 3921 829 3987 de
851 3921 914 3987 hoc
942 3921 1068 3986 concilii
1090 3922 1226 4006 negocio
1250 3922 1375 3999 sentiat,
1406 3921 1451 3984 in·

124 4047 226 4107 genus
250 4034 282 4090 et
304 4024 442 4090 candide
463 4033 617 4112 tanquam
647 4024 828 4112 obsequens
856 4023 1013 4089 ecclesiae
1042 4024 1126 4088 lilius
1156 4022 1349 4106 declararet,
1381 4023 1454 4089 ideo

125 4128 190 4193 SM*
212 4127 245 4194 S.
269 4128 311 4193 ob
334 4128 367 4193 id
388 4129 623 4214 impensissime
650 4138 745 4214 rogat
775 4137 810 4191 ut
839 4150 877 4191 ea
905 4151 963 4214 pro
992 4126 1086 4192 solita
1115 4149 1174 4191 sua
1204 4127 1454 4214 aequanimitate

125 4235 243 4317 pietate¹
268 4241 301 4295 et
323 4253 400 4316 erga
422 4229 500 4294 ΜΝ
520 4229 552 4295 S.
575 4229 610 4296 O.
634 4229 860 4296 benevolentia
882 4231 915 4294 in
942 4230 1064 4294 bonam
1094 4240 1220 4315 partem
1251 4230 1454 4315 interpretari

125 4347 219 4423 atque
242 4333 383 4399 afflictae
405 4333 602 4420 reipublicae
626 4333 820 4398 christianae
836 4355 934 4419 quam
948 4336 1087 4419 primum
1104 4332 1276 4397 subvenire
1293 4331 1452 4417 dignetur.

127 4461 221 4526 quam
248 4447 285 4501 ut
306 4437 387 4501 deus
410 4435 449 4501 Ο.
463 4437 513 4501 Μ,
536 4435 693 4502 ecelesiae
717 4459 814 4524 quam
844 4436 1021 4502 diutissime
1050 4436 1173 4501 salvam
1202 4443 1234 4501 et
1259 4435 1454 4501 incolumem

129 4549 304 4623 conservet,
328 4539 399 4603 Mb·
421 4537 453 4604 S.
478 4538 513 4604 (l.
538 4561 579 4603 ex
603 4539 708 4608 animo
732 4541 828 4604 etiam
851 4548 947 4626 atque
968 4539 1065 4604 etiam
1087 4539 1258 4604 desiderat.

259 4709 393 4761 Wrthreud
410 4712 437 4760 in
456 4711 534 4761 Wicn
552 4711 594 4762 dic
612 4711 798 4778 Barathungcn
817 4711 977 4762 stattt‘unden
994 4727 1047 4762 von
1066 4711 1152 4761 denen
1169 4711 1213 4761 Νι.
1227 4711 1338 4761 XXXIV
1355 4711 1454 4761 Kunde

191 4799 256 4866 gibt,
278 4797 333 4848 tras
348 4799 495 4862 splttestens
512 4812 554 4847 am
576 4800 608 4847 14
625 4797 689 4848 Juni
709 4797 751 4848 die
769 4797 914 4848 Nachricht
931 4813 984 4847 von
1003 4797 1050 4847 der
1068 4811 1110 4847 am
1129 4801 1144 4847 3
1163 4799 1189 4847 in
1207 4797 1274 4848 Rom
1293 4797 1452 4862 gehaltenen

190 4883 295 4936 Auredc
314 4882 360 4932 des
378 4883 489 4946 Papster
513 4885 563 4934 ein.
599 4885 650 4934 Die
674 4889 742 4934 erate
759 4883 928 4949 Mittbeilung
945 4883 1049 4933 scheint
1073 4883 1118 4934 der
1136 4883 1249 4934 Nuntius
1272 4882 1396 4949 gemacht
1421 4899 1454 4934 zu

191 4971 285 5022 haben.
319 4969 398 5020 Denn
416 4969 528 5020 Thurms
546 4969 687 5035 Depescba
704 4987 765 5022 rom
784 4972 800 5020 3
818 4970 881 5044 Juni
899 4970 1008 5033 konntc,
1026 4970 1062 5020 da
1079 4971 1151 5020 einer
1163 4969 1332 5020 Nachschritt
1349 4969 1454 5036 rulolgc

191 5057 293 5122 vargas
312 5054 363 5106 deu
380 5054 505 5108 Eilbcteu
521 5055 592 5108 noth
609 5057 674 5108 ruci
693 5057 767 5124 Tage
784 5053 848 5124 lang
872 5057 899 5106 in
916 5055 982 5106 Rom
1008 5054 1232 5122 rumckgehalten
1255 5055 1336 5118 hatte,
1359 5069 1402 5106 am
1421 5057 1454 5106 14
