3512 5838
133 653 234 722 dictio
256 657 481 744 episcoporum
502 665 536 722 et
557 655 850 724 ecclesiasticarum
877 679 1091 743 personarum
1125 660 1223 726 etiam
1245 659 1279 723 in
1300 666 1461 746 tempora-

124 757 216 826 libus
239 782 260 824 a
280 761 407 826 nemine
428 759 553 828 turbari
574 763 629 828 rel
651 761 802 848 impediri
829 783 891 828 nec
920 761 1043 828 subditi
1073 785 1184 828 eorum
1213 761 1257 827 ad
1280 761 1461 828 saecularia

126 861 302 928 tribunalia
324 863 408 930 trabi
431 863 582 930 debeant.
612 863 771 930 hebemus
794 866 889 944 enim,
924 865 1014 954 quod
1042 866 1084 932 ad
1113 863 1306 952 temporalia
1335 865 1460 948 attinet,

124 987 186 1032 nos
207 975 362 1054 tanquam
394 968 568 1054 imperator
589 969 760 1054 episcopos
783 975 816 1032 et
836 965 1000 1054 praelatos
1024 969 1161 1056 imperii,
1185 967 1240 1033 alii
1260 989 1340 1034 vero
1366 969 1453 1055 prin·

128 1067 220 1154 cipes
242 1067 406 1154 praelatos
428 1091 559 1136 suerum
580 1071 822 1158 provinciarum
836 1070 896 1136 sub
912 1071 1135 1138 iurisdictione
1155 1079 1316 1158 potestate
1340 1081 1373 1136 et
1388 1071 1462 1137 obe-

127 1169 250 1238 dientia
269 1181 389 1238 nosne.
423 1171 487 1238 illis
517 1173 656 1240 solemus
678 1175 834 1240 mandare
862 1177 1053 1264 praecipere
1083 1173 1230 1240 inhibere
1252 1175 1287 1239 in
1309 1175 1459 1240 omnibus

125 1276 167 1340 iis
190 1297 274 1362 quas
295 1274 339 1344 sd
366 1284 485 1344 statum
513 1279 723 1364 negociorum
750 1275 955 1365 publicorum
984 1279 1041 1345 rel
1072 1278 1115 1344 ad
1144 1278 1455 1343 administrationem

127 1378 269 1444 iustitiae
290 1379 461 1466 pertinent,
488 1379 561 1446 illos
585 1382 685 1448 citare
714 1380 757 1447 ad
786 1380 1042 1469 comparendum
1072 1403 1182 1447 eoram
1210 1379 1306 1446 nobis
1328 1378 1381 1446 vel
1404 1402 1459 1445 cc·

125 1481 282 1548 misteriis
304 1484 433 1566 nosch,
456 1505 594 1572 quorum
617 1492 706 1550 certa
727 1483 811 1550 ratio
834 1505 877 1550 ex
899 1483 1156 1551 ordinationibus
1178 1483 1306 1570 imperii
1321 1489 1457 1549 constat.

128 1607 150 1654 a
171 1585 415 1672 gravaminibus
436 1609 495 1674 per
517 1587 607 1675 ipsos
629 1588 727 1653 etiam
749 1584 888 1652 subditis
911 1588 1057 1672 ipsorum
1071 1588 1212 1674 propriis
1226 1587 1324 1652 illatis
1340 1586 1383 1652 ad
1399 1609 1460 1652 nos

129 1688 316 1756 recurritur.
338 1711 359 1756 a
381 1690 549 1756 sententiis
572 1698 604 1756 et
619 1687 759 1780 decretis
773 1690 918 1777 ipsorum
934 1689 977 1756 ad
993 1689 1149 1755 iudicium
1165 1711 1314 1754 camerae
1328 1698 1460 1755 nostrae

131 1790 308 1878 imperialis
330 1791 523 1880 appelletur.
545 1791 692 1881 haecque
715 1801 749 1858 et
770 1790 858 1856 mille
879 1790 1063 1857 huiusmodi
1087 1791 1171 1858 adeo
1186 1790 1273 1878 apud
1294 1815 1354 1858 nos
1370 1792 1459 1858 clara

127 1892 312 1962 indubitata
331 1917 372 1962 ac
393 1897 490 1962 etiam
512 1897 693 1962 inveterata
715 1905 791 1962 sunt
811 1903 848 1960 ut
869 1915 965 1960 nemo
988 1897 1029 1960 sit
1052 1895 1109 1981 qui
1131 1897 1164 1960 in
1187 1897 1384 1960 contrarium
1407 1895 1460 1960 vol

125 1997 233 2064 bisoat
254 1997 397 2086 quidem.
422 1997 511 2088 quod
532 2007 641 2065 autem
662 1999 697 2064 in
717 1998 767 2064 VI
789 1996 925 2063 arficulo
955 1997 1170 2085 prohibentur
1201 1998 1366 2084 principes
1389 2019 1458 2062 sae-

127 2099 255 2166 culares
278 2102 419 2190 cuipiam
441 2123 618 2190 procurare
640 2100 772 2190 aliquod
792 2099 986 2168 beneficium
1010 2103 1079 2166 sive
1101 2099 1242 2164 officium
1262 2121 1283 2164 a
1305 2097 1461 2186 regulari·

126 2204 201 2283 bus,
223 2203 377 2272 videlicet
396 2205 553 2292 praelatis
575 2213 633 2270 aut
654 2201 815 2292 capitulis,
848 2203 910 2269 sub
932 2225 1040 2290 poena
1061 2212 1129 2268 tam
1150 2203 1337 2289 impetranti
1361 2223 1458 2288 quem

126 2306 321 2374 concedenti
343 2307 535 2394 infligenda,
570 2309 794 2374 existimemus
816 2305 1000 2372 huiusmodi
1030 2304 1282 2392 prohibitionem
1304 2314 1370 2369 tam
1394 2303 1460 2371 late

127 2433 195 2478 nou
217 2410 318 2478 fuisse
340 2410 592 2491 extendendam,
615 2433 691 2478 cum
712 2432 773 2497 per
794 2411 958 2497 principes
981 2407 1054 2474 illos
1078 2408 1133 2494 qui
1157 2409 1281 2473 sincere
1297 2417 1413 2472 curant
1428 2417 1460 2473 et

125 2535 322 2604 promovere
344 2512 476 2581 student
499 2512 671 2580 commoda
692 2509 913 2594 ecclesiarum,
937 2512 984 2576 eis
1006 2509 1068 2577 bac
1090 2512 1214 2576 ratione
1230 2531 1464 2596 saepenumero

127 2618 308 2685 rectissime
330 2617 518 2686 consulatur
539 2625 572 2682 et
593 2615 796 2703 perniciosae
819 2613 1043 2700 dilapidationi
1065 2634 1104 2677 ao
1128 2611 1343 2678 subtractioni
1365 2612 1465 2678 bono-

127 2744 210 2806 rum,
234 2743 318 2810 quae
338 2721 531 2808 plerumque
554 2718 597 2788 ab
618 2720 698 2806 ipsis
720 2716 999 2806 praelatis.nostri
1020 2717 1176 2802 temporis
1191 2714 1409 2802 proficiscitur
1424 2736 1463 2780 ac

128 2827 260 2894 insum
282 2847 378 2892 usum
400 2846 496 2912 quem
519 2845 579 2890 nos
613 2822 721 2890 dicere
749 2820 851 2908 pudet
882 2819 1095 2900 convertitur,
1139 2825 1340 2884 occurratur.
1378 2826 1465 2882 certe

127 2930 192 2996 nisi
213 2951 273 2996 nos
295 2927 471 3016 aliquando
494 2927 528 2991 in
549 2927 661 3012 regnis
683 2935 716 2990 st
736 2923 913 3011 provinciis
935 2922 1055 2988 nostris
1077 2921 1141 2987 hoc
1165 2919 1262 2986 modo
1284 2921 1371 2985 viros
1393 2921 1465 3006 pios

128 3041 163 3098 et
184 3033 318 3100 idoneos
347 3031 391 3098 ad
412 3029 493 3096 talia
518 3029 680 3096 beneficia
707 3036 740 3094 et
768 3027 877 3092 officia
902 3025 1195 3112 promovissemus,
1224 3022 1334 3109 utique
1365 3021 1466 3086 multo

130 3136 239 3204 officia
260 3145 294 3202 et
313 3134 474 3202 beneficia
496 3154 630 3220 prorsus
651 3132 834 3218 periissent
856 3128 912 3194 illa
934 3127 1064 3215 quidem
1081 3125 1249 3191 adiunctio
1265 3126 1397 3209 gravior
1419 3131 1469 3190 est

129 3248 164 3305 et
185 3236 278 3304 nobis
299 3237 400 3304 multo
423 3237 529 3302 minus
552 3234 688 3302 ferenda
709 3255 793 3320 quae
821 3233 856 3298 iu
875 3230 960 3296 VIII
981 3229 1154 3294 articulum
1177 3226 1356 3312 saepedicti
1380 3227 1466 3313 capi·

129 3343 172 3408 tis
193 3343 331 3427 irrepsit,
354 3339 441 3428 quod
471 3337 625 3404 collectae
658 3337 780 3402 tributa
807 3343 840 3399 et
867 3331 1121 3398 contributiones
1149 3330 1245 3395 etiam
1273 3330 1307 3392 in
1336 3328 1465 3393 casibus

130 3447 307 3533 permissis,
340 3444 446 3510 idest
478 3445 510 3508 in
533 3439 674 3529 publicis
707 3438 948 3526 provinciarum
981 3431 1204 3507 conventibus,
1238 3453 1303 3494 non
1326 3429 1468 3494 debeant

130 3548 241 3616 invitis
262 3547 417 3636 praelatis
438 3543 563 3632 imponi
583 3565 645 3610 nec
667 3561 871 3608 sucoemores
893 3537 999 3623 ligari.
1024 3559 1108 3624 qnae
1131 3537 1218 3599 euim
1242 3555 1363 3620 quaeso
1386 3532 1468 3597 haec

129 3662 217 3720 esset
237 3652 385 3739 aequitas
407 3648 460 3715 vel
481 3648 565 3714 ratio
587 3644 720 3734 politica
742 3642 841 3730 qnod,
865 3639 921 3706 ubi
943 3642 978 3705 in
1001 3639 1138 3704 comitiis
1155 3635 1317 3722 aliquibus
1340 3635 1467 3720 provin·

131 3754 269 3822 cialibus
292 3752 385 3820 multi
408 3753 551 3838 insignes
573 3749 637 3815 riri
658 3769 701 3814 ex
723 3747 810 3812 omni
834 3743 947 3810 ordine
970 3741 1137 3806 hominnm
1167 3738 1344 3813 confluunt,
1373 3739 1399 3802 si
1422 3737 1469 3802 illi

131 3859 217 3924 inter
238 3879 273 3924 se
295 3877 356 3944 pro
378 3855 494 3920 maiori
514 3861 609 3940 parte
632 3849 685 3915 vel
707 3849 805 3915 etiam
828 3847 991 3913 communi
1013 3852 1089 3909 voto
1113 3852 1257 3906 statuant
1278 3840 1405 3927 aliquid
1428 3839 1470 3904 ad

131 3960 343 4028 necessitates
365 3957 514 4046 publicas
536 3976 608 4020 esse
631 3948 911 4030 contribuendum,
942 3971 1026 4012 unus
1049 3956 1158 4011 nutem
1188 3943 1244 4010 vel
1271 3942 1352 4008 alter
1379 3965 1472 4029 prae-

132 4062 220 4130 latus
242 4072 363 4130 temere
385 4059 550 4134 reclamet,
583 4053 672 4144 quod
692 4053 746 4120 ille
769 4051 857 4118 solus
881 4051 999 4116 debeat
1022 4071 1093 4115 csse
1116 4047 1278 4128 immunis,
1315 4045 1370 4108 alii
1393 4067 1472 4109 vero

133 4164 322 4232 obedientes
345 4171 378 4230 et
398 4159 511 4228 fideles
533 4168 637 4225 statua
659 4180 726 4223 non
748 4153 852 4220 solum
877 4152 1060 4220 saeculares
1075 4150 1129 4214 vel
1145 4150 1241 4214 etiam
1257 4146 1475 4212 ecclesiastici

132 4289 245 4334 omues
268 4287 402 4334 onerum
424 4261 655 4330 contributicni
678 4255 872 4325 subiacere?
895 4254 949 4320 rel
971 4252 1086 4318 saltem
1109 4250 1197 4338 quod
1220 4261 1354 4336 propter
1377 4251 1472 4312 unius

132 4371 218 4438 illius
239 4369 515 4456 importunitatem
549 4363 698 4430 turbetur
726 4369 795 4428 tota
817 4358 1020 4426 comitiorum
1041 4353 1148 4422 ratio?
1182 4363 1238 4417 aut
1271 4373 1356 4438 quae
1390 4360 1478 4416 esset

133 4474 216 4542 baec
238 4471 422 4540 absurditas
446 4467 535 4556 quod
558 4467 699 4532 decretis
720 4465 786 4530 iam
807 4485 867 4550 per
895 4462 982 4528 riam
1004 4458 1207 4524 comitiorum
1231 4452 1479 4518 contributioni-

134 4575 199 4644 bus
221 4595 426 4642 successores
448 4569 668 4659 praelatorum
683 4567 725 4634 ad
740 4564 883 4647 easdem,
907 4583 991 4651 quae
1006 4569 1115 4626 umen
1128 4556 1234 4623 reales
1250 4556 1358 4642 potius
1376 4577 1475 4641 quam

134 4677 323 4766 personales
345 4685 428 4756 sunt,
450 4697 517 4740 non
538 4680 733 4754 tenerentur,
757 4669 852 4757 quasi
874 4689 952 4732 vero
967 4673 1095 4730 mortuo
1110 4683 1175 4728 uno
1197 4658 1251 4726 vel
1266 4657 1368 4724 altero
1384 4678 1480 4742 prae·

129 4781 197 4850 lato
219 4782 348 4870 penitus
370 4777 527 4846 confundi
555 4775 677 4842 debeat
699 4771 972 4840 contributionum
995 4770 1080 4832 iuste
1100 4764 1324 4851 impositurum
1348 4758 1479 4824 exactio

129 4893 163 4950 et
184 4883 225 4951 de
246 4881 480 4971 inaequalitate
503 4879 574 4946 aliis
602 4875 831 4944 obedientibus
854 4871 991 4938 statibus
1014 4864 1234 4956 conquerendi
1258 4864 1328 4930 dari
1351 4863 1480 4929 occasio

132 4997 190 5054 aut
212 4985 350 5053 subinde
373 5007 447 5074 ourp
469 5004 591 5071 magna
611 4977 860 5071 provincialium
883 4975 1032 5042 molestia
1055 4970 1150 5038 simul
1165 4980 1198 5038 et
1213 4963 1485 5035 incommoditate
