3460 5826
1325 491 1386 552 til

19 719 24 741 ι
90 672 250 740 iuvantibus
282 673 417 740 aliorum
448 697 562 761 regum
594 697 635 742 ac
655 678 837 763 principum
871 674 985 762 legatis
1014 678 1140 762 possint
1166 678 1228 762 ipsi
1251 675 1386 742 concilio

89 801 165 865 quam
187 776 443 844 commodissime
466 779 611 864 proponi.
641 777 682 844 ad
710 777 793 844 banc
822 786 930 844 autem
957 801 1026 844 rem
1055 779 1276 845 existimamus
1305 779 1388 845 forte

19 913 20 944 1
87 903 138 946 non
157 881 294 946 futurum
318 882 548 948 inconveniens
577 881 729 948 articulos
751 880 986 948 reformationis
1009 905 1028 946 a
1051 881 1152 948 Gallis
1180 893 1213 948 et
1234 882 1388 969 Hispanis

85 985 248 1071 propositos
271 983 443 1070 diligenter
456 983 605 1050 revidere
620 995 653 1051 et
665 985 821 1072 quicquid
837 1009 880 1050 ex
894 984 957 1050 illis
973 984 1015 1050 ad
1029 987 1229 1072 propositum
1243 996 1390 1052 nostrum

19 1133 20 1136 ,
84 1089 226 1172 pertinere
248 1085 413 1153 videbitur
434 1085 517 1154 libro
539 1097 649 1154 nostro
672 1088 857 1174 saepedicto
879 1088 999 1154 inferri.

168 1190 267 1256 Porro
289 1199 418 1276 praeter
439 1191 504 1255 iam
527 1202 730 1258 enumeratos
753 1191 907 1258 articulos
941 1201 1016 1256 sunt
1037 1191 1134 1258 etiam
1163 1190 1307 1258 nonnulli
1337 1191 1391 1257 alii

18 1347 19 1362 ,
83 1294 184 1379 quiin
211 1293 480 1360 consultationem
509 1294 596 1381 apud
623 1317 682 1361 nos
711 1304 884 1378 venerunt,
914 1295 955 1361 de
984 1295 1101 1382 quibus
1130 1296 1308 1362 iudicatum
1330 1294 1392 1358 fuit

18 1363 19 1456 l
82 1395 155 1482 quod
175 1398 294 1483 partim
316 1405 424 1462 essent
445 1398 640 1483 periculosi,
670 1400 788 1485 partim
819 1420 897 1463 vero
927 1399 1015 1486 qnod
1043 1421 1109 1465 non
1135 1399 1310 1465 necessarii
1338 1397 1392 1462 vel

17 1459 20 1590 l
81 1499 181 1565 saltem
203 1523 321 1587 parum
342 1500 476 1566 adrem
498 1503 704 1587 pertinentes.
727 1525 803 1568 nam
824 1503 929 1588 primo
953 1503 1128 1589 optandum
1150 1502 1280 1591 quidem
1309 1510 1394 1566 esset

80 1613 109 1666 ιιι
127 1604 148 1666 ii
169 1605 227 1690 qui
249 1625 422 1690 personam
444 1605 560 1668 summi
582 1605 745 1691 pontificis
767 1615 798 1670 et
818 1605 856 1670 R„
887 1605 1009 1672 curiam
1036 1615 1175 1692 tangvmt
1202 1607 1321 1692 quique
1352 1603 1393 1667 da

17 1791 18 1794 Ἴ
79 1707 296 1793 restringendo
319 1705 530 1772 cardinalium
551 1729 686 1774 numero
709 1708 833 1774 iaciunt
854 1711 1057 1792 mentionem,
1081 1732 1146 1774 uon
1161 1717 1393 1795 postponeren-

17 1833 19 1860 =
79 1818 124 1874 tur
143 1831 200 1874 seu
224 1808 510 1894 dissimularentur,
535 1812 593 1876 aed
614 1821 748 1899 possent
770 1834 841 1877 cum
865 1811 972 1878 fructu
995 1821 1026 1878 et
1047 1811 1185 1876 utilitate
1208 1812 1319 1899 aliqua
1341 1833 1393 1876 ur·

17 1865 19 1996 l
77 1914 138 1997 geri
160 1924 192 1978 et
213 1915 405 2000 praecipua,
436 1923 472 1978 ut
493 1912 646 2001 deinceps
674 1914 898 2001 provideretur
925 1937 966 1979 ne
993 1915 1162 2001 pontifices
1192 1916 1225 1978 in
1256 1913 1395 1978 ditandis

17 2017 19 2100 l
76 2014 308 2102 locupletandis
330 2027 363 2082 et
384 2015 568 2082 exaltandis
590 2018 761 2102 nepotibus
792 2018 874 2114 adeo
898 2027 1006 2086 essent
1028 2017 1159 2102 soliciti,
1187 2027 1223 2082 ut
1251 2017 1320 2083 eius
1348 2017 1396 2082 rei

17 2105 19 2160 l
75 2121 173 2205 patin
194 2142 437 2207 nonnumquam
466 2119 592 2186 coelum
618 2129 725 2186 terrae
747 2123 882 2188 miscere
910 2121 1097 2205 videantur,
1122 2120 1395 2207 quemadmodum

17 2163 19 2304 l
75 2223 214 2309 profecto
237 2224 271 2289 in
292 2222 355 2288 bac
375 2232 469 2311 parte
490 2225 610 2290 nemini
620 2223 674 2291 vel
695 2226 838 2292 maximo
861 2224 914 2290 vel
936 2225 1067 2290 minimo
1089 2223 1289 2310 parcendum
1304 2225 1395 2292 leret.

17 2309 18 2364 l
74 2325 125 2390 sed
157 2334 370 2414 posteaquam
403 2327 497 2394 nobis
520 2327 715 2394 affirmatum
744 2338 776 2394 et
801 2350 992 2416 persuasum
1021 2339 1070 2393 est
1091 2327 1168 2392 talia
1191 2327 1323 2394 auribus
1346 2327 1398 2394 8³³

76 2428 111 2492 l).
133 2429 173 2494 N.
198 2430 309 2494 futura
329 2452 432 2518 usque
455 2430 537 2497 adeo
559 2433 673 2517 gravia
695 2441 728 2497 et
755 2429 986 2516 intolerabilia,
1015 2440 1051 2496 ut
1077 2431 1256 2518 periculum
1284 2430 1395 2511 subsit,

74 2536 169 2620 siquis
192 2533 324 2622 publice
347 2534 387 2601 de
410 2534 460 2600 bis
483 2534 666 2616 admoneat,
689 2557 730 2601 nc
752 2559 830 2602 mox
852 2537 1080 2623 intempestiva
1101 2535 1158 2602 fiat
1173 2536 1322 2623 abruptio
1339 2559 1397 2602 seu

74 2636 241 2705 dissolutio
265 2638 402 2722 concilii,
424 2639 499 2704 idco
522 2659 690 2704 censemus
713 2638 841 2717 abillis
864 2641 1080 2726 proponendis
1103 2649 1135 2706 st
1156 2639 1308 2728 urgendis
1329 2649 1397 2704 tan-

73 2741 169 2829 tisper
192 2742 309 2808 saltem
332 2741 610 2831 supersedendum
633 2765 713 2828 esse,
738 2743 842 2810 donec
857 2744 1026 2810 videamus
1043 2743 1120 2830 quid
1136 2742 1271 2810 aliorum
1286 2766 1398 2830 regum

73 2855 102 2908 et
122 2847 308 2932 principum
330 2845 440 2933 legati,
464 2847 544 2934 quid
567 2849 644 2914 item
666 2848 748 2914 aliae
771 2847 952 2914 catholicae
979 2848 1126 2914 nationes
1153 2847 1194 2914 de
1221 2847 1270 2912 bis
1298 2849 1398 2914 omni·

73 2947 130 3012 bus
154 2949 306 3015 sentiant.
330 2949 472 3016 secundo
495 2950 556 3016 fuit
577 2951 672 3017 nobis
697 2952 793 3018 etiam
816 2961 1004 3038 suggestum
1027 2951 1113 3038 quod
1143 2973 1220 3016 casu
1247 2950 1304 3016 illo
1334 2974 1398 3038 quo

70 3054 246 3138 parochiae
269 3075 361 3119 suam
384 3053 527 3120 debitam
549 3058 812 3122 sustentationem
827 3077 891 3120 non
908 3053 1057 3138 habeant,
1079 3054 1292 3120 inveniendus
1315 3064 1401 3120 esset

70 3155 186 3222 modus
211 3166 246 3222 ιιι
266 3155 330 3222 illis
353 3158 548 3244 stipendium
571 3159 613 3224 ab
635 3160 716 3247 ipsis
738 3158 942 3246 parochianis
972 3159 1228 3224 constitueretur.
1259 3158 1316 3222 scd
1341 3161 1401 3222 boc

71 3261 200 3326 videtur
222 3283 288 3326 non
309 3283 404 3348 posse
427 3262 595 3330 commodo
617 3262 735 3328 deduci
757 3265 790 3326 iu
811 3264 929 3347 praxin
951 3264 1140 3347 praesertim
1162 3263 1195 3326 in
1218 3261 1400 3348 Germania,

71 3365 125 3430 ubi
141 3373 273 3430 constat
286 3363 415 3451 plebem
429 3367 510 3432 alias
526 3367 729 3434 continuisset
743 3367 941 3452 gravissimis
958 3364 1247 3430 contributionibus
1262 3376 1294 3432 et
1307 3389 1400 3431 exac-

71 3467 215 3534 tionibus
231 3489 301 3532 esse
318 3469 503 3552 obnoxiam,
525 3492 586 3536 nec
599 3469 727 3535 videtur
742 3469 838 3535 valde
849 3468 1067 3534 necessarium
1078 3467 1139 3534 bac
1162 3469 1203 3535 de
1217 3492 1253 3534 re
1268 3469 1403 3535 multum

72 3571 235 3654 laborare,
252 3571 513 3660 quandoquidem
529 3573 679 3660 parochis
689 3576 723 3638 in
735 3571 952 3640 Germanicia
968 3575 1151 3638 universum
1165 3573 1326 3661 loquendo
1341 3573 1404 3639 bac

71 3678 200 3742 ratione
215 3675 302 3763 quod
324 3677 485 3742 tenuiores
501 3677 708 3744 subleventur
721 3701 742 3742 a
757 3677 926 3743 ditioribus
943 3679 1020 3742 satis
1036 3677 1230 3743 arbitramur
1245 3699 1315 3744 esse
1331 3699 1403 3763 pro·

73 3789 235 3866 spectum,
250 3779 423 3848 dummodo
438 3783 608 3868 pensiones
623 3784 897 3869 incorporationes
913 3791 945 3848 et
959 3781 1040 3848 aliae
1054 3781 1276 3847 huiuscemodi
1286 3782 1404 3867 impiae

74 3883 239 3950 lucrorum
264 3885 465 3971 captationes
489 3884 616 3950 abillis
639 3895 859 3953 amoveantur.
882 3888 976 3953 tertio
1000 3886 1116 3951 fuimus
1132 3886 1228 3950 etiam
1243 3884 1405 3949 humiliter

73 3988 234 4054 admoniti
256 4011 321 4054 non
343 3988 401 4055 aba
424 4013 459 4054 re
480 3989 559 4072 fore,
582 3997 619 4055 nt
640 3991 793 4077 quoniam
814 3990 936 4055 Romae
951 3991 1059 4055 omnia
1073 3989 1174 4075 gratis
1190 3987 1335 4074 expediri
1352 3988 1404 4052 dc·

73 4091 187 4174 beant,
209 4092 266 4156 fiat
287 4114 346 4179 per
368 4092 510 4179 singulas
537 4096 721 4180 provincias
750 4093 885 4160 collecta
906 4117 965 4180 per
992 4116 1088 4180 qoam
1111 4115 1234 4156 summo
1261 4091 1404 4178 pontifici

74 4219 115 4261 ac
139 4193 332 4264 officialibus
354 4197 390 4262 R.
416 4199 524 4262 curiae
559 4199 746 4284 suppleatur
766 4197 799 4262 id
828 4197 915 4286 quod
938 4221 980 4263 ex
1002 4219 1042 4262 ea
1063 4219 1098 4262 re
1120 4195 1182 4260 illis
1205 4194 1324 4279 deerit3
1360 4205 1404 4259 at-

74 4311 186 4364 tamen
209 4322 268 4365 uos
291 4323 362 4366 eam
384 4303 541 4367 rationem
564 4311 596 4368 et
617 4302 777 4388 prolixam
801 4312 833 4368 et
854 4301 951 4366 valde
972 4301 1153 4365 intricatam
1176 4297 1315 4364 futuram
1332 4322 1404 4364 cen-

75 4425 196 4469 semus.
236 4413 350 4491 quarto
388 4408 593 4493 quantumvis
619 4408 654 4471 in
681 4405 762 4472 libro
795 4416 903 4472 nostro
932 4405 1149 4492 superioribus
1178 4404 1341 4469 mensibus
1364 4403 1406 4470 ad

76 4509 167 4593 ipsos
191 4510 427 4576 commissarios
449 4519 576 4576 nostros
599 4512 787 4576 transmisso
810 4511 893 4575 inter
915 4508 995 4575 alios
1019 4520 1108 4576 extat
1131 4510 1227 4575 etiam
1250 4507 1405 4572 articulus

77 4612 121 4674 de
143 4613 358 4697 permittendo
382 4637 440 4680 esu
463 4615 617 4693 carnium,
640 4615 718 4701 quia
739 4623 847 4680 tamen
869 4613 931 4680 hoc
946 4612 1076 4679 saeculo
1093 4635 1156 4699 quo
1172 4614 1274 4677 omnis
1290 4634 1406 4698 prope-

77 4714 212 4780 modum
234 4715 369 4781 licentia
390 4715 552 4782 invehitur
574 4717 719 4782 homines
742 4721 850 4804 potius
873 4716 915 4782 ad
938 4713 1141 4802 disciplinam
1156 4715 1408 4781 ecclesiasticam

58 4817 255 4884 .revocandi
278 4841 376 4906 quam
401 4820 442 4885 ab
465 4843 504 4886 ea
517 4818 695 4903 relaxandi,
720 4831 752 4884 et
773 4821 891 4886 ieiunia
914 4821 1019 4906 potius
1035 4819 1211 4905 repetenda
1225 4841 1323 4906 quam
1346 4816 1408 4883 tol·

78 4921 177 4986 lenda
198 4921 358 5005 videntia,
381 4932 417 4990 ut
438 4925 565 4990 interim
594 4934 758 4990 taceamus
787 4923 874 5010 quod
902 4924 925 4989 ii
949 4924 1003 5010 qui
1036 4924 1146 5010 iugum
1175 4921 1331 4990 ecclesiae
1362 4921 1408 4988 lu-

79 5025 195 5094 benter
217 5028 348 5096 sufferre
377 5024 488 5096 volent
515 5029 557 5096 ab
585 5051 623 5098 ao
651 5052 717 5097 uon
746 5038 821 5096 sunt
850 5027 1069 5114 abalienandi,
1102 5029 1158 5116 qui
1188 5049 1266 5094 vero
1296 5039 1408 5096 contra

1156 5147 1206 5204 30⁸
