3498 5818
1393 407 1448 469 tut

137 585 278 654 dubitare
301 612 335 655 se
359 589 436 678 quin
457 589 496 656 R.
518 589 559 656 D.
582 592 718 656 nuncius
734 590 812 658 nihil
827 613 937 658 eorum
953 593 1078 678 ignoret
1095 613 1180 678 quoe
1196 592 1237 658 eb
1253 617 1291 660 eo
1307 602 1450 681 temporo

130 692 271 760 inhunc
298 716 401 781 usque
434 694 534 776 diem,
568 696 693 780 quoties
715 694 756 760 de
783 694 962 761 indicendis
1000 717 1056 762 seu
1080 695 1284 762 celebrandis
1307 697 1449 764 conciliis

128 797 266 862 actiones
288 800 452 868 institutae
475 799 618 880 fuerunt,
641 807 716 864 eote
738 799 800 862 sint
822 808 854 866 et
875 821 958 886 quae
981 799 1210 888 impedimenta
1233 799 1360 868 obieeta
1381 801 1448 867 fue·

127 901 191 964 rint.
225 899 436 989 quemobrem
457 926 499 966 ne
520 901 616 967 hodie
639 900 768 988 quidem
797 923 892 988 posse
915 911 1060 967 senatum
1083 927 1103 967 u
1126 906 1261 969 coeteris
1284 905 1449 971 ordinibus

127 1005 354 1070 confessionem
385 1005 471 1070 illem
493 1004 716 1092 profitentibus
740 1003 915 1087 discedere,
939 1015 1080 1071 attamen
1103 1007 1149 1071 ite
1171 1030 1205 1072 se
1227 1017 1393 1094 gesturum
1415 1019 1450 1076 ut

127 1131 228 1174 coram
253 1109 314 1174 deo
338 1111 570 1196 omnipotente,
605 1132 699 1195 quom
723 1106 825 1172 solum
849 1116 881 1172 et
903 1110 1032 1174 unicum
1055 1110 1293 1196 respiciendum
1315 1111 1447 1194 iudicat,

126 1235 253 1279 snorum
278 1213 340 1279 sibi
362 1214 520 1279 laetorum
544 1223 667 1279 constet
688 1213 779 1277 ratio.
803 1213 848 1276 ita
870 1221 978 1276 autem
1001 1212 1089 1298 epud
1111 1237 1146 1278 se
1163 1217 1337 1280 constituet
1352 1215 1389 1280 R.
1405 1215 1446 1280 D.
1538 1287 1546 1304 .

38 1386 40 1398 ‚
126 1319 267 1400 nuncius,
297 1326 443 1385 senatum
465 1317 543 1386 nihil
565 1318 668 1400 magis
692 1340 733 1382 ex
755 1317 862 1380 animo
886 1327 942 1380 aut
964 1315 1200 1384 ardentioribus
1219 1321 1303 1384 votis
1325 1329 1447 1405 optare,

125 1443 218 1506 quarn
241 1430 277 1487 ut
294 1422 431 1488 ecclesia
446 1421 565 1487 Christi
587 1419 708 1508 ubique
731 1429 901 1484 terrerum·
913 1419 955 1484 ad
976 1421 1164 1486 mandatum
1180 1421 1297 1487 Christi
1320 1424 1354 1486 in
1374 1443 1447 1508 pro-

124 1523 255 1610 pheticis
292 1535 324 1590 et
358 1524 542 1614 apostolicis
576 1525 703 1610 seriptis
736 1546 925 1609 expressum
956 1523 1146 1590 emendetur
1179 1536 1211 1591 et
1242 1537 1446 1612 repurgetur,

124 1626 290 1696 idolatriae
318 1639 350 1694 et
372 1629 493 1694 abusus
525 1628 668 1692 universi
694 1625 862 1708 tollentur,
896 1637 1029 1692 verset
1052 1628 1179 1694 sincera
1201 1627 1348 1694 doctrine
1371 1651 1448 1696 cum

123 1733 179 1816 piis
202 1741 235 1797 et
263 1731 393 1798 minime
416 1733 644 1820 superstitiosis
673 1728 812 1796 cultibus
840 1731 1026 1796 instituatur
1048 1740 1080 1796 et
1102 1741 1319 1796 conservetur.
1357 1732 1448 1818 quod

123 1845 155 1898 ut
176 1857 233 1922 pro
258 1859 318 1900 sua
340 1835 424 1902 virili
446 1835 642 1924 provehant,
665 1857 701 1900 se
723 1831 850 1900 Christo
874 1832 992 1900 debere
1014 1833 1155 1898 fetentur
1178 1843 1211 1900 et
1233 1843 1390 1920 quantum
1413 1837 1448 1902 iu

122 1939 197 2024 ipsis
230 1948 280 2004 est
312 1949 478 2026 praestare
507 1941 650 2026 cupiunt.
684 1947 716 2002 et
744 1935 826 2002 haee
859 1935 989 2023 quidem
1023 1935 1066 2001 ed
1095 1938 1272 2004 orationem
1299 1936 1447 2006 habitam

122 2043 308 2130 responderi
331 2045 408 2108 satis
424 2067 496 2110 esse
512 2053 621 2108 censet
636 2050 777 2108 senatus.
802 2041 889 2128 quod
904 2041 947 2106 ad
961 2041 998 2106 R.
1011 2040 1053 2105 D.
1069 2041 1224 2106 nuncium
1238 2041 1448 2127 peculiariter

125 2147 248 2228 attinet,
279 2148 326 2213 ita
347 2148 374 2212 is
403 2147 464 2214 sibi
491 2146 695 2234 persuadeat,
725 2154 872 2210 senatum
893 2145 988 2210 huius
1018 2144 1106 2211 urbis
1129 2143 1224 2209 Sermo
1246 2146 1384 2231 principi
1408 2167 1448 2212 ao

124 2248 292 2335 magnifico
330 2251 455 2315 senatui
491 2250 700 2315 Venetierum
736 2247 822 2314 unde
857 2271 959 2334 genus
997 2247 1105 2329 ducit,
1143 2246 1184 2312 ob
1215 2249 1384 2313 innumere
1415 2250 1447 2312 in

125 2351 263 2437 ipsorum
288 2355 375 2418 cives
399 2351 516 2418 collate
539 2351 646 2418 officia
668 2375 702 2416 se
724 2350 897 2438 plurimum
921 2350 1038 2416 debere
1060 2349 1197 2416 libenter
1212 2351 1315 2434 fateri,
1339 2353 1446 2438 ipsum

128 2475 201 2520 vero
227 2454 270 2520 D.
294 2457 447 2521 nuncium
478 2455 519 2520 ob
547 2457 705 2521 maiorum
734 2477 865 2520 suorum
894 2453 1097 2542 splendorem
1126 2463 1158 2520 et
1190 2455 1339 2542 egregius
1371 2476 1447 2520 sues

125 2559 254 2624 virtutes
299 2583 424 2624 summe
452 2557 617 2626 voluntate
660 2556 831 2645 complecti
867 2567 964 2646 atque
998 2580 1091 2623 omne
1132 2555 1309 2624 officiorum
1344 2579 1448 2644 genus

125 2660 257 2730 libenter
280 2661 413 2746 deferre.

253 2851 359 2902 Delfino
385 2852 532 2903 beriebtete
558 2868 611 2903 son
633 2853 719 2902 seiner
736 2851 881 2902 Rnndreise
905 2851 987 2902 durch
1006 2849 1254 2902 Oberdeutsohlsnd
1272 2852 1443 2920 regelmttsoig

186 2953 220 2988 an
237 2939 289 2990 den
307 2940 400 2990 Kaiser
422 2939 477 2989 und
501 2938 551 2990 den
569 2940 663 3005 konig.
699 2938 734 2990 So
756 2938 845 2990 finden
867 2938 923 2989 sich
947 2953 1038 2990 ausser
1064 2938 1161 3006 obigen
1179 2937 1305 3001 Stttckcn,
1333 2938 1376 2988 die
1402 2937 1445 2988 ich

187 3024 225 3074 als
237 3023 342 3074 Proben
360 3041 412 3075 von
431 3023 482 3074 den
499 3024 551 3074 sust
568 3023 670 3075 tiberall
688 3023 809 3090 gleichen
820 3024 943 3074 Anreden
960 3024 1015 3076 und
1032 3024 1185 3076 Antworten
1203 3023 1360 3090 nritgetheilt
1377 3023 1446 3074 bebe

186 3109 239 3160 und
257 3111 305 3160 mit
324 3111 409 3160 denen
427 3125 488 3160 rnen
506 3109 549 3160 die
566 3109 717 3176 Enthlung
735 3127 787 3161 von
800 3110 875 3174 Sar-pi
892 3111 943 3160 42⁷
962 3109 1038 3174 (oder
1054 3109 1182 3160 vielmehr
1200 3109 1267 3160 nach
1282 3109 1375 3159 Renke
1393 3125 1445 3160 von

186 3196 298 3246 Antonio
316 3195 489 3262 Milledonne)
506 3195 675 3262 sergleiehen
692 3211 764 3262 meg,
782 3193 853 3248 noch
864 3195 951 3245 Briese
969 3209 1017 3245 aus
1030 3193 1172 3244 e'rankturt
1190 3195 1215 3258 (1
1230 3194 1322 3260 April),
1340 3194 1445 3244 Worms

187 3281 231 3346 (15
249 3282 342 3348 April),
369 3281 510 3348 Strasbnrg
532 3281 559 3346 (5
578 3282 643 3346 Mai)
667 3283 720 3332 und
739 3282 798 3334 Ulm
822 3281 1023 3346 (retinerer.
1059 3281 1126 3330 Vom
1143 3280 1265 3330 Kurftlrst
1288 3297 1339 3330 von
1358 3280 1446 3330 hlaine

187 3367 284 3420 eratihlt
302 3385 342 3418 er:
369 3367 404 3418 ha
420 3370 531 3434 dsposto
551 3367 600 3420 che
618 3370 709 3420 venire
726 3369 752 3419 al
770 3367 882 3420 concilio
900 3385 930 3418 se
948 3372 1032 3434 petra,
1055 3381 1098 3416 rna
1121 3366 1247 3418 dimostrs
1265 3365 1314 3416 ohe
1333 3381 1382 3416 sua
1399 3366 1445 3417 ab·

186 3455 271 3505 sentia
287 3455 414 3520 potrebbe
433 3469 542 3504 causare
559 3455 587 3505 la
604 3457 696 3506 rosina
714 3455 747 3506 de
766 3455 792 3506 le
809 3469 858 3506 sus
876 3454 978 3516 ebiesn;
997 3451 1049 3518 vgl.
1068 3453 1224 3502 Pallavioini
1242 3455 1267 3514 2,
1286 3453 1344 3503 218.
1383 3452 1443 3503 Und

187 3553 234 3590 ans
251 3539 392 3606 Strasbnrg
409 3539 525 3590 schreibt
543 3555 583 3591 er:
613 3541 632 3592 li
650 3542 761 3607 principi
783 3541 873 3607 pertiti
891 3540 926 3590 dn
943 3538 1080 3604 Numburg
1098 3540 1119 3588 si
1138 3537 1252 3588 divisero
1271 3537 1290 3588 il
1309 3539 1396 3588 ear-ico
1419 3539 1445 3588 di

186 3626 293 3676 munder
311 3641 328 3676 a
344 3641 484 3690 procurare
503 3627 552 3676 che
570 3627 595 3677 le
615 3629 679 3677 eitta
696 3628 824 3694 imperiali
841 3629 864 3677 si
888 3626 1117 3676 sottoscrivessero
1146 3624 1181 3674 da
1205 3641 1275 3675 novo
1299 3639 1316 3674 a
1338 3623 1365 3672 la
1383 3640 1444 3674 con-

186 3712 298 3763 fessione
316 3713 482 3778 dogustans:
501 3713 518 3763 l'
527 3712 621 3764 elettor
639 3713 754 3778 palatino
774 3713 869 3764 mendo
888 3715 932 3780 qui
944 3711 963 3761 il
974 3712 1012 3762 Dr
1026 3711 1138 3762 Hoemio
1152 3707 1246 3776 [Ehem
1259 3708 1323 3759 oder
1333 3707 1445 3776 Oheirnl,

186 3802 212 3847 et
228 3798 248 3847 il
266 3803 358 3848 senato
375 3799 397 3847 si
422 3800 587 3860 sottoerisse3
614 3799 632 3849 il
655 3799 773 3865 palatino
792 3799 950 3865 Wollgengo
974 3797 1070 3848 mando
1095 3811 1111 3846 a
1134 3795 1303 3862 Norimberg,
1332 3800 1359 3846 et
1385 3795 1446 3861 quel

185 3889 276 3936 senato
295 3899 348 3934 non
366 3882 441 3934 volse
459 3885 657 3938 souoscriversi.
