<?xml version="1.0" encoding="UTF-8"?>
<!DOCTYPE html PUBLIC "-//W3C//DTD XHTML 1.0 Transitional//EN"
    "http://www.w3.org/TR/xhtml1/DTD/xhtml1-transitional.dtd">
<html xmlns="http://www.w3.org/1999/xhtml" xml:lang="en" lang="en">
 <head>
  <title>
</title>
<meta http-equiv="Content-Type" content="text/html;charset=utf-8" />
  <meta name='ocr-system' content='tesseract 3.04.00' />
  <meta name='ocr-capabilities' content='ocr_page ocr_carea ocr_par ocr_line ocrx_word'/>
</head>
<body>
  <div class='ocr_page' id='page_1' title='image "./zurgeschichtede00unkngoog/zurgeschichtede00unkngoog_0512.png"; bbox 0 0 3468 5820; ppageno 0'>
   <div class='ocr_carea' id='block_1_1' title="bbox 1344 539 1407 606">
    <p class='ocr_par' dir='ltr' id='par_1_1' title="bbox 1344 539 1407 606">
     <span class='ocr_line' id='line_1_1' title="bbox 1344 539 1407 606; baseline 0.032 -2"><span class='ocrx_word' id='word_1_1' title='bbox 1344 539 1407 606; x_wconf 77' lang='lat' dir='ltr'><em>m</em></span> 
     </span>
    </p>
   </div>
   <div class='ocr_carea' id='block_1_2' title="bbox 137 726 1411 2886">
    <p class='ocr_par' dir='ltr' id='par_1_2' title="bbox 137 726 1411 2886">
     <span class='ocr_line' id='line_1_2' title="bbox 140 726 1402 796; baseline 0.001 -18"><span class='ocrx_word' id='word_1_2' title='bbox 140 729 335 785; x_wconf 73' lang='lat' dir='ltr'><strong>consuetudine</strong></span> <span class='ocrx_word' id='word_1_3' title='bbox 353 730 458 792; x_wconf 84' lang='lat' dir='ltr'><strong>babent,</strong></span> <span class='ocrx_word' id='word_1_4' title='bbox 477 733 525 786; x_wconf 84' lang='lat' dir='ltr'><strong>esd</strong></span> <span class='ocrx_word' id='word_1_5' title='bbox 543 737 573 784; x_wconf 90' lang='lat' dir='ltr'><strong>ut</strong></span> <span class='ocrx_word' id='word_1_6' title='bbox 591 737 619 782; x_wconf 86' lang='lat' dir='ltr'><strong>et</strong></span> <span class='ocrx_word' id='word_1_7' title='bbox 635 731 685 782; x_wconf 76' lang='lat' dir='ltr'><strong>R=²¹</strong></span> <span class='ocrx_word' id='word_1_8' title='bbox 711 733 745 784; x_wconf 86' lang='lat' dir='ltr'><strong>D.</strong></span> <span class='ocrx_word' id='word_1_9' title='bbox 758 731 839 796; x_wconf 74' lang='lat' dir='ltr'><strong>legati</strong></span> <span class='ocrx_word' id='word_1_10' title='bbox 858 731 963 784; x_wconf 82' lang='lat' dir='ltr'><strong>nonius</strong></span> <span class='ocrx_word' id='word_1_11' title='bbox 979 726 1034 784; x_wconf 62' lang='lat' dir='ltr'><strong>Ml·</strong></span> <span class='ocrx_word' id='word_1_12' title='bbox 1066 729 1093 782; x_wconf 80' lang='lat' dir='ltr'><strong>S.</strong></span> <span class='ocrx_word' id='word_1_13' title='bbox 1112 729 1274 796; x_wconf 58' lang='lat' dir='ltr'><strong>&amp;ommate</strong></span> <span class='ocrx_word' id='word_1_14' title='bbox 1294 729 1402 782; x_wconf 85' lang='lat' dir='ltr'><strong>catholi-</strong></span> 
     </span>
     <span class='ocr_line' id='line_1_3' title="bbox 141 815 1400 886; baseline -0.002 -19"><span class='ocrx_word' id='word_1_15' title='bbox 141 833 236 868; x_wconf 83' lang='lat' dir='ltr'><strong>corum</strong></span> <span class='ocrx_word' id='word_1_16' title='bbox 255 834 345 884; x_wconf 87' lang='lat' dir='ltr'><strong>regum</strong></span> <span class='ocrx_word' id='word_1_17' title='bbox 364 825 392 870; x_wconf 92' lang='lat' dir='ltr'><strong>et</strong></span> <span class='ocrx_word' id='word_1_18' title='bbox 407 821 553 886; x_wconf 84' lang='lat' dir='ltr'><strong>principum</strong></span> <span class='ocrx_word' id='word_1_19' title='bbox 574 833 607 869; x_wconf 87' lang='lat' dir='ltr'><strong>ea</strong></span> <span class='ocrx_word' id='word_1_20' title='bbox 623 837 692 886; x_wconf 84' lang='lat' dir='ltr'><strong>quae</strong></span> <span class='ocrx_word' id='word_1_21' title='bbox 704 821 779 872; x_wconf 79' lang='lat' dir='ltr'><strong>bisce</strong></span> <span class='ocrx_word' id='word_1_22' title='bbox 796 818 830 870; x_wconf 82' lang='lat' dir='ltr'><strong>ad</strong></span> <span class='ocrx_word' id='word_1_23' title='bbox 844 817 1051 871; x_wconf 82' lang='lat' dir='ltr'><strong>conservandam</strong></span> <span class='ocrx_word' id='word_1_24' title='bbox 1071 815 1230 869; x_wconf 76' lang='lat' dir='ltr'><strong>catholicam</strong></span> <span class='ocrx_word' id='word_1_25' title='bbox 1248 816 1400 881; x_wconf 85' lang='lat' dir='ltr'><strong>religionem</strong></span> 
     </span>
     <span class='ocr_line' id='line_1_4' title="bbox 138 911 1405 982; baseline 0.004 -22"><span class='ocrx_word' id='word_1_26' title='bbox 138 911 166 960; x_wconf 91' lang='lat' dir='ltr'><strong>in</strong></span> <span class='ocrx_word' id='word_1_27' title='bbox 184 912 276 978; x_wconf 87' lang='lat' dir='ltr'><strong>regnis</strong></span> <span class='ocrx_word' id='word_1_28' title='bbox 294 911 453 964; x_wconf 84' lang='lat' dir='ltr'><strong>etdumiuiis</strong></span> <span class='ocrx_word' id='word_1_29' title='bbox 471 916 525 966; x_wconf 84' lang='lat' dir='ltr'><strong>suis</strong></span> <span class='ocrx_word' id='word_1_30' title='bbox 542 916 693 966; x_wconf 85' lang='lat' dir='ltr'><strong>necessaria</strong></span> <span class='ocrx_word' id='word_1_31' title='bbox 710 915 832 968; x_wconf 83' lang='lat' dir='ltr'><strong>ridentur</strong></span> <span class='ocrx_word' id='word_1_32' title='bbox 849 915 921 966; x_wconf 86' lang='lat' dir='ltr'><strong>etde</strong></span> <span class='ocrx_word' id='word_1_33' title='bbox 933 917 1028 982; x_wconf 82' lang='lat' dir='ltr'><strong>quibus</strong></span> <span class='ocrx_word' id='word_1_34' title='bbox 1045 917 1096 981; x_wconf 87' lang='lat' dir='ltr'><strong>ipsi</strong></span> <span class='ocrx_word' id='word_1_35' title='bbox 1114 913 1165 965; x_wconf 65' lang='lat' dir='ltr'><strong>BF*</strong></span> <span class='ocrx_word' id='word_1_36' title='bbox 1186 916 1219 965; x_wconf 89' lang='lat' dir='ltr'><strong>D.</strong></span> <span class='ocrx_word' id='word_1_37' title='bbox 1238 915 1319 980; x_wconf 86' lang='lat' dir='ltr'><strong>legati</strong></span> <span class='ocrx_word' id='word_1_38' title='bbox 1337 930 1405 965; x_wconf 82' lang='lat' dir='ltr'><strong>voce</strong></span> 
     </span>
     <span class='ocr_line' id='line_1_5' title="bbox 143 997 1405 1068; baseline 0.002 -20"><span class='ocrx_word' id='word_1_39' title='bbox 143 997 187 1048; x_wconf 81' lang='lat' dir='ltr'><strong>vei</strong></span> <span class='ocrx_word' id='word_1_40' title='bbox 208 1000 309 1064; x_wconf 81' lang='lat' dir='ltr'><strong>scripto</strong></span> <span class='ocrx_word' id='word_1_41' title='bbox 327 999 546 1064; x_wconf 83' lang='lat' dir='ltr'><strong>informabuntur,</strong></span> <span class='ocrx_word' id='word_1_42' title='bbox 559 1009 715 1068; x_wconf 88' lang='lat' dir='ltr'><strong>proponant,</strong></span> <span class='ocrx_word' id='word_1_43' title='bbox 728 1005 765 1054; x_wconf 84' lang='lat' dir='ltr'><strong>ita</strong></span> <span class='ocrx_word' id='word_1_44' title='bbox 781 1009 812 1054; x_wconf 90' lang='lat' dir='ltr'><strong>ut</strong></span> <span class='ocrx_word' id='word_1_45' title='bbox 834 1003 896 1054; x_wconf 90' lang='lat' dir='ltr'><strong>siid</strong></span> <span class='ocrx_word' id='word_1_46' title='bbox 913 1019 966 1054; x_wconf 91' lang='lat' dir='ltr'><strong>uon</strong></span> <span class='ocrx_word' id='word_1_47' title='bbox 984 1001 1103 1064; x_wconf 67' lang='lat' dir='ltr'><strong>fecerint,</strong></span> <span class='ocrx_word' id='word_1_48' title='bbox 1121 1001 1235 1052; x_wconf 87' lang='lat' dir='ltr'><strong>facultas</strong></span> <span class='ocrx_word' id='word_1_49' title='bbox 1243 1000 1405 1066; x_wconf 81' lang='lat' dir='ltr'><strong>proponendi</strong></span> 
     </span>
     <span class='ocr_line' id='line_1_6' title="bbox 138 1085 1407 1154; baseline 0.004 -22"><span class='ocrx_word' id='word_1_50' title='bbox 138 1085 249 1149; x_wconf 81' lang='lat' dir='ltr'><strong>ipsimet</strong></span> <span class='ocrx_word' id='word_1_51' title='bbox 266 1085 310 1136; x_wconf 64' lang='lat' dir='ltr'><strong>Mo</strong></span> <span class='ocrx_word' id='word_1_52' title='bbox 330 1086 356 1138; x_wconf 69' lang='lat' dir='ltr'><strong>S·</strong></span> <span class='ocrx_word' id='word_1_53' title='bbox 376 1087 506 1153; x_wconf 83' lang='lat' dir='ltr'><strong>dictisque</strong></span> <span class='ocrx_word' id='word_1_54' title='bbox 524 1089 628 1154; x_wconf 85' lang='lat' dir='ltr'><strong>regibus</strong></span> <span class='ocrx_word' id='word_1_55' title='bbox 652 1104 685 1140; x_wconf 90' lang='lat' dir='ltr'><strong>ae</strong></span> <span class='ocrx_word' id='word_1_56' title='bbox 702 1091 865 1154; x_wconf 80' lang='lat' dir='ltr'><strong>principibus</strong></span> <span class='ocrx_word' id='word_1_57' title='bbox 882 1093 1017 1140; x_wconf 82' lang='lat' dir='ltr'><strong>reservata</strong></span> <span class='ocrx_word' id='word_1_58' title='bbox 1034 1093 1181 1140; x_wconf 85' lang='lat' dir='ltr'><strong>censeatur.</strong></span> <span class='ocrx_word' id='word_1_59' title='bbox 1200 1113 1231 1124; x_wconf 90' lang='lat'>-</span> <span class='ocrx_word' id='word_1_60' title='bbox 1250 1087 1340 1151; x_wconf 86' lang='lat' dir='ltr'><strong>qaoad</strong></span> <span class='ocrx_word' id='word_1_61' title='bbox 1357 1088 1407 1138; x_wconf 91' lang='lat'><strong>111.</strong></span> 
     </span>
     <span class='ocr_line' id='line_1_7' title="bbox 138 1172 1403 1242; baseline 0.002 -20"><span class='ocrx_word' id='word_1_62' title='bbox 138 1172 165 1220; x_wconf 91' lang='lat' dir='ltr'><strong>in</strong></span> <span class='ocrx_word' id='word_1_63' title='bbox 190 1187 225 1222; x_wconf 91' lang='lat' dir='ltr'><strong>ec</strong></span> <span class='ocrx_word' id='word_1_64' title='bbox 244 1173 318 1224; x_wconf 85' lang='lat' dir='ltr'><strong>nulla</strong></span> <span class='ocrx_word' id='word_1_65' title='bbox 335 1179 376 1226; x_wconf 87' lang='lat' dir='ltr'><strong>est</strong></span> <span class='ocrx_word' id='word_1_66' title='bbox 394 1174 549 1236; x_wconf 81' lang='lat' dir='ltr'><strong>diffieulns.</strong></span> <span class='ocrx_word' id='word_1_67' title='bbox 577 1183 603 1228; x_wconf 88' lang='lat' dir='ltr'><strong>et</strong></span> <span class='ocrx_word' id='word_1_68' title='bbox 621 1177 681 1228; x_wconf 68' lang='lat' dir='ltr'><strong>bf‘u</strong></span> <span class='ocrx_word' id='word_1_69' title='bbox 703 1175 730 1228; x_wconf 79' lang='lat' dir='ltr'><strong>S.</strong></span> <span class='ocrx_word' id='word_1_70' title='bbox 749 1176 838 1226; x_wconf 74' lang='lat' dir='ltr'><strong>literar</strong></span> <span class='ocrx_word' id='word_1_71' title='bbox 865 1191 931 1242; x_wconf 81' lang='lat' dir='ltr'><strong>quae</strong></span> <span class='ocrx_word' id='word_1_72' title='bbox 947 1175 1068 1240; x_wconf 78' lang='lat' dir='ltr'><strong>pollicita</strong></span> <span class='ocrx_word' id='word_1_73' title='bbox 1085 1179 1126 1226; x_wconf 89' lang='lat' dir='ltr'><strong>est</strong></span> <span class='ocrx_word' id='word_1_74' title='bbox 1143 1173 1178 1226; x_wconf 90' lang='lat' dir='ltr'><strong>ad</strong></span> <span class='ocrx_word' id='word_1_75' title='bbox 1197 1178 1315 1226; x_wconf 85' lang='lat' dir='ltr'><strong>oratores</strong></span> <span class='ocrx_word' id='word_1_76' title='bbox 1341 1190 1403 1224; x_wconf 88' lang='lat' dir='ltr'><strong>suos</strong></span> 
     </span>
     <span class='ocr_line' id='line_1_8' title="bbox 139 1257 1406 1328; baseline 0.002 -20"><span class='ocrx_word' id='word_1_77' title='bbox 139 1257 286 1323; x_wconf 74' lang='lat' dir='ltr'><strong>diligenter</strong></span> <span class='ocrx_word' id='word_1_78' title='bbox 297 1261 443 1325; x_wconf 81' lang='lat' dir='ltr'><strong>perecnbet</strong></span> <span class='ocrx_word' id='word_1_79' title='bbox 454 1261 566 1328; x_wconf 85' lang='lat' dir='ltr'><strong>illasque</strong></span> <span class='ocrx_word' id='word_1_80' title='bbox 579 1277 640 1314; x_wconf 89' lang='lat' dir='ltr'><strong>oum</strong></span> <span class='ocrx_word' id='word_1_81' title='bbox 651 1262 707 1314; x_wconf 59' lang='grc' dir='ltr'><strong>ΒΜ</strong></span> <span class='ocrx_word' id='word_1_82' title='bbox 721 1263 755 1315; x_wconf 90' lang='lat' dir='ltr'><strong>D.</strong></span> <span class='ocrx_word' id='word_1_83' title='bbox 770 1264 857 1327; x_wconf 87' lang='lat' dir='ltr'><strong>legato</strong></span> <span class='ocrx_word' id='word_1_84' title='bbox 870 1262 1084 1318; x_wconf 71' lang='lat' dir='ltr'><strong>communicabit.</strong></span> <span class='ocrx_word' id='word_1_85' title='bbox 1096 1273 1204 1326; x_wconf 83' lang='lat' dir='ltr'><strong>sperans</strong></span> <span class='ocrx_word' id='word_1_86' title='bbox 1216 1259 1289 1310; x_wconf 62' lang='grc' dir='ltr'><strong>ΒΜ</strong></span> <span class='ocrx_word' id='word_1_87' title='bbox 1301 1277 1406 1326; x_wconf 84' lang='lat' dir='ltr'><strong>quoque</strong></span> 
     </span>
     <span class='ocr_line' id='line_1_9' title="bbox 137 1345 1405 1413; baseline 0.005 -21"><span class='ocrx_word' id='word_1_88' title='bbox 137 1345 173 1398; x_wconf 89' lang='lat' dir='ltr'><strong>D.</strong></span> <span class='ocrx_word' id='word_1_89' title='bbox 198 1345 233 1394; x_wconf 86' lang='lat' dir='ltr'><strong>N.</strong></span> <span class='ocrx_word' id='word_1_90' title='bbox 251 1347 279 1396; x_wconf 87' lang='lat' dir='ltr'><strong>in</strong></span> <span class='ocrx_word' id='word_1_91' title='bbox 302 1346 354 1396; x_wconf 81' lang='lat' dir='ltr'><strong>beo</strong></span> <span class='ocrx_word' id='word_1_92' title='bbox 371 1352 446 1412; x_wconf 88' lang='lat' dir='ltr'><strong>parte</strong></span> <span class='ocrx_word' id='word_1_93' title='bbox 463 1347 536 1413; x_wconf 89' lang='lat' dir='ltr'><strong>qnod</strong></span> <span class='ocrx_word' id='word_1_94' title='bbox 559 1347 593 1400; x_wconf 91' lang='lat' dir='ltr'><strong>ad</strong></span> <span class='ocrx_word' id='word_1_95' title='bbox 610 1347 671 1398; x_wconf 53' lang='grc' dir='ltr'><strong>ΒΜ</strong></span> <span class='ocrx_word' id='word_1_96' title='bbox 694 1349 723 1400; x_wconf 79' lang='lat' dir='ltr'><strong>S.</strong></span> <span class='ocrx_word' id='word_1_97' title='bbox 741 1351 836 1400; x_wconf 88' lang='lat' dir='ltr'><strong>attinet</strong></span> <span class='ocrx_word' id='word_1_98' title='bbox 853 1348 941 1400; x_wconf 87' lang='lat' dir='ltr'><strong>officio</strong></span> <span class='ocrx_word' id='word_1_99' title='bbox 965 1363 1013 1400; x_wconf 88' lang='lat' dir='ltr'><strong>auo</strong></span> <span class='ocrx_word' id='word_1_100' title='bbox 1036 1363 1089 1400; x_wconf 87' lang='lat' dir='ltr'><strong>nou</strong></span> <span class='ocrx_word' id='word_1_101' title='bbox 1113 1361 1172 1398; x_wconf 87' lang='lat' dir='ltr'><strong>esse</strong></span> <span class='ocrx_word' id='word_1_102' title='bbox 1195 1347 1353 1400; x_wconf 89' lang='lat' dir='ltr'><strong>defuturam.</strong></span> <span class='ocrx_word' id='word_1_103' title='bbox 1372 1375 1405 1385; x_wconf 93' lang='lat'>-</span> 
     </span>
     <span class='ocr_line' id='line_1_10' title="bbox 137 1432 1406 1499; baseline 0.003 -18"><span class='ocrx_word' id='word_1_104' title='bbox 137 1432 232 1494; x_wconf 82' lang='lat' dir='ltr'><strong>quoad</strong></span> <span class='ocrx_word' id='word_1_105' title='bbox 249 1432 296 1482; x_wconf 89' lang='lat' dir='ltr'><strong>1v.</strong></span> <span class='ocrx_word' id='word_1_106' title='bbox 313 1433 373 1484; x_wconf 65' lang='lat' dir='ltr'><strong>pp..</strong></span> <span class='ocrx_word' id='word_1_107' title='bbox 395 1432 421 1488; x_wconf 84' lang='lat' dir='ltr'><strong>S.</strong></span> <span class='ocrx_word' id='word_1_108' title='bbox 432 1432 462 1486; x_wconf 79' lang='grc'><strong>0.</strong></span> <span class='ocrx_word' id='word_1_109' title='bbox 481 1433 594 1486; x_wconf 86' lang='lat' dir='ltr'><strong>fideliter</strong></span> <span class='ocrx_word' id='word_1_110' title='bbox 602 1435 750 1486; x_wconf 89' lang='lat' dir='ltr'><strong>oratoribus</strong></span> <span class='ocrx_word' id='word_1_111' title='bbox 767 1437 821 1486; x_wconf 85' lang='lat' dir='ltr'><strong>suis</strong></span> <span class='ocrx_word' id='word_1_112' title='bbox 831 1434 1073 1488; x_wconf 79' lang='lat' dir='ltr'><strong>dabitsufficieutia</strong></span> <span class='ocrx_word' id='word_1_113' title='bbox 1080 1432 1215 1487; x_wconf 86' lang='lat' dir='ltr'><strong>mandata.</strong></span> <span class='ocrx_word' id='word_1_114' title='bbox 1229 1457 1260 1470; x_wconf 87' lang='lat'>-</span> <span class='ocrx_word' id='word_1_115' title='bbox 1275 1433 1362 1499; x_wconf 85' lang='lat' dir='ltr'><strong>quoad</strong></span> <span class='ocrx_word' id='word_1_116' title='bbox 1372 1433 1406 1485; x_wconf 87' lang='lat' dir='ltr'><strong>V.</strong></span> 
     </span>
     <span class='ocr_line' id='line_1_11' title="bbox 139 1518 1402 1588; baseline 0.002 -20"><span class='ocrx_word' id='word_1_117' title='bbox 139 1518 170 1568; x_wconf 80' lang='lat' dir='ltr'><strong>C·</strong></span> <span class='ocrx_word' id='word_1_118' title='bbox 204 1519 267 1570; x_wconf 54' lang='lat' dir='ltr'><strong>MD·</strong></span> <span class='ocrx_word' id='word_1_119' title='bbox 296 1525 415 1572; x_wconf 71' lang='lat' dir='ltr'><strong>amantm</strong></span> <span class='ocrx_word' id='word_1_120' title='bbox 443 1527 566 1587; x_wconf 84' lang='lat' dir='ltr'><strong>acceptat</strong></span> <span class='ocrx_word' id='word_1_121' title='bbox 594 1521 645 1574; x_wconf 70' lang='lat'>13¹²*</span> <span class='ocrx_word' id='word_1_122' title='bbox 668 1523 703 1574; x_wconf 89' lang='lat' dir='ltr'><strong>D.</strong></span> <span class='ocrx_word' id='word_1_123' title='bbox 729 1522 810 1588; x_wconf 83' lang='lat' dir='ltr'><strong>legati</strong></span> <span class='ocrx_word' id='word_1_124' title='bbox 834 1522 1003 1580; x_wconf 87' lang='lat' dir='ltr'><strong>oblationem.</strong></span> <span class='ocrx_word' id='word_1_125' title='bbox 1026 1527 1054 1574; x_wconf 89' lang='lat' dir='ltr'><strong>et</strong></span> <span class='ocrx_word' id='word_1_126' title='bbox 1074 1521 1201 1588; x_wconf 89' lang='lat' dir='ltr'><strong>quiequid</strong></span> <span class='ocrx_word' id='word_1_127' title='bbox 1224 1520 1352 1572; x_wconf 87' lang='lat' dir='ltr'><strong>bactenus</strong></span> <span class='ocrx_word' id='word_1_128' title='bbox 1376 1522 1402 1570; x_wconf 90' lang='lat' dir='ltr'><strong>in</strong></span> 
     </span>
     <span class='ocr_line' id='line_1_12' title="bbox 138 1605 1406 1672; baseline 0.001 -18"><span class='ocrx_word' id='word_1_129' title='bbox 138 1605 258 1656; x_wconf 85' lang='lat' dir='ltr'><strong>concilio</strong></span> <span class='ocrx_word' id='word_1_130' title='bbox 277 1623 325 1672; x_wconf 91' lang='lat' dir='ltr'><strong>pro</strong></span> <span class='ocrx_word' id='word_1_131' title='bbox 344 1610 544 1660; x_wconf 68' lang='lat' dir='ltr'><strong>conservatione</strong></span> <span class='ocrx_word' id='word_1_132' title='bbox 562 1609 712 1660; x_wconf 82' lang='lat' dir='ltr'><strong>huiusmodi</strong></span> <span class='ocrx_word' id='word_1_133' title='bbox 729 1608 861 1660; x_wconf 72' lang='lat' dir='ltr'><strong>libertatis</strong></span> <span class='ocrx_word' id='word_1_134' title='bbox 880 1607 1071 1660; x_wconf 86' lang='lat' dir='ltr'><strong>determinandi</strong></span> <span class='ocrx_word' id='word_1_135' title='bbox 1090 1607 1188 1660; x_wconf 83' lang='lat' dir='ltr'><strong>fastum</strong></span> <span class='ocrx_word' id='word_1_136' title='bbox 1207 1612 1254 1669; x_wconf 85' lang='lat' dir='ltr'><strong>eet,</strong></span> <span class='ocrx_word' id='word_1_137' title='bbox 1271 1606 1300 1656; x_wconf 87' lang='lat' dir='ltr'><strong>id</strong></span> <span class='ocrx_word' id='word_1_138' title='bbox 1317 1605 1361 1658; x_wconf 65' lang='lat' dir='ltr'><strong>iifl</strong></span> <span class='ocrx_word' id='word_1_139' title='bbox 1379 1606 1406 1657; x_wconf 85' lang='lat' dir='ltr'><strong>S.</strong></span> 
     </span>
     <span class='ocr_line' id='line_1_13' title="bbox 137 1692 1407 1762; baseline 0.002 -20"><span class='ocrx_word' id='word_1_140' title='bbox 137 1709 194 1742; x_wconf 92' lang='lat' dir='ltr'><strong>non</strong></span> <span class='ocrx_word' id='word_1_141' title='bbox 220 1699 311 1758; x_wconf 83' lang='lat' dir='ltr'><strong>potest</strong></span> <span class='ocrx_word' id='word_1_142' title='bbox 327 1710 380 1746; x_wconf 91' lang='lat' dir='ltr'><strong>non</strong></span> <span class='ocrx_word' id='word_1_143' title='bbox 404 1711 462 1748; x_wconf 83' lang='lat' dir='ltr'><strong>esse</strong></span> <span class='ocrx_word' id='word_1_144' title='bbox 480 1696 664 1762; x_wconf 87' lang='lat' dir='ltr'><strong>gratissimum.</strong></span> <span class='ocrx_word' id='word_1_145' title='bbox 689 1721 724 1734; x_wconf 89' lang='lat'><em>-</em></span> <span class='ocrx_word' id='word_1_146' title='bbox 750 1695 838 1760; x_wconf 81' lang='lat' dir='ltr'><strong>qrroad</strong></span> <span class='ocrx_word' id='word_1_147' title='bbox 855 1695 902 1748; x_wconf 87' lang='lat' dir='ltr'><strong>Vi.</strong></span> <span class='ocrx_word' id='word_1_148' title='bbox 919 1709 1070 1760; x_wconf 87' lang='lat' dir='ltr'><strong>quanquam</strong></span> <span class='ocrx_word' id='word_1_149' title='bbox 1095 1695 1155 1746; x_wconf 70' lang='lat' dir='ltr'><strong>pp..</strong></span> <span class='ocrx_word' id='word_1_150' title='bbox 1176 1692 1202 1744; x_wconf 82' lang='lat' dir='ltr'><strong>S.</strong></span> <span class='ocrx_word' id='word_1_151' title='bbox 1221 1693 1252 1744; x_wconf 82' lang='grc'><strong>0.</strong></span> <span class='ocrx_word' id='word_1_152' title='bbox 1278 1693 1407 1746; x_wconf 88' lang='lat' dir='ltr'><strong>nonnulla</strong></span> 
     </span>
     <span class='ocr_line' id='line_1_14' title="bbox 138 1779 1409 1848; baseline 0 -18"><span class='ocrx_word' id='word_1_153' title='bbox 138 1783 306 1832; x_wconf 67' lang='lat' dir='ltr'><strong>recensuerit</strong></span> <span class='ocrx_word' id='word_1_154' title='bbox 322 1797 391 1847; x_wconf 87' lang='lat' dir='ltr'><strong>quse</strong></span> <span class='ocrx_word' id='word_1_155' title='bbox 404 1781 439 1834; x_wconf 87' lang='lat' dir='ltr'><strong>ed</strong></span> <span class='ocrx_word' id='word_1_156' title='bbox 456 1783 554 1834; x_wconf 83' lang='lat' dir='ltr'><strong>abusus</strong></span> <span class='ocrx_word' id='word_1_157' title='bbox 573 1784 661 1834; x_wconf 79' lang='lat' dir='ltr'><strong>cudae</strong></span> <span class='ocrx_word' id='word_1_158' title='bbox 674 1783 809 1834; x_wconf 59' lang='lat' dir='ltr'><strong>&amp;murae</strong></span> <span class='ocrx_word' id='word_1_159' title='bbox 827 1787 948 1848; x_wconf 85' lang='lat' dir='ltr'><strong>spectare</strong></span> <span class='ocrx_word' id='word_1_160' title='bbox 967 1781 1096 1840; x_wconf 84' lang='lat' dir='ltr'><strong>videntur.</strong></span> <span class='ocrx_word' id='word_1_161' title='bbox 1109 1782 1175 1832; x_wconf 57' lang='grc' dir='ltr'><strong>ΒΜ·</strong></span> <span class='ocrx_word' id='word_1_162' title='bbox 1196 1788 1284 1832; x_wconf 86' lang='lat' dir='ltr'><strong>tamen</strong></span> <span class='ocrx_word' id='word_1_163' title='bbox 1300 1779 1409 1846; x_wconf 82' lang='lat' dir='ltr'><strong>legatus</strong></span> 
     </span>
     <span class='ocr_line' id='line_1_15' title="bbox 137 1868 1406 1936; baseline 0 -20"><span class='ocrx_word' id='word_1_164' title='bbox 137 1881 187 1932; x_wconf 90' lang='lat' dir='ltr'><strong>pro</strong></span> <span class='ocrx_word' id='word_1_165' title='bbox 208 1868 306 1918; x_wconf 82' lang='lat' dir='ltr'><strong>eximia</strong></span> <span class='ocrx_word' id='word_1_166' title='bbox 323 1883 371 1920; x_wconf 84' lang='lat' dir='ltr'><strong>sua</strong></span> <span class='ocrx_word' id='word_1_167' title='bbox 388 1869 527 1934; x_wconf 87' lang='lat' dir='ltr'><strong>prudentia</strong></span> <span class='ocrx_word' id='word_1_168' title='bbox 549 1869 630 1922; x_wconf 87' lang='lat' dir='ltr'><strong>facile</strong></span> <span class='ocrx_word' id='word_1_169' title='bbox 646 1872 764 1936; x_wconf 86' lang='lat' dir='ltr'><strong>cogitare</strong></span> <span class='ocrx_word' id='word_1_170' title='bbox 783 1875 877 1934; x_wconf 86' lang='lat' dir='ltr'><strong>potest,</strong></span> <span class='ocrx_word' id='word_1_171' title='bbox 895 1869 964 1920; x_wconf 68' lang='lat' dir='ltr'><strong>Mrem</strong></span> <span class='ocrx_word' id='word_1_172' title='bbox 985 1868 1012 1920; x_wconf 83' lang='lat' dir='ltr'><strong>S.</strong></span> <span class='ocrx_word' id='word_1_173' title='bbox 1030 1869 1064 1922; x_wconf 91' lang='lat' dir='ltr'><strong>ad</strong></span> <span class='ocrx_word' id='word_1_174' title='bbox 1082 1869 1129 1920; x_wconf 83' lang='lat' dir='ltr'><strong>iila</strong></span> <span class='ocrx_word' id='word_1_175' title='bbox 1146 1869 1203 1922; x_wconf 87' lang='lat' dir='ltr'><strong>sola</strong></span> <span class='ocrx_word' id='word_1_176' title='bbox 1220 1883 1274 1920; x_wconf 90' lang='lat' dir='ltr'><strong>non</strong></span> <span class='ocrx_word' id='word_1_177' title='bbox 1290 1869 1406 1920; x_wconf 82' lang='lat' dir='ltr'><strong>voluisse</strong></span> 
     </span>
     <span class='ocr_line' id='line_1_16' title="bbox 138 1954 1406 2022; baseline 0.001 -18"><span class='ocrx_word' id='word_1_178' title='bbox 138 1967 170 2004; x_wconf 89' lang='lat' dir='ltr'><strong>ae</strong></span> <span class='ocrx_word' id='word_1_179' title='bbox 189 1955 359 2020; x_wconf 66' lang='lat' dir='ltr'><strong>restringere.</strong></span> <span class='ocrx_word' id='word_1_180' title='bbox 371 1955 419 2006; x_wconf 87' lang='lat' dir='ltr'><strong>sed</strong></span> <span class='ocrx_word' id='word_1_181' title='bbox 432 1958 520 2020; x_wconf 78' lang='lat' dir='ltr'><strong>potius</strong></span> <span class='ocrx_word' id='word_1_182' title='bbox 539 1957 651 2022; x_wconf 83' lang='lat' dir='ltr'><strong>exempli</strong></span> <span class='ocrx_word' id='word_1_183' title='bbox 671 1959 757 2022; x_wconf 86' lang='lat' dir='ltr'><strong>gretia</strong></span> <span class='ocrx_word' id='word_1_184' title='bbox 773 1959 812 2009; x_wconf 89' lang='lat' dir='ltr'><strong>ita</strong></span> <span class='ocrx_word' id='word_1_185' title='bbox 828 1958 961 2022; x_wconf 82' lang='lat' dir='ltr'><strong>posuisse;</strong></span> <span class='ocrx_word' id='word_1_186' title='bbox 980 1961 1141 2022; x_wconf 82' lang='lat' dir='ltr'><strong>quapropter</strong></span> <span class='ocrx_word' id='word_1_187' title='bbox 1152 1958 1174 2006; x_wconf 89' lang='lat' dir='ltr'><strong>si</strong></span> <span class='ocrx_word' id='word_1_188' title='bbox 1188 1971 1240 2022; x_wconf 88' lang='lat' dir='ltr'><strong>qua</strong></span> <span class='ocrx_word' id='word_1_189' title='bbox 1258 1954 1312 2006; x_wconf 88' lang='lat' dir='ltr'><strong>alia</strong></span> <span class='ocrx_word' id='word_1_190' title='bbox 1330 1961 1406 2006; x_wconf 89' lang='lat' dir='ltr'><strong>erunt</strong></span> 
     </span>
     <span class='ocr_line' id='line_1_17' title="bbox 139 2040 1407 2110; baseline 0.002 -20"><span class='ocrx_word' id='word_1_191' title='bbox 139 2055 214 2104; x_wconf 88' lang='lat' dir='ltr'><strong>quae</strong></span> <span class='ocrx_word' id='word_1_192' title='bbox 233 2040 419 2092; x_wconf 73' lang='lat' dir='ltr'><strong>reformatione</strong></span> <span class='ocrx_word' id='word_1_193' title='bbox 431 2043 550 2094; x_wconf 84' lang='lat' dir='ltr'><strong>similiter</strong></span> <span class='ocrx_word' id='word_1_194' title='bbox 562 2043 718 2108; x_wconf 87' lang='lat' dir='ltr'><strong>indigebunt</strong></span> <span class='ocrx_word' id='word_1_195' title='bbox 730 2059 851 2110; x_wconf 87' lang='lat' dir='ltr'><strong>quaeque</strong></span> <span class='ocrx_word' id='word_1_196' title='bbox 862 2057 913 2094; x_wconf 89' lang='lat' dir='ltr'><strong>neo</strong></span> <span class='ocrx_word' id='word_1_197' title='bbox 924 2045 952 2094; x_wconf 90' lang='lat' dir='ltr'><strong>in</strong></span> <span class='ocrx_word' id='word_1_198' title='bbox 969 2043 1099 2108; x_wconf 84' lang='lat' dir='ltr'><strong>prioribus</strong></span> <span class='ocrx_word' id='word_1_199' title='bbox 1116 2057 1203 2108; x_wconf 88' lang='lat' dir='ltr'><strong>neque</strong></span> <span class='ocrx_word' id='word_1_200' title='bbox 1215 2044 1243 2093; x_wconf 92' lang='lat' dir='ltr'><strong>in</strong></span> <span class='ocrx_word' id='word_1_201' title='bbox 1260 2041 1312 2092; x_wconf 90' lang='lat' dir='ltr'><strong>boo</strong></span> <span class='ocrx_word' id='word_1_202' title='bbox 1331 2055 1407 2092; x_wconf 89' lang='lat' dir='ltr'><strong>sacro</strong></span> 
     </span>
     <span class='ocr_line' id='line_1_18' title="bbox 137 2125 1408 2195; baseline 0.003 -19"><span class='ocrx_word' id='word_1_203' title='bbox 137 2125 300 2178; x_wconf 75' lang='lat' dir='ltr'><strong>Tridentino</strong></span> <span class='ocrx_word' id='word_1_204' title='bbox 325 2128 436 2180; x_wconf 87' lang='lat' dir='ltr'><strong>concilio</strong></span> <span class='ocrx_word' id='word_1_205' title='bbox 455 2129 584 2180; x_wconf 85' lang='lat' dir='ltr'><strong>hactenns</strong></span> <span class='ocrx_word' id='word_1_206' title='bbox 609 2128 771 2182; x_wconf 88' lang='lat' dir='ltr'><strong>sufficienter</strong></span> <span class='ocrx_word' id='word_1_207' title='bbox 789 2135 816 2180; x_wconf 93' lang='lat' dir='ltr'><strong>et</strong></span> <span class='ocrx_word' id='word_1_208' title='bbox 834 2129 939 2180; x_wconf 86' lang='lat' dir='ltr'><strong>realiter</strong></span> <span class='ocrx_word' id='word_1_209' title='bbox 957 2133 1098 2195; x_wconf 83' lang='lat' dir='ltr'><strong>repurgata</strong></span> <span class='ocrx_word' id='word_1_210' title='bbox 1121 2133 1195 2190; x_wconf 86' lang='lat' dir='ltr'><strong>suut,</strong></span> <span class='ocrx_word' id='word_1_211' title='bbox 1221 2128 1281 2178; x_wconf 72' lang='lat' dir='ltr'><strong>Mu·</strong></span> <span class='ocrx_word' id='word_1_212' title='bbox 1303 2127 1330 2180; x_wconf 81' lang='lat' dir='ltr'><strong>S.</strong></span> <span class='ocrx_word' id='word_1_213' title='bbox 1356 2144 1408 2180; x_wconf 91' lang='lat' dir='ltr'><strong>non</strong></span> 
     </span>
     <span class='ocr_line' id='line_1_19' title="bbox 138 2212 1407 2282; baseline 0.002 -20"><span class='ocrx_word' id='word_1_214' title='bbox 138 2212 250 2266; x_wconf 89' lang='lat' dir='ltr'><strong>dubitat</strong></span> <span class='ocrx_word' id='word_1_215' title='bbox 267 2215 330 2279; x_wconf 84' lang='lat' dir='ltr'><strong>quin</strong></span> <span class='ocrx_word' id='word_1_216' title='bbox 341 2216 397 2279; x_wconf 86' lang='lat' dir='ltr'><strong>ipse</strong></span> <span class='ocrx_word' id='word_1_217' title='bbox 416 2216 482 2266; x_wconf 60' lang='lat' dir='ltr'><strong>Bm·</strong></span> <span class='ocrx_word' id='word_1_218' title='bbox 502 2216 536 2266; x_wconf 93' lang='lat' dir='ltr'><strong>D.</strong></span> <span class='ocrx_word' id='word_1_219' title='bbox 555 2215 658 2282; x_wconf 83' lang='lat' dir='ltr'><strong>legatus</strong></span> <span class='ocrx_word' id='word_1_220' title='bbox 676 2229 730 2268; x_wconf 83' lang='lat' dir='ltr'><strong>una</strong></span> <span class='ocrx_word' id='word_1_221' title='bbox 741 2231 801 2268; x_wconf 86' lang='lat' dir='ltr'><strong>cum</strong></span> <span class='ocrx_word' id='word_1_222' title='bbox 820 2215 880 2266; x_wconf 59' lang='lat' dir='ltr'><strong>Ru·</strong></span> <span class='ocrx_word' id='word_1_223' title='bbox 894 2215 922 2268; x_wconf 81' lang='lat' dir='ltr'><strong>S.</strong></span> <span class='ocrx_word' id='word_1_224' title='bbox 940 2212 1052 2282; x_wconf 89' lang='lat' dir='ltr'><strong>collegis</strong></span> <span class='ocrx_word' id='word_1_225' title='bbox 1069 2229 1175 2264; x_wconf 85' lang='lat' dir='ltr'><strong>menum</strong></span> <span class='ocrx_word' id='word_1_226' title='bbox 1194 2216 1246 2264; x_wconf 88' lang='lat' dir='ltr'><strong>siut</strong></span> <span class='ocrx_word' id='word_1_227' title='bbox 1263 2213 1407 2266; x_wconf 70' lang='lat' dir='ltr'><strong>adhibituri</strong></span> 
     </span>
     <span class='ocr_line' id='line_1_20' title="bbox 141 2299 1408 2368; baseline 0.002 -18"><span class='ocrx_word' id='word_1_228' title='bbox 141 2305 174 2350; x_wconf 89' lang='lat' dir='ltr'><strong>nt</strong></span> <span class='ocrx_word' id='word_1_229' title='bbox 200 2317 252 2350; x_wconf 89' lang='lat' dir='ltr'><strong>nec</strong></span> <span class='ocrx_word' id='word_1_230' title='bbox 270 2302 296 2352; x_wconf 93' lang='lat' dir='ltr'><strong>in</strong></span> <span class='ocrx_word' id='word_1_231' title='bbox 316 2316 348 2353; x_wconf 83' lang='lat' dir='ltr'><strong>ea</strong></span> <span class='ocrx_word' id='word_1_232' title='bbox 366 2299 472 2366; x_wconf 83' lang='lat' dir='ltr'><strong>quidem</strong></span> <span class='ocrx_word' id='word_1_233' title='bbox 490 2307 565 2367; x_wconf 88' lang='lat' dir='ltr'><strong>parte</strong></span> <span class='ocrx_word' id='word_1_234' title='bbox 583 2302 683 2368; x_wconf 87' lang='lat' dir='ltr'><strong>aliquid</strong></span> <span class='ocrx_word' id='word_1_235' title='bbox 706 2302 862 2368; x_wconf 76' lang='lat' dir='ltr'><strong>negligetur.</strong></span> <span class='ocrx_word' id='word_1_236' title='bbox 882 2308 909 2352; x_wconf 94' lang='lat' dir='ltr'><strong>et</strong></span> <span class='ocrx_word' id='word_1_237' title='bbox 925 2303 1049 2367; x_wconf 86' lang='lat' dir='ltr'><strong>quoniam</strong></span> <span class='ocrx_word' id='word_1_238' title='bbox 1073 2301 1133 2350; x_wconf 55' lang='lat' dir='ltr'><strong>Me·</strong></span> <span class='ocrx_word' id='word_1_239' title='bbox 1156 2299 1184 2354; x_wconf 82' lang='lat' dir='ltr'><strong>S.</strong></span> <span class='ocrx_word' id='word_1_240' title='bbox 1201 2299 1232 2352; x_wconf 80' lang='lat' dir='ltr'><strong>C.</strong></span> <span class='ocrx_word' id='word_1_241' title='bbox 1251 2301 1364 2352; x_wconf 72' lang='lat' dir='ltr'><strong>ntehac</strong></span> <span class='ocrx_word' id='word_1_242' title='bbox 1382 2303 1408 2352; x_wconf 88' lang='lat' dir='ltr'><strong>iu</strong></span> 
     </span>
     <span class='ocr_line' id='line_1_21' title="bbox 143 2386 1408 2454; baseline -0.002 -16"><span class='ocrx_word' id='word_1_243' title='bbox 143 2401 274 2452; x_wconf 86' lang='lat' dir='ltr'><strong>responso</strong></span> <span class='ocrx_word' id='word_1_244' title='bbox 293 2401 342 2438; x_wconf 83' lang='lat' dir='ltr'><strong>suo</strong></span> <span class='ocrx_word' id='word_1_245' title='bbox 353 2386 459 2439; x_wconf 89' lang='lat' dir='ltr'><strong>duobus</strong></span> <span class='ocrx_word' id='word_1_246' title='bbox 475 2393 578 2440; x_wconf 84' lang='lat' dir='ltr'><strong>tantum</strong></span> <span class='ocrx_word' id='word_1_247' title='bbox 595 2389 683 2440; x_wconf 82' lang='lat' dir='ltr'><strong>verbis</strong></span> <span class='ocrx_word' id='word_1_248' title='bbox 701 2390 790 2454; x_wconf 84' lang='lat' dir='ltr'><strong>attigit</strong></span> <span class='ocrx_word' id='word_1_249' title='bbox 800 2388 864 2453; x_wconf 92' lang='lat' dir='ltr'><strong>quid</strong></span> <span class='ocrx_word' id='word_1_250' title='bbox 881 2388 925 2438; x_wconf 72' lang='lat' dir='ltr'><strong>Mo</strong></span> <span class='ocrx_word' id='word_1_251' title='bbox 943 2387 969 2438; x_wconf 87' lang='lat' dir='ltr'><strong>S.</strong></span> <span class='ocrx_word' id='word_1_252' title='bbox 984 2388 1150 2452; x_wconf 79' lang='lat' dir='ltr'><strong>potissimum</strong></span> <span class='ocrx_word' id='word_1_253' title='bbox 1168 2386 1203 2438; x_wconf 89' lang='lat' dir='ltr'><strong>de</strong></span> <span class='ocrx_word' id='word_1_254' title='bbox 1220 2387 1408 2440; x_wconf 65' lang='lat' dir='ltr'><strong>reformatione</strong></span> 
     </span>
     <span class='ocr_line' id='line_1_22' title="bbox 140 2472 1410 2540; baseline 0 -16"><span class='ocrx_word' id='word_1_255' title='bbox 140 2472 281 2524; x_wconf 84' lang='lat' dir='ltr'><strong>conclavis</strong></span> <span class='ocrx_word' id='word_1_256' title='bbox 300 2473 451 2526; x_wconf 75' lang='lat' dir='ltr'><strong>feriendum</strong></span> <span class='ocrx_word' id='word_1_257' title='bbox 468 2487 526 2526; x_wconf 85' lang='lat' dir='ltr'><strong>esee</strong></span> <span class='ocrx_word' id='word_1_258' title='bbox 537 2474 681 2538; x_wconf 81' lang='lat' dir='ltr'><strong>videretur,</strong></span> <span class='ocrx_word' id='word_1_259' title='bbox 699 2480 771 2526; x_wconf 86' lang='lat' dir='ltr'><strong>certe</strong></span> <span class='ocrx_word' id='word_1_260' title='bbox 787 2479 886 2540; x_wconf 85' lang='lat' dir='ltr'><strong>quanto</strong></span> <span class='ocrx_word' id='word_1_261' title='bbox 906 2473 1004 2524; x_wconf 83' lang='lat' dir='ltr'><strong>diutius</strong></span> <span class='ocrx_word' id='word_1_262' title='bbox 1021 2473 1080 2524; x_wconf 73' lang='lat' dir='ltr'><strong>Meu</strong></span> <span class='ocrx_word' id='word_1_263' title='bbox 1104 2472 1130 2524; x_wconf 85' lang='lat' dir='ltr'><strong>S.</strong></span> <span class='ocrx_word' id='word_1_264' title='bbox 1149 2488 1230 2538; x_wconf 83' lang='lat' dir='ltr'><strong>super</strong></span> <span class='ocrx_word' id='word_1_265' title='bbox 1247 2489 1278 2526; x_wconf 89' lang='lat' dir='ltr'><strong>eo</strong></span> <span class='ocrx_word' id='word_1_266' title='bbox 1297 2473 1410 2526; x_wconf 89' lang='lat' dir='ltr'><strong>articulo</strong></span> 
     </span>
     <span class='ocr_line' id='line_1_23' title="bbox 142 2559 1409 2628; baseline 0.002 -18"><span class='ocrx_word' id='word_1_267' title='bbox 142 2562 264 2628; x_wconf 78' lang='lat' dir='ltr'><strong>cogitat,</strong></span> <span class='ocrx_word' id='word_1_268' title='bbox 286 2565 359 2612; x_wconf 85' lang='lat' dir='ltr'><strong>tanto</strong></span> <span class='ocrx_word' id='word_1_269' title='bbox 378 2562 463 2614; x_wconf 87' lang='lat' dir='ltr'><strong>minus</strong></span> <span class='ocrx_word' id='word_1_270' title='bbox 481 2563 613 2612; x_wconf 85' lang='lat' dir='ltr'><strong>existimat</strong></span> <span class='ocrx_word' id='word_1_271' title='bbox 630 2577 684 2614; x_wconf 82' lang='lat' dir='ltr'><strong>eoa</strong></span> <span class='ocrx_word' id='word_1_272' title='bbox 701 2561 787 2614; x_wconf 86' lang='lat' dir='ltr'><strong>solum</strong></span> <span class='ocrx_word' id='word_1_273' title='bbox 805 2577 861 2612; x_wconf 87' lang='lat' dir='ltr'><strong>rem</strong></span> <span class='ocrx_word' id='word_1_274' title='bbox 878 2559 965 2622; x_wconf 89' lang='lat' dir='ltr'><strong>iilam,</strong></span> <span class='ocrx_word' id='word_1_275' title='bbox 990 2575 1080 2612; x_wconf 85' lang='lat' dir='ltr'><strong>rerum</strong></span> <span class='ocrx_word' id='word_1_276' title='bbox 1099 2560 1179 2612; x_wconf 86' lang='lat' dir='ltr'><strong>etiarn</strong></span> <span class='ocrx_word' id='word_1_277' title='bbox 1196 2560 1259 2626; x_wconf 84' lang='lat' dir='ltr'><strong>quid</strong></span> <span class='ocrx_word' id='word_1_278' title='bbox 1278 2560 1312 2610; x_wconf 91' lang='lat' dir='ltr'><strong>de</strong></span> <span class='ocrx_word' id='word_1_279' title='bbox 1336 2575 1409 2612; x_wconf 89' lang='lat' dir='ltr'><strong>cree-</strong></span> 
     </span>
     <span class='ocr_line' id='line_1_24' title="bbox 141 2645 1408 2714; baseline 0.005 -18"><span class='ocrx_word' id='word_1_280' title='bbox 141 2649 217 2698; x_wconf 84' lang='lat' dir='ltr'><strong>tione</strong></span> <span class='ocrx_word' id='word_1_281' title='bbox 243 2645 414 2698; x_wconf 75' lang='lat' dir='ltr'><strong>cardinalium</strong></span> <span class='ocrx_word' id='word_1_282' title='bbox 432 2649 513 2698; x_wconf 75' lang='lat' dir='ltr'><strong>statui</strong></span> <span class='ocrx_word' id='word_1_283' title='bbox 536 2653 626 2714; x_wconf 88' lang='lat' dir='ltr'><strong>posset</strong></span> <span class='ocrx_word' id='word_1_284' title='bbox 644 2661 698 2700; x_wconf 88' lang='lat' dir='ltr'><strong>non</strong></span> <span class='ocrx_word' id='word_1_285' title='bbox 722 2663 779 2698; x_wconf 87' lang='lat' dir='ltr'><strong>esse</strong></span> <span class='ocrx_word' id='word_1_286' title='bbox 797 2646 1001 2714; x_wconf 85' lang='lat' dir='ltr'><strong>negligendum,</strong></span> <span class='ocrx_word' id='word_1_287' title='bbox 1027 2647 1170 2714; x_wconf 84' lang='lat' dir='ltr'><strong>praecipue</strong></span> <span class='ocrx_word' id='word_1_288' title='bbox 1187 2649 1249 2714; x_wconf 89' lang='lat' dir='ltr'><strong>quia</strong></span> <span class='ocrx_word' id='word_1_289' title='bbox 1272 2647 1325 2700; x_wconf 89' lang='lat' dir='ltr'><strong>boc</strong></span> <span class='ocrx_word' id='word_1_290' title='bbox 1347 2648 1408 2704; x_wconf 90' lang='lat' dir='ltr'><strong>loco</strong></span> 
     </span>
     <span class='ocr_line' id='line_1_25' title="bbox 143 2729 1411 2804; baseline 0.002 -22"><span class='ocrx_word' id='word_1_291' title='bbox 143 2735 252 2798; x_wconf 82' lang='lat' dir='ltr'><strong>ipsimet</strong></span> <span class='ocrx_word' id='word_1_292' title='bbox 274 2729 325 2784; x_wconf 75' lang='lat'><strong>8¹²⁰</strong></span> <span class='ocrx_word' id='word_1_293' title='bbox 347 2734 381 2785; x_wconf 93' lang='lat' dir='ltr'><strong>D.</strong></span> <span class='ocrx_word' id='word_1_294' title='bbox 402 2734 434 2786; x_wconf 87' lang='lat' dir='ltr'><strong>N.</strong></span> <span class='ocrx_word' id='word_1_295' title='bbox 452 2734 553 2786; x_wconf 90' lang='lat' dir='ltr'><strong>nullum</strong></span> <span class='ocrx_word' id='word_1_296' title='bbox 571 2741 712 2800; x_wconf 76' lang='lat' dir='ltr'><strong>generetur</strong></span> <span class='ocrx_word' id='word_1_297' title='bbox 729 2734 933 2800; x_wconf 82' lang='lat' dir='ltr'><strong>praeiudicium,</strong></span> <span class='ocrx_word' id='word_1_298' title='bbox 957 2733 1005 2786; x_wconf 90' lang='lat' dir='ltr'><strong>sed</strong></span> <span class='ocrx_word' id='word_1_299' title='bbox 1023 2732 1249 2804; x_wconf 28' lang='lat' dir='ltr'><strong>idutautummodo</strong></span> <span class='ocrx_word' id='word_1_300' title='bbox 1276 2735 1363 2802; x_wconf 86' lang='lat' dir='ltr'><strong>agitur</strong></span> <span class='ocrx_word' id='word_1_301' title='bbox 1380 2739 1411 2784; x_wconf 89' lang='lat' dir='ltr'><strong>ut</strong></span> 
     </span>
     <span class='ocr_line' id='line_1_26' title="bbox 139 2816 1408 2886; baseline 0.002 -16"><span class='ocrx_word' id='word_1_302' title='bbox 139 2819 188 2870; x_wconf 69' lang='lat'><strong>8⁸·</strong></span> <span class='ocrx_word' id='word_1_303' title='bbox 209 2819 238 2870; x_wconf 82' lang='lat' dir='ltr'><strong>S.</strong></span> <span class='ocrx_word' id='word_1_304' title='bbox 261 2833 426 2871; x_wconf 87' lang='lat' dir='ltr'><strong>successores</strong></span> <span class='ocrx_word' id='word_1_305' title='bbox 450 2816 591 2886; x_wconf 87' lang='lat' dir='ltr'><strong>aliquando</strong></span> <span class='ocrx_word' id='word_1_306' title='bbox 611 2822 637 2872; x_wconf 91' lang='lat' dir='ltr'><strong>in</strong></span> <span class='ocrx_word' id='word_1_307' title='bbox 656 2822 696 2872; x_wconf 91' lang='lat' dir='ltr'><strong>his</strong></span> <span class='ocrx_word' id='word_1_308' title='bbox 722 2821 801 2872; x_wconf 88' lang='lat' dir='ltr'><strong>rebus</strong></span> <span class='ocrx_word' id='word_1_309' title='bbox 819 2837 872 2872; x_wconf 90' lang='lat' dir='ltr'><strong>nou</strong></span> <span class='ocrx_word' id='word_1_310' title='bbox 896 2820 963 2872; x_wconf 81' lang='lat' dir='ltr'><strong>adeo</strong></span> <span class='ocrx_word' id='word_1_311' title='bbox 987 2817 1056 2871; x_wconf 82' lang='lat' dir='ltr'><strong>ittae</strong></span> <span class='ocrx_word' id='word_1_312' title='bbox 1080 2816 1185 2872; x_wconf 84' lang='lat' dir='ltr'><strong>sibimet</strong></span> <span class='ocrx_word' id='word_1_313' title='bbox 1202 2818 1266 2886; x_wconf 87' lang='lat' dir='ltr'><strong>ipsis</strong></span> <span class='ocrx_word' id='word_1_314' title='bbox 1288 2819 1408 2872; x_wconf 85' lang='lat' dir='ltr'><strong>habenas</strong></span> 
     </span>
    </p>
   </div>
   <div class='ocr_carea' id='block_1_3' title="bbox 139 2897 1410 3234">
    <p class='ocr_par' dir='ltr' id='par_1_3' title="bbox 139 2897 1410 3234">
     <span class='ocr_line' id='line_1_27' title="bbox 140 2897 1410 2974; baseline 0.002 -16"><span class='ocrx_word' id='word_1_315' title='bbox 140 2913 264 2969; x_wconf 83' lang='lat' dir='ltr'><strong>sument,</strong></span> <span class='ocrx_word' id='word_1_316' title='bbox 288 2906 510 2973; x_wconf 82' lang='lat' dir='ltr'><strong>quemadmodum</strong></span> <span class='ocrx_word' id='word_1_317' title='bbox 536 2897 662 2972; x_wconf 75' lang='lat' dir='ltr'><strong>superiori</strong></span> <span class='ocrx_word' id='word_1_318' title='bbox 681 2907 772 2959; x_wconf 88' lang='lat' dir='ltr'><strong>seculo</strong></span> <span class='ocrx_word' id='word_1_319' title='bbox 799 2923 853 2958; x_wconf 90' lang='lat' dir='ltr'><strong>non</strong></span> <span class='ocrx_word' id='word_1_320' title='bbox 875 2907 957 2958; x_wconf 83' lang='lat' dir='ltr'><strong>semel</strong></span> <span class='ocrx_word' id='word_1_321' title='bbox 974 2921 1025 2958; x_wconf 88' lang='lat' dir='ltr'><strong>neo</strong></span> <span class='ocrx_word' id='word_1_322' title='bbox 1043 2908 1100 2958; x_wconf 89' lang='lat' dir='ltr'><strong>sine</strong></span> <span class='ocrx_word' id='word_1_323' title='bbox 1117 2908 1217 2974; x_wconf 80' lang='lat' dir='ltr'><strong>ingenti</strong></span> <span class='ocrx_word' id='word_1_324' title='bbox 1241 2907 1367 2960; x_wconf 86' lang='lat' dir='ltr'><strong>scandalo</strong></span> <span class='ocrx_word' id='word_1_325' title='bbox 1391 2922 1410 2959; x_wconf 88' lang='lat' dir='ltr'><strong>a</strong></span> 
     </span>
     <span class='ocr_line' id='line_1_28' title="bbox 140 2992 1410 3060; baseline -0.001 -16"><span class='ocrx_word' id='word_1_326' title='bbox 140 2992 302 3060; x_wconf 87' lang='lat' dir='ltr'><strong>quibusdam</strong></span> <span class='ocrx_word' id='word_1_327' title='bbox 327 2999 445 3060; x_wconf 83' lang='lat' dir='ltr'><strong>sumptas</strong></span> <span class='ocrx_word' id='word_1_328' title='bbox 463 2993 544 3046; x_wconf 76' lang='lat' dir='ltr'><strong>trisse</strong></span> <span class='ocrx_word' id='word_1_329' title='bbox 561 2993 690 3048; x_wconf 76' lang='lat' dir='ltr'><strong>ridemus.</strong></span> <span class='ocrx_word' id='word_1_330' title='bbox 713 2993 838 3060; x_wconf 87' lang='lat' dir='ltr'><strong>iutelligit</strong></span> <span class='ocrx_word' id='word_1_331' title='bbox 854 2999 944 3046; x_wconf 88' lang='lat' dir='ltr'><strong>autem</strong></span> <span class='ocrx_word' id='word_1_332' title='bbox 967 2993 1027 3044; x_wconf 57' lang='grc' dir='ltr'><strong>ΜΝ</strong></span> <span class='ocrx_word' id='word_1_333' title='bbox 1050 2992 1077 3046; x_wconf 77' lang='lat'><strong>8.</strong></span> <span class='ocrx_word' id='word_1_334' title='bbox 1094 2993 1146 3046; x_wconf 88' lang='lat' dir='ltr'><strong>boc</strong></span> <span class='ocrx_word' id='word_1_335' title='bbox 1165 2994 1250 3058; x_wconf 87' lang='lat' dir='ltr'><strong>ipsum</strong></span> <span class='ocrx_word' id='word_1_336' title='bbox 1274 3009 1328 3046; x_wconf 91' lang='lat' dir='ltr'><strong>non</strong></span> <span class='ocrx_word' id='word_1_337' title='bbox 1352 3007 1410 3045; x_wconf 84' lang='lat' dir='ltr'><strong>esee</strong></span> 
     </span>
     <span class='ocr_line' id='line_1_29' title="bbox 139 3079 1408 3146; baseline 0 -16"><span class='ocrx_word' id='word_1_338' title='bbox 139 3096 255 3140; x_wconf 84' lang='lat' dir='ltr'><strong>novum,</strong></span> <span class='ocrx_word' id='word_1_339' title='bbox 273 3079 321 3130; x_wconf 90' lang='lat' dir='ltr'><strong>sed</strong></span> <span class='ocrx_word' id='word_1_340' title='bbox 339 3095 420 3145; x_wconf 84' lang='lat' dir='ltr'><strong>saepe</strong></span> <span class='ocrx_word' id='word_1_341' title='bbox 438 3082 616 3132; x_wconf 85' lang='lat' dir='ltr'><strong>etiamentea</strong></span> <span class='ocrx_word' id='word_1_342' title='bbox 638 3097 685 3145; x_wconf 88' lang='lat' dir='ltr'><strong>per</strong></span> <span class='ocrx_word' id='word_1_343' title='bbox 701 3080 841 3146; x_wconf 88' lang='lat' dir='ltr'><strong>pontifices</strong></span> <span class='ocrx_word' id='word_1_344' title='bbox 859 3081 993 3132; x_wconf 81' lang='lat' dir='ltr'><strong>Romanos</strong></span> <span class='ocrx_word' id='word_1_345' title='bbox 1011 3079 1120 3139; x_wconf 86' lang='lat' dir='ltr'><strong>factum,</strong></span> <span class='ocrx_word' id='word_1_346' title='bbox 1139 3080 1184 3146; x_wconf 87' lang='lat' dir='ltr'><strong>qui</strong></span> <span class='ocrx_word' id='word_1_347' title='bbox 1201 3094 1254 3131; x_wconf 91' lang='lat' dir='ltr'><strong>nou</strong></span> <span class='ocrx_word' id='word_1_348' title='bbox 1272 3079 1357 3131; x_wconf 89' lang='lat' dir='ltr'><strong>solum</strong></span> <span class='ocrx_word' id='word_1_349' title='bbox 1376 3095 1408 3130; x_wconf 85' lang='lat' dir='ltr'><strong>en</strong></span> 
     </span>
     <span class='ocr_line' id='line_1_30' title="bbox 141 3165 1408 3234; baseline 0.001 -18"><span class='ocrx_word' id='word_1_350' title='bbox 141 3181 213 3232; x_wconf 87' lang='lat' dir='ltr'><strong>quae</strong></span> <span class='ocrx_word' id='word_1_351' title='bbox 237 3165 272 3216; x_wconf 90' lang='lat' dir='ltr'><strong>ad</strong></span> <span class='ocrx_word' id='word_1_352' title='bbox 294 3166 507 3216; x_wconf 77' lang='lat' dir='ltr'><strong>reformationem</strong></span> <span class='ocrx_word' id='word_1_353' title='bbox 531 3167 620 3224; x_wconf 83' lang='lat' dir='ltr'><strong>curiae</strong></span> <span class='ocrx_word' id='word_1_354' title='bbox 637 3166 669 3220; x_wconf 72' lang='lat' dir='ltr'>R</span> <span class='ocrx_word' id='word_1_355' title='bbox 695 3168 891 3234; x_wconf 84' lang='lat' dir='ltr'><strong>pertinuerunt,</strong></span> <span class='ocrx_word' id='word_1_356' title='bbox 917 3182 1009 3218; x_wconf 82' lang='lat' dir='ltr'><strong>rerum</strong></span> <span class='ocrx_word' id='word_1_357' title='bbox 1028 3168 1108 3220; x_wconf 87' lang='lat' dir='ltr'><strong>etiam</strong></span> <span class='ocrx_word' id='word_1_358' title='bbox 1126 3171 1210 3232; x_wconf 88' lang='lat' dir='ltr'><strong>ipsum</strong></span> <span class='ocrx_word' id='word_1_359' title='bbox 1230 3165 1357 3218; x_wconf 86' lang='lat' dir='ltr'><strong>oouolave</strong></span> <span class='ocrx_word' id='word_1_360' title='bbox 1382 3169 1408 3217; x_wconf 92' lang='lat' dir='ltr'><strong>in</strong></span> 
     </span>
    </p>
   </div>
   <div class='ocr_carea' id='block_1_4' title="bbox 140 3251 1411 5128">
    <p class='ocr_par' dir='ltr' id='par_1_4' title="bbox 140 3251 1411 5128">
     <span class='ocr_line' id='line_1_31' title="bbox 143 3251 1407 3320; baseline -0.002 -16"><span class='ocrx_word' id='word_1_361' title='bbox 143 3253 267 3304; x_wconf 82' lang='lat' dir='ltr'><strong>conciliis</strong></span> <span class='ocrx_word' id='word_1_362' title='bbox 287 3251 499 3312; x_wconf 76' lang='lat' dir='ltr'><strong>reformaverint,</strong></span> <span class='ocrx_word' id='word_1_363' title='bbox 525 3254 633 3320; x_wconf 85' lang='lat' dir='ltr'><strong>eiusque</strong></span> <span class='ocrx_word' id='word_1_364' title='bbox 649 3253 687 3304; x_wconf 86' lang='lat' dir='ltr'><strong>rei</strong></span> <span class='ocrx_word' id='word_1_365' title='bbox 704 3252 788 3307; x_wconf 86' lang='lat' dir='ltr'><strong>muita</strong></span> <span class='ocrx_word' id='word_1_366' title='bbox 806 3251 927 3317; x_wconf 75' lang='lat' dir='ltr'><strong>exempla</strong></span> <span class='ocrx_word' id='word_1_367' title='bbox 943 3265 1023 3318; x_wconf 86' lang='lat' dir='ltr'><strong>posse</strong></span> <span class='ocrx_word' id='word_1_368' title='bbox 1040 3251 1163 3316; x_wconf 85' lang='lat' dir='ltr'><strong>proferri,</strong></span> <span class='ocrx_word' id='word_1_369' title='bbox 1186 3251 1407 3318; x_wconf 70' lang='lat' dir='ltr'><strong>quemadmodum</strong></span> 
     </span>
     <span class='ocr_line' id='line_1_32' title="bbox 142 3337 1407 3405; baseline 0 -15"><span class='ocrx_word' id='word_1_370' title='bbox 142 3346 171 3390; x_wconf 91' lang='lat' dir='ltr'><strong>et</strong></span> <span class='ocrx_word' id='word_1_371' title='bbox 191 3339 323 3405; x_wconf 85' lang='lat' dir='ltr'><strong>quaedam</strong></span> <span class='ocrx_word' id='word_1_372' title='bbox 335 3340 432 3404; x_wconf 80' lang='lat' dir='ltr'><strong>inipso</strong></span> <span class='ocrx_word' id='word_1_373' title='bbox 444 3338 517 3391; x_wconf 88' lang='lat' dir='ltr'><strong>bulla</strong></span> <span class='ocrx_word' id='word_1_374' title='bbox 533 3339 726 3392; x_wconf 76' lang='lat' dir='ltr'><strong>reformationis</strong></span> <span class='ocrx_word' id='word_1_375' title='bbox 738 3354 821 3404; x_wconf 89' lang='lat' dir='ltr'><strong>nuper</strong></span> <span class='ocrx_word' id='word_1_376' title='bbox 832 3339 866 3390; x_wconf 90' lang='lat' dir='ltr'><strong>ab</strong></span> <span class='ocrx_word' id='word_1_377' title='bbox 879 3337 932 3390; x_wconf 87' lang='lat' dir='ltr'><strong>boc</strong></span> <span class='ocrx_word' id='word_1_378' title='bbox 951 3338 1001 3388; x_wconf 75' lang='lat'>8¹²⁰</span> <span class='ocrx_word' id='word_1_379' title='bbox 1013 3339 1048 3392; x_wconf 96' lang='lat' dir='ltr'><strong>D.</strong></span> <span class='ocrx_word' id='word_1_380' title='bbox 1067 3339 1098 3392; x_wconf 83' lang='lat' dir='ltr'><strong>N.</strong></span> <span class='ocrx_word' id='word_1_381' title='bbox 1116 3337 1299 3404; x_wconf 86' lang='lat' dir='ltr'><strong>promulgatae</strong></span> <span class='ocrx_word' id='word_1_382' title='bbox 1317 3355 1407 3390; x_wconf 91' lang='lat' dir='ltr'><strong>recen-</strong></span> 
     </span>
     <span class='ocr_line' id='line_1_33' title="bbox 140 3423 1409 3492; baseline -0.002 -14"><span class='ocrx_word' id='word_1_383' title='bbox 140 3431 243 3488; x_wconf 86' lang='lat' dir='ltr'><strong>sentur,</strong></span> <span class='ocrx_word' id='word_1_384' title='bbox 257 3427 320 3492; x_wconf 88' lang='lat' dir='ltr'><strong>quin</strong></span> <span class='ocrx_word' id='word_1_385' title='bbox 336 3427 389 3476; x_wconf 92' lang='lat' dir='ltr'><strong>imo</strong></span> <span class='ocrx_word' id='word_1_386' title='bbox 409 3429 436 3476; x_wconf 91' lang='lat' dir='ltr'><strong>et</strong></span> <span class='ocrx_word' id='word_1_387' title='bbox 454 3424 519 3476; x_wconf 85' lang='lat' dir='ltr'><strong>iliud</strong></span> <span class='ocrx_word' id='word_1_388' title='bbox 536 3425 667 3491; x_wconf 86' lang='lat' dir='ltr'><strong>longevae</strong></span> <span class='ocrx_word' id='word_1_389' title='bbox 684 3424 710 3474; x_wconf 85' lang='lat' dir='ltr'><strong>S.</strong></span> <span class='ocrx_word' id='word_1_390' title='bbox 729 3424 761 3474; x_wconf 86' lang='lat' dir='ltr'><strong>R.</strong></span> <span class='ocrx_word' id='word_1_391' title='bbox 779 3425 910 3476; x_wconf 88' lang='lat' dir='ltr'><strong>ecclesiae</strong></span> <span class='ocrx_word' id='word_1_392' title='bbox 929 3423 1113 3479; x_wconf 82' lang='lat' dir='ltr'><strong>consuetudini</strong></span> <span class='ocrx_word' id='word_1_393' title='bbox 1131 3440 1184 3476; x_wconf 88' lang='lat' dir='ltr'><strong>uou</strong></span> <span class='ocrx_word' id='word_1_394' title='bbox 1203 3423 1409 3488; x_wconf 64' lang='lat' dir='ltr'><strong>adversariam</strong></span> 
     </span>
     <span class='ocr_line' id='line_1_34' title="bbox 141 3509 1408 3578; baseline -0.001 -15"><span class='ocrx_word' id='word_1_395' title='bbox 141 3513 234 3578; x_wconf 90' lang='lat' dir='ltr'><strong>potius</strong></span> <span class='ocrx_word' id='word_1_396' title='bbox 251 3510 340 3564; x_wconf 89' lang='lat' dir='ltr'><strong>multis</strong></span> <span class='ocrx_word' id='word_1_397' title='bbox 358 3511 485 3578; x_wconf 86' lang='lat' dir='ltr'><strong>exemplis</strong></span> <span class='ocrx_word' id='word_1_398' title='bbox 503 3512 609 3576; x_wconf 87' lang='lat' dir='ltr'><strong>probari</strong></span> <span class='ocrx_word' id='word_1_399' title='bbox 626 3526 705 3576; x_wconf 86' lang='lat' dir='ltr'><strong>posse</strong></span> <span class='ocrx_word' id='word_1_400' title='bbox 720 3509 816 3562; x_wconf 87' lang='lat' dir='ltr'><strong>dicitur</strong></span> <span class='ocrx_word' id='word_1_401' title='bbox 834 3509 914 3578; x_wconf 84' lang='lat' dir='ltr'><strong>quod,</strong></span> <span class='ocrx_word' id='word_1_402' title='bbox 935 3512 1055 3576; x_wconf 84' lang='lat' dir='ltr'><strong>quamvis</strong></span> <span class='ocrx_word' id='word_1_403' title='bbox 1073 3515 1100 3560; x_wconf 90' lang='lat' dir='ltr'><strong>et</strong></span> <span class='ocrx_word' id='word_1_404' title='bbox 1112 3512 1139 3560; x_wconf 90' lang='lat' dir='ltr'><strong>in</strong></span> <span class='ocrx_word' id='word_1_405' title='bbox 1157 3511 1282 3562; x_wconf 79' lang='lat' dir='ltr'><strong>Romania</strong></span> <span class='ocrx_word' id='word_1_406' title='bbox 1300 3513 1408 3578; x_wconf 86' lang='lat' dir='ltr'><strong>synodis</strong></span> 
     </span>
     <span class='ocr_line' id='line_1_35' title="bbox 141 3595 1407 3666; baseline -0.002 -16"><span class='ocrx_word' id='word_1_407' title='bbox 141 3597 236 3666; x_wconf 87' lang='lat' dir='ltr'><strong>aliqua</strong></span> <span class='ocrx_word' id='word_1_408' title='bbox 253 3597 288 3650; x_wconf 87' lang='lat' dir='ltr'><strong>ad</strong></span> <span class='ocrx_word' id='word_1_409' title='bbox 305 3597 384 3648; x_wconf 87' lang='lat' dir='ltr'><strong>fidem</strong></span> <span class='ocrx_word' id='word_1_410' title='bbox 402 3601 429 3648; x_wconf 89' lang='lat' dir='ltr'><strong>et</strong></span> <span class='ocrx_word' id='word_1_411' title='bbox 447 3597 500 3648; x_wconf 90' lang='lat' dir='ltr'><strong>alia</strong></span> <span class='ocrx_word' id='word_1_412' title='bbox 518 3597 552 3648; x_wconf 88' lang='lat' dir='ltr'><strong>ad</strong></span> <span class='ocrx_word' id='word_1_413' title='bbox 577 3596 700 3662; x_wconf 86' lang='lat' dir='ltr'><strong>politicas</strong></span> <span class='ocrx_word' id='word_1_414' title='bbox 719 3596 849 3648; x_wconf 78' lang='lat' dir='ltr'><strong>eccleciae</strong></span> <span class='ocrx_word' id='word_1_415' title='bbox 874 3611 968 3647; x_wconf 86' lang='lat' dir='ltr'><strong>causas</strong></span> <span class='ocrx_word' id='word_1_416' title='bbox 986 3598 1145 3662; x_wconf 76' lang='lat' dir='ltr'><strong>pertinentia</strong></span> <span class='ocrx_word' id='word_1_417' title='bbox 1168 3595 1280 3648; x_wconf 79' lang='lat' dir='ltr'><strong>diffinire</strong></span> <span class='ocrx_word' id='word_1_418' title='bbox 1302 3597 1407 3660; x_wconf 84' lang='lat' dir='ltr'><strong>fuerint,</strong></span> 
     </span>
     <span class='ocr_line' id='line_1_36' title="bbox 142 3682 1410 3750; baseline 0 -14"><span class='ocrx_word' id='word_1_419' title='bbox 142 3699 179 3736; x_wconf 89' lang='lat' dir='ltr'><strong>ca</strong></span> <span class='ocrx_word' id='word_1_420' title='bbox 202 3688 291 3734; x_wconf 66' lang='lat' dir='ltr'><strong>umen</strong></span> <span class='ocrx_word' id='word_1_421' title='bbox 310 3683 405 3736; x_wconf 86' lang='lat' dir='ltr'><strong>deinde</strong></span> <span class='ocrx_word' id='word_1_422' title='bbox 423 3685 458 3736; x_wconf 87' lang='lat' dir='ltr'><strong>ad</strong></span> <span class='ocrx_word' id='word_1_423' title='bbox 478 3683 593 3736; x_wconf 85' lang='lat' dir='ltr'><strong>concilia</strong></span> <span class='ocrx_word' id='word_1_424' title='bbox 610 3683 771 3736; x_wconf 74' lang='lat' dir='ltr'><strong>universalia</strong></span> <span class='ocrx_word' id='word_1_425' title='bbox 787 3683 869 3734; x_wconf 87' lang='lat' dir='ltr'><strong>fuisse</strong></span> <span class='ocrx_word' id='word_1_426' title='bbox 886 3683 985 3746; x_wconf 80' lang='lat' dir='ltr'><strong>relata,</strong></span> <span class='ocrx_word' id='word_1_427' title='bbox 1009 3687 1035 3734; x_wconf 91' lang='lat' dir='ltr'><strong>et</strong></span> <span class='ocrx_word' id='word_1_428' title='bbox 1053 3682 1223 3734; x_wconf 88' lang='lat' dir='ltr'><strong>nibilominus</strong></span> <span class='ocrx_word' id='word_1_429' title='bbox 1245 3698 1348 3750; x_wconf 79' lang='lat' dir='ltr'><strong>semper</strong></span> <span class='ocrx_word' id='word_1_430' title='bbox 1367 3699 1410 3736; x_wconf 87' lang='lat' dir='ltr'><strong>ca·</strong></span> 
     </span>
     <span class='ocr_line' id='line_1_37' title="bbox 142 3769 1408 3838; baseline 0 -18"><span class='ocrx_word' id='word_1_431' title='bbox 142 3771 207 3838; x_wconf 89' lang='lat' dir='ltr'><strong>pitis</strong></span> <span class='ocrx_word' id='word_1_432' title='bbox 233 3771 329 3836; x_wconf 82' lang='lat' dir='ltr'><strong>ipsius,</strong></span> <span class='ocrx_word' id='word_1_433' title='bbox 356 3770 384 3821; x_wconf 91' lang='lat' dir='ltr'><strong>id</strong></span> <span class='ocrx_word' id='word_1_434' title='bbox 410 3775 451 3822; x_wconf 88' lang='lat' dir='ltr'><strong>est</strong></span> <span class='ocrx_word' id='word_1_435' title='bbox 473 3771 505 3822; x_wconf 84' lang='lat' dir='ltr'><strong>B.</strong></span> <span class='ocrx_word' id='word_1_436' title='bbox 523 3769 654 3836; x_wconf 84' lang='lat' dir='ltr'><strong>pontificis</strong></span> <span class='ocrx_word' id='word_1_437' title='bbox 680 3771 851 3822; x_wconf 85' lang='lat' dir='ltr'><strong>autoritatem</strong></span> <span class='ocrx_word' id='word_1_438' title='bbox 874 3770 975 3822; x_wconf 83' lang='lat' dir='ltr'><strong>salvam</strong></span> <span class='ocrx_word' id='word_1_439' title='bbox 993 3774 1021 3820; x_wconf 91' lang='lat' dir='ltr'><strong>et</strong></span> <span class='ocrx_word' id='word_1_440' title='bbox 1044 3769 1202 3820; x_wconf 87' lang='lat' dir='ltr'><strong>incolumem</strong></span> <span class='ocrx_word' id='word_1_441' title='bbox 1225 3771 1408 3834; x_wconf 75' lang='lat' dir='ltr'><strong>permaduisse.</strong></span> 
     </span>
     <span class='ocr_line' id='line_1_38' title="bbox 143 3855 1410 3928; baseline 0.001 -21"><span class='ocrx_word' id='word_1_442' title='bbox 143 3857 232 3922; x_wconf 85' lang='lat' dir='ltr'><strong>posito</strong></span> <span class='ocrx_word' id='word_1_443' title='bbox 251 3862 340 3907; x_wconf 90' lang='lat' dir='ltr'><strong>autem</strong></span> <span class='ocrx_word' id='word_1_444' title='bbox 358 3856 428 3922; x_wconf 87' lang='lat' dir='ltr'><strong>quod</strong></span> <span class='ocrx_word' id='word_1_445' title='bbox 453 3856 485 3908; x_wconf 88' lang='lat' dir='ltr'><strong>de</strong></span> <span class='ocrx_word' id='word_1_446' title='bbox 504 3857 577 3908; x_wconf 89' lang='lat' dir='ltr'><strong>hisce</strong></span> <span class='ocrx_word' id='word_1_447' title='bbox 597 3857 675 3908; x_wconf 87' lang='lat' dir='ltr'><strong>rebus</strong></span> <span class='ocrx_word' id='word_1_448' title='bbox 694 3857 853 3921; x_wconf 88' lang='lat' dir='ltr'><strong>disceptatio</strong></span> <span class='ocrx_word' id='word_1_449' title='bbox 872 3856 963 3922; x_wconf 84' lang='lat' dir='ltr'><strong>aliqua</strong></span> <span class='ocrx_word' id='word_1_450' title='bbox 985 3857 1054 3906; x_wconf 87' lang='lat' dir='ltr'><strong>iuter</strong></span> <span class='ocrx_word' id='word_1_451' title='bbox 1071 3860 1158 3928; x_wconf 78' lang='lat' dir='ltr'><strong>patres</strong></span> <span class='ocrx_word' id='word_1_452' title='bbox 1181 3860 1288 3920; x_wconf 87' lang='lat' dir='ltr'><strong>propter</strong></span> <span class='ocrx_word' id='word_1_453' title='bbox 1306 3855 1410 3908; x_wconf 80' lang='lat' dir='ltr'><strong>diversa</strong></span> 
     </span>
     <span class='ocr_line' id='line_1_39' title="bbox 144 3939 1409 4008; baseline -0.002 -14"><span class='ocrx_word' id='word_1_454' title='bbox 144 3957 236 3994; x_wconf 90' lang='lat' dir='ltr'><strong>eorum</strong></span> <span class='ocrx_word' id='word_1_455' title='bbox 253 3941 341 3992; x_wconf 89' lang='lat' dir='ltr'><strong>studia</strong></span> <span class='ocrx_word' id='word_1_456' title='bbox 364 3943 487 4004; x_wconf 88' lang='lat' dir='ltr'><strong>oriretur,</strong></span> <span class='ocrx_word' id='word_1_457' title='bbox 504 3947 593 3994; x_wconf 73' lang='lat' dir='ltr'><strong>tamon</strong></span> <span class='ocrx_word' id='word_1_458' title='bbox 619 3942 762 4008; x_wconf 83' lang='lat' dir='ltr'><strong>disputatio</strong></span> <span class='ocrx_word' id='word_1_459' title='bbox 781 3957 850 4008; x_wconf 86' lang='lat' dir='ltr'><strong>quae</strong></span> <span class='ocrx_word' id='word_1_460' title='bbox 867 3958 920 3994; x_wconf 90' lang='lat' dir='ltr'><strong>non</strong></span> <span class='ocrx_word' id='word_1_461' title='bbox 945 3943 1127 3994; x_wconf 79' lang='lat' dir='ltr'><strong>ostentationis</strong></span> <span class='ocrx_word' id='word_1_462' title='bbox 1146 3945 1193 3992; x_wconf 88' lang='lat' dir='ltr'><strong>aut</strong></span> <span class='ocrx_word' id='word_1_463' title='bbox 1211 3939 1409 3992; x_wconf 88' lang='lat' dir='ltr'><strong>contradicendi</strong></span> 
     </span>
     <span class='ocr_line' id='line_1_40' title="bbox 144 4025 1410 4094; baseline -0.001 -14"><span class='ocrx_word' id='word_1_464' title='bbox 144 4027 248 4091; x_wconf 84' lang='lat' dir='ltr'><strong>studio,</strong></span> <span class='ocrx_word' id='word_1_465' title='bbox 271 4028 319 4080; x_wconf 87' lang='lat' dir='ltr'><strong>sed</strong></span> <span class='ocrx_word' id='word_1_466' title='bbox 342 4025 508 4080; x_wconf 86' lang='lat' dir='ltr'><strong>solummodo</strong></span> <span class='ocrx_word' id='word_1_467' title='bbox 532 4033 640 4094; x_wconf 89' lang='lat' dir='ltr'><strong>propter</strong></span> <span class='ocrx_word' id='word_1_468' title='bbox 656 4031 796 4079; x_wconf 78' lang='lat' dir='ltr'><strong>veritatem</strong></span> <span class='ocrx_word' id='word_1_469' title='bbox 820 4027 1010 4078; x_wconf 85' lang='lat' dir='ltr'><strong>enucleandam</strong></span> <span class='ocrx_word' id='word_1_470' title='bbox 1030 4029 1188 4088; x_wconf 75' lang='lat' dir='ltr'><strong>instituatur,</strong></span> <span class='ocrx_word' id='word_1_471' title='bbox 1208 4031 1308 4078; x_wconf 89' lang='lat' dir='ltr'><strong>tantum</strong></span> <span class='ocrx_word' id='word_1_472' title='bbox 1334 4029 1410 4078; x_wconf 83' lang='lat' dir='ltr'><strong>abest</strong></span> 
     </span>
     <span class='ocr_line' id='line_1_41' title="bbox 143 4112 1410 4182; baseline -0.002 -16"><span class='ocrx_word' id='word_1_473' title='bbox 143 4114 218 4182; x_wconf 88' lang='lat' dir='ltr'><strong>quod</strong></span> <span class='ocrx_word' id='word_1_474' title='bbox 239 4128 438 4180; x_wconf 81' lang='lat' dir='ltr'><strong>auperracsuea</strong></span> <span class='ocrx_word' id='word_1_475' title='bbox 454 4114 538 4166; x_wconf 79' lang='lat' dir='ltr'><strong>videri</strong></span> <span class='ocrx_word' id='word_1_476' title='bbox 556 4113 654 4168; x_wconf 83' lang='lat' dir='ltr'><strong>debeat</strong></span> <span class='ocrx_word' id='word_1_477' title='bbox 675 4119 705 4166; x_wconf 91' lang='lat' dir='ltr'><strong>ut</strong></span> <span class='ocrx_word' id='word_1_478' title='bbox 722 4115 810 4179; x_wconf 86' lang='lat' dir='ltr'><strong>potius</strong></span> <span class='ocrx_word' id='word_1_479' title='bbox 834 4114 970 4166; x_wconf 86' lang='lat' dir='ltr'><strong>censenda</strong></span> <span class='ocrx_word' id='word_1_480' title='bbox 987 4115 1022 4164; x_wconf 88' lang='lat' dir='ltr'><strong>sit</strong></span> <span class='ocrx_word' id='word_1_481' title='bbox 1039 4115 1216 4179; x_wconf 81' lang='lat' dir='ltr'><strong>maximopere</strong></span> <span class='ocrx_word' id='word_1_482' title='bbox 1233 4112 1269 4164; x_wconf 88' lang='lat' dir='ltr'><strong>ad</strong></span> <span class='ocrx_word' id='word_1_483' title='bbox 1287 4127 1341 4164; x_wconf 85' lang='lat' dir='ltr'><strong>rem</strong></span> <span class='ocrx_word' id='word_1_484' title='bbox 1366 4127 1410 4164; x_wconf 87' lang='lat' dir='ltr'><strong>ac-</strong></span> 
     </span>
     <span class='ocr_line' id='line_1_42' title="bbox 145 4198 1409 4268; baseline 0 -18"><span class='ocrx_word' id='word_1_485' title='bbox 145 4199 286 4253; x_wconf 85' lang='lat' dir='ltr'><strong>commoda</strong></span> <span class='ocrx_word' id='word_1_486' title='bbox 309 4205 335 4250; x_wconf 90' lang='lat' dir='ltr'><strong>et</strong></span> <span class='ocrx_word' id='word_1_487' title='bbox 353 4199 489 4264; x_wconf 86' lang='lat' dir='ltr'><strong>salutaris,</strong></span> <span class='ocrx_word' id='word_1_488' title='bbox 514 4199 581 4252; x_wconf 87' lang='lat' dir='ltr'><strong>adeo</strong></span> <span class='ocrx_word' id='word_1_489' title='bbox 600 4205 630 4250; x_wconf 91' lang='lat' dir='ltr'><strong>ut</strong></span> <span class='ocrx_word' id='word_1_490' title='bbox 648 4201 726 4250; x_wconf 86' lang='lat' dir='ltr'><strong>etiam</strong></span> <span class='ocrx_word' id='word_1_491' title='bbox 745 4201 767 4250; x_wconf 90' lang='lat' dir='ltr'><strong>si</strong></span> <span class='ocrx_word' id='word_1_492' title='bbox 791 4200 881 4265; x_wconf 81' lang='lat' dir='ltr'><strong>aliqua</strong></span> <span class='ocrx_word' id='word_1_493' title='bbox 898 4202 1024 4268; x_wconf 89' lang='lat' dir='ltr'><strong>temporis</strong></span> <span class='ocrx_word' id='word_1_494' title='bbox 1042 4201 1145 4251; x_wconf 87' lang='lat' dir='ltr'><strong>iactura</strong></span> <span class='ocrx_word' id='word_1_495' title='bbox 1162 4201 1189 4249; x_wconf 91' lang='lat' dir='ltr'><strong>iu</strong></span> <span class='ocrx_word' id='word_1_496' title='bbox 1208 4199 1259 4249; x_wconf 90' lang='lat' dir='ltr'><strong>hoc</strong></span> <span class='ocrx_word' id='word_1_497' title='bbox 1283 4198 1409 4250; x_wconf 90' lang='lat' dir='ltr'><strong>facienda</strong></span> 
     </span>
     <span class='ocr_line' id='line_1_43' title="bbox 145 4283 1409 4354; baseline 0 -18"><span class='ocrx_word' id='word_1_498' title='bbox 145 4287 193 4346; x_wconf 84' lang='lat' dir='ltr'><strong>sit,</strong></span> <span class='ocrx_word' id='word_1_499' title='bbox 220 4283 254 4336; x_wconf 88' lang='lat' dir='ltr'><strong>de</strong></span> <span class='ocrx_word' id='word_1_500' title='bbox 271 4285 318 4340; x_wconf 86' lang='lat' dir='ltr'><strong>ills</strong></span> <span class='ocrx_word' id='word_1_501' title='bbox 336 4287 363 4339; x_wconf 91' lang='lat' dir='ltr'><strong>iu</strong></span> <span class='ocrx_word' id='word_1_502' title='bbox 381 4285 459 4338; x_wconf 82' lang='lat' dir='ltr'><strong>rebus</strong></span> <span class='ocrx_word' id='word_1_503' title='bbox 477 4291 531 4338; x_wconf 86' lang='lat' dir='ltr'><strong>tam</strong></span> <span class='ocrx_word' id='word_1_504' title='bbox 555 4286 680 4352; x_wconf 73' lang='lat' dir='ltr'><strong>gravibus</strong></span> <span class='ocrx_word' id='word_1_505' title='bbox 704 4291 730 4339; x_wconf 88' lang='lat' dir='ltr'><strong>et</strong></span> <span class='ocrx_word' id='word_1_506' title='bbox 748 4288 903 4336; x_wconf 81' lang='lat' dir='ltr'><strong>necessariis</strong></span> <span class='ocrx_word' id='word_1_507' title='bbox 920 4303 975 4338; x_wconf 88' lang='lat' dir='ltr'><strong>non</strong></span> <span class='ocrx_word' id='word_1_508' title='bbox 993 4286 1060 4341; x_wconf 82' lang='lat' dir='ltr'><strong>adeo</strong></span> <span class='ocrx_word' id='word_1_509' title='bbox 1080 4300 1239 4354; x_wconf 78' lang='lat' dir='ltr'><strong>magnopere</strong></span> <span class='ocrx_word' id='word_1_510' title='bbox 1257 4286 1291 4335; x_wconf 92' lang='lat' dir='ltr'><strong>sit</strong></span> <span class='ocrx_word' id='word_1_511' title='bbox 1316 4299 1409 4336; x_wconf 88' lang='lat' dir='ltr'><strong>curau-</strong></span> 
     </span>
     <span class='ocr_line' id='line_1_44' title="bbox 146 4370 1411 4437; baseline 0 -15"><span class='ocrx_word' id='word_1_512' title='bbox 146 4371 217 4423; x_wconf 89' lang='lat' dir='ltr'><strong>dum.</strong></span> <span class='ocrx_word' id='word_1_513' title='bbox 241 4372 312 4437; x_wconf 88' lang='lat' dir='ltr'><strong>quod</strong></span> <span class='ocrx_word' id='word_1_514' title='bbox 337 4377 426 4422; x_wconf 85' lang='lat' dir='ltr'><strong>autem</strong></span> <span class='ocrx_word' id='word_1_515' title='bbox 449 4371 516 4420; x_wconf 61' lang='grc' dir='ltr'><strong>ΒΜ·</strong></span> <span class='ocrx_word' id='word_1_516' title='bbox 536 4372 569 4422; x_wconf 92' lang='lat' dir='ltr'><strong>D.</strong></span> <span class='ocrx_word' id='word_1_517' title='bbox 589 4371 692 4437; x_wconf 86' lang='lat' dir='ltr'><strong>legatus</strong></span> <span class='ocrx_word' id='word_1_518' title='bbox 715 4373 781 4437; x_wconf 90' lang='lat' dir='ltr'><strong>petit</strong></span> <span class='ocrx_word' id='word_1_519' title='bbox 799 4373 881 4422; x_wconf 81' lang='lat' dir='ltr'><strong>verba</strong></span> <span class='ocrx_word' id='word_1_520' title='bbox 899 4371 945 4422; x_wconf 88' lang='lat' dir='ltr'><strong>illa</strong></span> <span class='ocrx_word' id='word_1_521' title='bbox 963 4371 990 4422; x_wconf 89' lang='lat' dir='ltr'><strong>in</strong></span> <span class='ocrx_word' id='word_1_522' title='bbox 1014 4387 1138 4436; x_wconf 85' lang='lat' dir='ltr'><strong>responso</strong></span> <span class='ocrx_word' id='word_1_523' title='bbox 1162 4371 1208 4420; x_wconf 94' lang='lat' dir='ltr'><strong>ubi</strong></span> <span class='ocrx_word' id='word_1_524' title='bbox 1228 4370 1261 4420; x_wconf 91' lang='lat' dir='ltr'><strong>de</strong></span> <span class='ocrx_word' id='word_1_525' title='bbox 1284 4372 1411 4424; x_wconf 88' lang='lat' dir='ltr'><strong>reforma-</strong></span> 
     </span>
     <span class='ocr_line' id='line_1_45' title="bbox 145 4455 1410 4523; baseline 0 -15"><span class='ocrx_word' id='word_1_526' title='bbox 145 4458 218 4510; x_wconf 86' lang='lat' dir='ltr'><strong>tione</strong></span> <span class='ocrx_word' id='word_1_527' title='bbox 242 4459 269 4507; x_wconf 89' lang='lat' dir='ltr'><strong>in</strong></span> <span class='ocrx_word' id='word_1_528' title='bbox 288 4459 375 4523; x_wconf 85' lang='lat' dir='ltr'><strong>capite</strong></span> <span class='ocrx_word' id='word_1_529' title='bbox 393 4457 551 4520; x_wconf 74' lang='lat' dir='ltr'><strong>nomentio,</strong></span> <span class='ocrx_word' id='word_1_530' title='bbox 578 4457 706 4523; x_wconf 79' lang='lat' dir='ltr'><strong>expungi,</strong></span> <span class='ocrx_word' id='word_1_531' title='bbox 729 4457 791 4508; x_wconf 54' lang='lat' dir='ltr'><strong>bist·</strong></span> <span class='ocrx_word' id='word_1_532' title='bbox 813 4457 839 4508; x_wconf 75' lang='grc' dir='ltr'><strong>Β.</strong></span> <span class='ocrx_word' id='word_1_533' title='bbox 865 4457 895 4508; x_wconf 81' lang='lat' dir='ltr'><strong>O.</strong></span> <span class='ocrx_word' id='word_1_534' title='bbox 914 4465 943 4508; x_wconf 86' lang='lat' dir='ltr'><strong>nt</strong></span> <span class='ocrx_word' id='word_1_535' title='bbox 960 4459 1063 4508; x_wconf 89' lang='lat' dir='ltr'><strong>sincere</strong></span> <span class='ocrx_word' id='word_1_536' title='bbox 1082 4455 1155 4508; x_wconf 85' lang='lat' dir='ltr'><strong>diost</strong></span> <span class='ocrx_word' id='word_1_537' title='bbox 1172 4457 1200 4508; x_wconf 90' lang='lat' dir='ltr'><strong>id</strong></span> <span class='ocrx_word' id='word_1_538' title='bbox 1224 4457 1297 4523; x_wconf 89' lang='lat' dir='ltr'><strong>quod</strong></span> <span class='ocrx_word' id='word_1_539' title='bbox 1320 4459 1410 4518; x_wconf 87' lang='lat' dir='ltr'><strong>sentit,</strong></span> 
     </span>
     <span class='ocr_line' id='line_1_46' title="bbox 145 4542 1409 4610; baseline -0.002 -14"><span class='ocrx_word' id='word_1_540' title='bbox 145 4542 257 4596; x_wconf 80' lang='lat' dir='ltr'><strong>sius‘rei</strong></span> <span class='ocrx_word' id='word_1_541' title='bbox 274 4561 327 4596; x_wconf 90' lang='lat' dir='ltr'><strong>uou</strong></span> <span class='ocrx_word' id='word_1_542' title='bbox 340 4543 408 4598; x_wconf 80' lang='lat' dir='ltr'><strong>adeo</strong></span> <span class='ocrx_word' id='word_1_543' title='bbox 421 4547 558 4610; x_wconf 79' lang='lat' dir='ltr'><strong>urgentem</strong></span> <span class='ocrx_word' id='word_1_544' title='bbox 576 4545 705 4596; x_wconf 89' lang='lat' dir='ltr'><strong>rationem</strong></span> <span class='ocrx_word' id='word_1_545' title='bbox 724 4544 834 4594; x_wconf 88' lang='lat' dir='ltr'><strong>subesse</strong></span> <span class='ocrx_word' id='word_1_546' title='bbox 846 4543 926 4607; x_wconf 73' lang='lat' dir='ltr'><strong>ridet,</strong></span> <span class='ocrx_word' id='word_1_547' title='bbox 939 4544 1093 4610; x_wconf 87' lang='lat' dir='ltr'><strong>praesertim</strong></span> <span class='ocrx_word' id='word_1_548' title='bbox 1108 4559 1167 4594; x_wconf 88' lang='lat' dir='ltr'><strong>cum</strong></span> <span class='ocrx_word' id='word_1_549' title='bbox 1186 4559 1219 4594; x_wconf 84' lang='lat' dir='ltr'><strong>ex</strong></span> <span class='ocrx_word' id='word_1_550' title='bbox 1236 4549 1293 4595; x_wconf 89' lang='lat' dir='ltr'><strong>toto</strong></span> <span class='ocrx_word' id='word_1_551' title='bbox 1311 4542 1366 4594; x_wconf 60' lang='lat' dir='ltr'><strong>bist·</strong></span> <span class='ocrx_word' id='word_1_552' title='bbox 1381 4543 1409 4595; x_wconf 80' lang='lat' dir='ltr'><strong>S.</strong></span> 
     </span>
     <span class='ocr_line' id='line_1_47' title="bbox 147 4627 1409 4696; baseline -0.001 -15"><span class='ocrx_word' id='word_1_553' title='bbox 147 4631 246 4696; x_wconf 88' lang='lat' dir='ltr'><strong>scripto</strong></span> <span class='ocrx_word' id='word_1_554' title='bbox 259 4631 323 4680; x_wconf 70' lang='lat' dir='ltr'><strong>sads</strong></span> <span class='ocrx_word' id='word_1_555' title='bbox 336 4635 461 4695; x_wconf 84' lang='lat' dir='ltr'><strong>appareat</strong></span> <span class='ocrx_word' id='word_1_556' title='bbox 473 4645 552 4696; x_wconf 87' lang='lat' dir='ltr'><strong>quam</strong></span> <span class='ocrx_word' id='word_1_557' title='bbox 570 4629 721 4694; x_wconf 89' lang='lat' dir='ltr'><strong>opinionem</strong></span> <span class='ocrx_word' id='word_1_558' title='bbox 734 4627 761 4680; x_wconf 84' lang='lat' dir='ltr'><strong>S.</strong></span> <span class='ocrx_word' id='word_1_559' title='bbox 779 4630 839 4680; x_wconf 67' lang='lat' dir='ltr'><strong>bfin</strong></span> <span class='ocrx_word' id='word_1_560' title='bbox 856 4629 889 4680; x_wconf 91' lang='lat' dir='ltr'><strong>de</strong></span> <span class='ocrx_word' id='word_1_561' title='bbox 901 4645 1014 4695; x_wconf 89' lang='lat' dir='ltr'><strong>persona</strong></span> <span class='ocrx_word' id='word_1_562' title='bbox 1026 4630 1103 4680; x_wconf 89' lang='lat' dir='ltr'><strong>huius</strong></span> <span class='ocrx_word' id='word_1_563' title='bbox 1121 4627 1166 4680; x_wconf 53' lang='grc' dir='ltr'><strong>ΒΝ]</strong></span> <span class='ocrx_word' id='word_1_564' title='bbox 1180 4630 1214 4681; x_wconf 88' lang='lat' dir='ltr'><strong>D.</strong></span> <span class='ocrx_word' id='word_1_565' title='bbox 1226 4630 1270 4690; x_wconf 71' lang='grc' dir='ltr'><strong>Ν..</strong></span> <span class='ocrx_word' id='word_1_566' title='bbox 1284 4634 1409 4696; x_wconf 88' lang='lat' dir='ltr'><strong>quantum</strong></span> 
     </span>
     <span class='ocr_line' id='line_1_48' title="bbox 146 4715 1409 4782; baseline -0.002 -16"><span class='ocrx_word' id='word_1_567' title='bbox 146 4715 181 4766; x_wconf 83' lang='lat' dir='ltr'><strong>ad</strong></span> <span class='ocrx_word' id='word_1_568' title='bbox 199 4717 376 4782; x_wconf 84' lang='lat' dir='ltr'><strong>integritatem</strong></span> <span class='ocrx_word' id='word_1_569' title='bbox 393 4717 464 4766; x_wconf 84' lang='lat' dir='ltr'><strong>vitae</strong></span> <span class='ocrx_word' id='word_1_570' title='bbox 478 4721 504 4765; x_wconf 86' lang='lat' dir='ltr'><strong>et</strong></span> <span class='ocrx_word' id='word_1_571' title='bbox 516 4731 616 4766; x_wconf 86' lang='lat' dir='ltr'><strong>morum</strong></span> <span class='ocrx_word' id='word_1_572' title='bbox 629 4716 797 4766; x_wconf 83' lang='lat' dir='ltr'><strong>sanctitatem</strong></span> <span class='ocrx_word' id='word_1_573' title='bbox 816 4716 919 4778; x_wconf 87' lang='lat' dir='ltr'><strong>attinet,</strong></span> <span class='ocrx_word' id='word_1_574' title='bbox 931 4731 1035 4779; x_wconf 89' lang='lat' dir='ltr'><strong>semper</strong></span> <span class='ocrx_word' id='word_1_575' title='bbox 1052 4715 1175 4765; x_wconf 90' lang='lat' dir='ltr'><strong>habuerit</strong></span> <span class='ocrx_word' id='word_1_576' title='bbox 1187 4719 1267 4780; x_wconf 88' lang='lat' dir='ltr'><strong>atquc</strong></span> <span class='ocrx_word' id='word_1_577' title='bbox 1280 4717 1306 4765; x_wconf 94' lang='lat' dir='ltr'><strong>in</strong></span> <span class='ocrx_word' id='word_1_578' title='bbox 1325 4721 1409 4766; x_wconf 89' lang='lat' dir='ltr'><strong>aeter·</strong></span> 
     </span>
     <span class='ocr_line' id='line_1_49' title="bbox 146 4799 1410 4867; baseline -0.002 -15"><span class='ocrx_word' id='word_1_579' title='bbox 146 4817 208 4852; x_wconf 89' lang='lat' dir='ltr'><strong>num</strong></span> <span class='ocrx_word' id='word_1_580' title='bbox 232 4801 337 4854; x_wconf 81' lang='lat' dir='ltr'><strong>babeat</strong></span> <span class='ocrx_word' id='word_1_581' title='bbox 361 4803 452 4867; x_wconf 87' lang='lat' dir='ltr'><strong>itaque</strong></span> <span class='ocrx_word' id='word_1_582' title='bbox 475 4803 613 4867; x_wconf 83' lang='lat' dir='ltr'><strong>insigniter</strong></span> <span class='ocrx_word' id='word_1_583' title='bbox 634 4799 814 4866; x_wconf 88' lang='lat' dir='ltr'><strong>impudentem</strong></span> <span class='ocrx_word' id='word_1_584' title='bbox 841 4815 901 4852; x_wconf 88' lang='lat' dir='ltr'><strong>eum</strong></span> <span class='ocrx_word' id='word_1_585' title='bbox 925 4814 983 4852; x_wconf 92' lang='lat' dir='ltr'><strong>esse</strong></span> <span class='ocrx_word' id='word_1_586' title='bbox 1007 4805 1139 4866; x_wconf 86' lang='lat' dir='ltr'><strong>oporteret</strong></span> <span class='ocrx_word' id='word_1_587' title='bbox 1162 4801 1206 4866; x_wconf 88' lang='lat' dir='ltr'><strong>qui</strong></span> <span class='ocrx_word' id='word_1_588' title='bbox 1230 4815 1285 4852; x_wconf 90' lang='lat' dir='ltr'><strong>rem</strong></span> <span class='ocrx_word' id='word_1_589' title='bbox 1308 4802 1336 4850; x_wconf 92' lang='lat' dir='ltr'><strong>in</strong></span> <span class='ocrx_word' id='word_1_590' title='bbox 1359 4799 1410 4850; x_wconf 87' lang='lat' dir='ltr'><strong>hac</strong></span> 
     </span>
     <span class='ocr_line' id='line_1_50' title="bbox 145 4885 1410 4954; baseline -0.003 -15"><span class='ocrx_word' id='word_1_591' title='bbox 145 4895 220 4954; x_wconf 90' lang='lat' dir='ltr'><strong>parte</strong></span> <span class='ocrx_word' id='word_1_592' title='bbox 239 4888 337 4940; x_wconf 81' lang='lat' dir='ltr'><strong>claram</strong></span> <span class='ocrx_word' id='word_1_593' title='bbox 355 4893 383 4938; x_wconf 86' lang='lat' dir='ltr'><strong>et</strong></span> <span class='ocrx_word' id='word_1_594' title='bbox 400 4893 517 4954; x_wconf 84' lang='lat' dir='ltr'><strong>apertam</strong></span> <span class='ocrx_word' id='word_1_595' title='bbox 535 4890 562 4938; x_wconf 89' lang='lat' dir='ltr'><strong>in</strong></span> <span class='ocrx_word' id='word_1_596' title='bbox 580 4885 661 4937; x_wconf 74' lang='lat' dir='ltr'><strong>adnm</strong></span> <span class='ocrx_word' id='word_1_597' title='bbox 678 4901 784 4938; x_wconf 87' lang='lat' dir='ltr'><strong>sensum</strong></span> <span class='ocrx_word' id='word_1_598' title='bbox 803 4887 958 4953; x_wconf 88' lang='lat' dir='ltr'><strong>detorquere</strong></span> <span class='ocrx_word' id='word_1_599' title='bbox 977 4891 1125 4937; x_wconf 85' lang='lat' dir='ltr'><strong>conaretur.</strong></span> <span class='ocrx_word' id='word_1_600' title='bbox 1143 4886 1196 4936; x_wconf 88' lang='lat' dir='ltr'><strong>buo</strong></span> <span class='ocrx_word' id='word_1_601' title='bbox 1214 4885 1321 4936; x_wconf 86' lang='lat' dir='ltr'><strong>accedit</strong></span> <span class='ocrx_word' id='word_1_602' title='bbox 1338 4886 1410 4952; x_wconf 88' lang='lat' dir='ltr'><strong>quod</strong></span> 
     </span>
     <span class='ocr_line' id='line_1_51' title="bbox 146 4973 1410 5038; baseline -0.003 -12"><span class='ocrx_word' id='word_1_603' title='bbox 146 4975 207 5026; x_wconf 59' lang='grc' dir='ltr'><strong>ΜΝ</strong></span> <span class='ocrx_word' id='word_1_604' title='bbox 234 4973 260 5023; x_wconf 86' lang='lat' dir='ltr'><strong>S.</strong></span> <span class='ocrx_word' id='word_1_605' title='bbox 279 4973 375 5026; x_wconf 83' lang='lat' dir='ltr'><strong>edocte</strong></span> <span class='ocrx_word' id='word_1_606' title='bbox 393 4979 446 5037; x_wconf 90' lang='lat' dir='ltr'><strong>est,</strong></span> <span class='ocrx_word' id='word_1_607' title='bbox 468 4975 578 5024; x_wconf 80' lang='lat' dir='ltr'><strong>verbum</strong></span> <span class='ocrx_word' id='word_1_608' title='bbox 602 4973 654 5024; x_wconf 91' lang='lat' dir='ltr'><strong>boe</strong></span> <span class='ocrx_word' id='word_1_609' title='bbox 673 4973 866 5024; x_wconf 87' lang='lat' dir='ltr'><strong>reformationis</strong></span> <span class='ocrx_word' id='word_1_610' title='bbox 884 4973 911 5023; x_wconf 91' lang='lat' dir='ltr'><strong>in</strong></span> <span class='ocrx_word' id='word_1_611' title='bbox 935 4973 1022 5038; x_wconf 87' lang='lat' dir='ltr'><strong>capite</strong></span> <span class='ocrx_word' id='word_1_612' title='bbox 1041 4977 1068 5022; x_wconf 89' lang='lat' dir='ltr'><strong>et</strong></span> <span class='ocrx_word' id='word_1_613' title='bbox 1086 4974 1112 5023; x_wconf 90' lang='lat' dir='ltr'><strong>in</strong></span> <span class='ocrx_word' id='word_1_614' title='bbox 1135 4973 1259 5024; x_wconf 81' lang='lat' dir='ltr'><strong>membris</strong></span> <span class='ocrx_word' id='word_1_615' title='bbox 1276 4973 1303 5022; x_wconf 87' lang='lat' dir='ltr'><strong>iu</strong></span> <span class='ocrx_word' id='word_1_616' title='bbox 1328 4973 1410 5022; x_wconf 86' lang='lat' dir='ltr'><strong>sacris</strong></span> 
     </span>
     <span class='ocr_line' id='line_1_52' title="bbox 147 5055 1410 5128; baseline 0.001 -18"><span class='ocrx_word' id='word_1_617' title='bbox 147 5060 293 5111; x_wconf 82' lang='lat' dir='ltr'><strong>canonibus</strong></span> <span class='ocrx_word' id='word_1_618' title='bbox 316 5067 345 5110; x_wconf 91' lang='lat' dir='ltr'><strong>et</strong></span> <span class='ocrx_word' id='word_1_619' title='bbox 361 5073 451 5111; x_wconf 79' lang='lat' dir='ltr'><strong>sonim</strong></span> <span class='ocrx_word' id='word_1_620' title='bbox 469 5055 653 5128; x_wconf 74' lang='lat' dir='ltr'><strong>interpretibus</strong></span> <span class='ocrx_word' id='word_1_621' title='bbox 678 5075 735 5110; x_wconf 87' lang='lat' dir='ltr'><strong>csse</strong></span> <span class='ocrx_word' id='word_1_622' title='bbox 752 5060 963 5122; x_wconf 87' lang='lat' dir='ltr'><strong>usitatissimum,</strong></span> <span class='ocrx_word' id='word_1_623' title='bbox 987 5072 1073 5128; x_wconf 89' lang='lat' dir='ltr'><strong>neque</strong></span> <span class='ocrx_word' id='word_1_624' title='bbox 1091 5059 1151 5110; x_wconf 57' lang='lat' dir='ltr'><strong>Mu·</strong></span> <span class='ocrx_word' id='word_1_625' title='bbox 1173 5057 1199 5110; x_wconf 77' lang='lat' dir='ltr'><strong>S.</strong></span> <span class='ocrx_word' id='word_1_626' title='bbox 1218 5057 1262 5108; x_wconf 81' lang='lat' dir='ltr'><strong>vel</strong></span> <span class='ocrx_word' id='word_1_627' title='bbox 1288 5071 1410 5126; x_wconf 78' lang='lat' dir='ltr'><strong>expresse</strong></span> 
     </span>
    </p>
   </div>
   <div class='ocr_carea' id='block_1_5' title="bbox 0 0 1746 5820">
    <p class='ocr_par' dir='ltr' id='par_1_5' title="bbox 0 0 1746 5820">
     <span class='ocr_line' id='line_1_53' title="bbox 0 0 1746 5820; baseline 0 0"><span class='ocrx_word' id='word_1_628' title='bbox 0 0 1746 5820; x_wconf 95' lang='lat' dir='ltr'><strong> </strong></span> 
     </span>
    </p>
   </div>
  </div>
 </body>
</html>
