3498 5830
1402 513 1461 576 lt·

193 707 268 756 uuor
286 693 366 747 osuin
382 695 540 760 instruierts
558 695 601 750 die
618 695 743 750 Biscbtss
765 698 794 748 iu
806 695 885 762 jader
902 698 992 750 Weiss
1015 715 1049 751 su
1069 699 1201 755 schinnen
1226 699 1281 754 und
1298 717 1332 752 au
1348 700 1463 764 itrdern.

197 805 229 814 —
250 780 304 830 Die
321 780 437 830 Nuntien
454 781 598 834 verliessen
616 783 695 838 Wien
713 798 756 836 am
775 784 815 848 14,
834 783 918 836 trason
943 799 986 836 am
1003 787 1037 836 20
1054 786 1082 836 in
1099 787 1169 854 Prag
1194 788 1251 850 ein,
1278 787 1389 840 smdtsn
1411 803 1464 838 von

194 864 262 915 dort
280 863 331 915 den
349 866 462 916 Auditor
478 867 510 919 A
531 865 644 920 Cachina
663 870 711 918 mit
728 871 814 919 ciuem
831 870 908 920 Brief
922 871 991 922 nach
1009 871 1165 941 Naumburg
1180 888 1293 936 vorsus,
1304 873 1400 924 kamen
1419 873 1464 924 da-

195 951 285 1003 seibst
293 967 335 1002 am
345 951 379 1002 28
389 967 430 1002 an.
449 953 481 1004 In
492 953 562 1020 Prag
570 955 726 1021 bsgrtisston
735 955 805 1006 auch
816 953 859 1006 die
867 955 1070 1009 Commissarien
1080 957 1132 1008 den
1141 958 1293 1026 Eraheraog
1303 957 1464 1018 Fordinsnd,

194 1037 314 1095 weiehsr
332 1039 392 1089 eine
414 1045 459 1090 ant
476 1040 569 1090 Trient
592 1041 748 1108 beaflgliche
766 1041 848 1093 Stella
867 1042 914 1094 der
931 1043 1107 1096 kaiserliobsn
1125 1046 1286 1098 Instruetion
1304 1043 1464 1096 bedenlslieb

194 1124 271 1186 find,
289 1125 393 1178 womrf
407 1127 464 1178 seiu
480 1125 563 1178 Vater
578 1143 623 1180 am
641 1129 676 1179 24
692 1128 794 1180 anuar
810 1128 855 1180 die
873 1128 1076 1182 Ocmmtsssrten
1098 1134 1198 1184 anwies
1222 1132 1265 1184 die
1283 1130 1465 1184 betreffenden

194 1209 292 1262 Worte
310 1210 487 1264 ammissum.
523 1212 584 1279 Vgl.
603 1213 636 1268 N.
654 1214 770 1273 1518.

698 1453 901 1468 *nunquan—-

675 1723 920 1809 LXXXIX.

504 1945 584 2020 Der
612 1944 744 2018 Kaissr
770 1963 817 2018 aa
846 1944 920 2019 den
949 1943 1082 2039 Ριριις

538 2071 541 2078 ’
593 2097 703 2162 wion,
721 2099 737 2148 o
755 2096 886 2150 Januar
905 2099 997 2152 1se1.

301 2277 481 2334 leubaste
498 2277 676 2362 Ocacilactm.
699 2277 768 2348 Hast
782 2278 977 2352 gleichzeitiger
991 2277 1167 2350 Absctristea
1181 2280 1235 2335 Νι.
1258 2282 1310 2336 22.

231 2453 424 2522 Beatissime
448 2464 510 2522 etc.
527 2505 534 2520 .
550 2505 583 2522 ..
618 2475 714 2546 porro
747 2455 787 2522 de
809 2455 973 2524 mittendis
997 2456 1179 2523 oratoribus
1202 2480 1283 2546 quos
1306 2455 1363 2522 δ”·
1377 2457 1420 2523 V.
1444 2481 1464 2522 a

127 2557 221 2626 nobis
243 2559 327 2626 mitti
347 2559 499 2646 postulat,
522 2561 609 2626 viros
632 2562 791 2647 gravitate
813 2561 986 2648 prudentia
1001 2572 1034 2628 et
1054 2563 1176 2650 pietate
1190 2569 1393 2652 praestantes
1409 2563 1464 2648 qui

127 2663 256 2730 nomine
287 2673 397 2730 nostro
426 2663 562 2731 coneilio
590 2666 747 2748 intersint,
775 2663 865 2730 nulla
893 2664 1024 2752 quidem
1055 2667 1116 2730 erit
1136 2662 1312 2730 difficultas
1328 2714 1335 2730 .
1349 2713 1382 2730 ..
1405 2687 1464 2729 nos

128 2787 264 2854 quoque,
289 2765 377 2853 quod
399 2765 440 2833 S²¹
458 2768 499 2833 V.
523 2775 613 2834 certo
627 2777 774 2833 constare
796 2767 953 2851 volumus,
977 2769 1078 2856 ipsius
1101 2766 1228 2834 concilii
1255 2765 1466 2832 celebrationi

129 2871 256 2935 omnino
289 2879 476 2958 praesentes
504 2870 557 2936 dei
584 2869 784 2957 benignitate
812 2871 941 2935 affuturi
972 2893 1125 2956 essemus,
1149 2871 1296 2937 omnibus
1327 2868 1463 2956 impedi·

131 2973 246 3038 mentis
268 2976 456 3060 postpositis
480 2997 562 3064 quae
577 2971 722 3064 profecto
738 2974 880 3064 alioquin
895 2975 1037 3040 maxime
1052 2974 1146 3048 nobis
1162 2972 1300 3060 obstant,
1324 2982 1357 3039 ct
1370 2996 1463 3062 prae·

133 3078 244 3142 sertim
266 3077 399 3144 assidua
421 3088 454 3145 et
474 3079 585 3164 gravis
609 3099 686 3164 cura
707 3100 880 3164 regnorum
903 3085 934 3144 et
957 3077 1170 3146 dominiorum
1185 3086 1463 3164 nostrorumquee

132 3180 245 3246 merito
285 3202 343 3245 nos
376 3179 518 3248 solicitos
540 3190 628 3248 tenet
649 3191 782 3268 propter
809 3181 941 3248 nimiam
962 3182 1160 3248 vicinitatem
1182 3181 1401 3268 praepotentis
1424 3203 1464 3246 ac

132 3284 281 3368 perpetui
304 3282 497 3350 christianae
518 3282 717 3371 reipublicae
738 3283 840 3349 bostis
868 3283 911 3349 ad
938 3285 1114 3370 perniciem
1135 3282 1262 3348 illorum
1284 3284 1371 3349 omni
1391 3281 1463 3348 loco

131 3395 163 3450 et
184 3397 330 3473 tempore
346 3387 559 3452 intentissimi.
584 3397 739 3475 quantum
754 3409 894 3474 namque
909 3388 1133 3453 auctoritatem
1148 3395 1180 3452 et
1195 3387 1464 3452 existimationem
1522 3447 1525 3456 .

132 3491 333 3576 gravissimis
348 3491 418 3556 istis
434 3491 560 3580 concilii
575 3493 712 3578 negotiis
728 3492 893 3578 utriusque
909 3492 1049 3579 supremi
1061 3487 1258 3580 reipublicae
1271 3488 1464 3555 christianae

131 3596 248 3681 capitis
270 3595 455 3682 praesentia
476 3592 614 3660 allatura
636 3603 730 3678 esset,
764 3617 830 3660 non
858 3593 954 3660 modo
986 3617 1087 3682 penes
1114 3591 1252 3681 populos
1281 3595 1408 3680 utrique
1430 3593 1463 3657 in

131 3697 362 3784 temporalibus
384 3698 556 3781 subiectos,
579 3721 691 3764 verum
714 3700 811 3765 etiam
835 3697 922 3785 apud
944 3695 1023 3764 alios
1044 3719 1139 3784 reges
1153 3705 1339 3785 potentatus
1354 3719 1393 3762 ac
1408 3719 1463 3761 na-

129 3802 233 3866 tiones
249 3800 450 3885 christianas,
469 3820 743 3888 supervacaneum
755 3800 948 3866 arbitremur
959 3799 1001 3866 S‘¹
1017 3801 1057 3865 V‘.
1069 3799 1214 3889 pluribus
1232 3800 1462 3884 demonstrare,

132 3926 215 3989 quae
237 3926 297 3992 pro
314 3926 373 3969 sua
386 3927 511 3970 summa
525 3906 684 3992 sapientia
699 3904 733 3970 id
747 3906 853 3992 ipsum
869 3905 946 3970 satis
962 3925 1122 3992 superque
1137 3903 1294 3991 inteiligit.
1310 3925 1370 3968 nos
1386 3925 1464 3968 sanc

130 4006 197 4072 gam
219 4008 335 4073 V.
359 4007 465 4075 celare
487 4031 553 4074 non
575 4030 757 4094 possumus,
780 4006 864 4074 banc
885 4009 1086 4095 potissimam
1109 4030 1240 4074 causam
1255 4007 1354 4072 fuisse
1368 4004 1463 4071 nobis

128 4110 290 4198 probandi
318 4113 482 4178 civitatem
502 4111 725 4177 Tridentinam
746 4133 805 4198 pro
827 4109 898 4176 loco
922 4110 1058 4195 concilii,
1082 4119 1245 4198 utcunque
1267 4133 1307 4176 ea
1329 4111 1370 4174 sit
1391 4109 1463 4175 aliis
1498 4147 1500 4162 ι

132 4214 264 4302 regibus
286 4215 506 4302 potentatibus
534 4224 567 4280 et
587 4213 786 4301 principibus
802 4236 868 4279 non
889 4213 972 4279 adeo
995 4213 1174 4299 commoda,
1199 4213 1286 4301 quod
1308 4214 1463 4278 sciremus

129 4317 170 4383 St
189 4318 228 4385 V.
250 4317 329 4382 nibil
351 4317 397 4383 ibi
417 4316 711 4405 pertimescendum
732 4316 802 4382 fore
816 4317 961 4404 periculi,
977 4317 1035 4383 sed
1051 4339 1122 4382 eam
1142 4317 1336 4404 patrimonio
1352 4316 1407 4382 S‘¹⁸
1420 4315 1462 4380 V.

129 4430 161 4486 et
184 4421 341 4487 ecelesiae
371 4422 417 4484 ita
444 4421 586 4485 vicinam
614 4429 647 4484 et
674 4441 821 4485 securam
853 4441 934 4503 esse,
962 4429 997 4483 ut
1025 4418 1066 4485 S⁸¹
1083 4420 1124 4485 V.
1147 4443 1212 4486 non
1242 4421 1346 4507 possit
1371 4427 1462 4483 tanta

128 4526 353 4612 propinquitas
382 4546 447 4589 non
475 4520 649 4610 plurimum
676 4523 771 4588 ctiam
807 4523 1054 4609 opportunitatis
1084 4522 1384 4612 commoditatisque
1407 4521 1461 4586 sd-

128 4629 220 4694 ferre.
244 4629 334 4694 euius
357 4626 487 4714 quidem
508 4627 555 4692 rei
576 4634 613 4690 ut
634 4625 691 4691 δ”·
709 4625 750 4690 V.
773 4648 832 4712 pro
856 4624 958 4692 salute
981 4635 1013 4691 et
1033 4625 1190 4692 beneficio
1206 4627 1302 4690 totius
1319 4623 1462 4690 christia-

130 4732 239 4797 nitatis
262 4729 369 4796 adhuc
389 4728 566 4816 benignam
587 4730 745 4794 rationem
766 4727 887 4795 habere
909 4727 1069 4816 dignetur,
1093 4751 1217 4795 summo
1241 4729 1348 4794 studio
1365 4729 1462 4793 etiam

131 4843 225 4920 atque
248 4835 346 4898 etism
367 4855 528 4920 rogamus.

232 4936 330 5018 Quod
352 4938 466 5002 attinet
488 4935 531 5001 ad
551 4934 715 5022 praelatos
738 4933 954 5024 Germanicae
968 4936 1108 5001 nationis
1123 4958 1184 5001 nos
1199 4935 1350 5022 equidem
1364 4931 1461 5019 plane

133 5039 330 5125 confidimus,
354 5038 426 5104 illos
448 5041 481 5103 in
502 5038 566 5104 hac
593 5047 685 5125 parte
716 5037 822 5104 officio
849 5061 907 5104 suo
936 5061 1002 5104 non
1035 5037 1210 5122 defuturos,
1244 5041 1320 5126 quin
1353 5037 1461 5123 potius
