3460 5826
302 482 365 553 tu

375 669 444 720 dann
462 667 505 718 dte
523 666 709 734 Berethnngen
726 681 769 718 am
786 667 814 718 k.
832 665 903 718 Hcte
920 667 961 718 bis
978 681 1038 718 aum
1056 669 1087 718 21
1108 667 1180 718 man
1201 665 1272 720 noch
1289 667 1444 734 tnrtgesstst
1454 668 1564 720 wnrden
1574 667 1635 720 und

371 752 438 804 auch
456 751 543 802 lernen
559 752 714 819 fortgesetut
732 753 838 803 werden
856 751 961 815 sollten,
979 750 1049 802 lehrt
1066 767 1115 802 uns
1134 751 1219 804 echon
1238 753 1282 803 die
1299 753 1344 804 Νι.
1364 753 1523 804 CCXXXVI
1542 757 1642 818 ergttn·

372 837 456 889 nonde
468 837 628 888 Instructicn
645 837 691 889 Nr.
708 837 875 898 ΟΟΧΧΧΙΧ,
894 838 921 886 ἱιι
940 836 1054 888 welcber
1072 837 1115 888 die
1133 840 1160 888 in
1179 839 1253 889 Rede
1271 838 1415 890 stehenden
1432 841 1466 888 39
1484 838 1589 888 Artikel
1609 839 1639 888 in

373 925 521 974 bestimmts
541 923 702 989 Kategorisn
720 923 881 988 geschieden
900 923 1068 974 erechciuen:
1091 922 1131 974 als
1149 924 1254 974 udculi
1272 925 1361 976 statim
1378 925 1490 976 resoluti
1508 929 1536 974 ct
1553 923 1641 974 deter-

372 1011 462 1059 minati
479 1023 528 1074 per
544 1008 633 1058 literas
652 1007 686 1058 sd
698 1023 794 1073 papam
813 1007 897 1070 datas,
915 1007 955 1058 sls
973 1023 997 1058 a.
1018 1008 1051 1057 de
1062 1009 1158 1074 quibus
1167 1009 1272 1075 ipsimet
1291 1025 1339 1061 sno
1352 1014 1470 1074 tempere
1482 1015 1643 1070 statuemus,

374 1094 414 1145 als
432 1110 457 1147 a.
477 1095 521 1160 qui
535 1093 658 1144 dicuntur
679 1095 732 1143 ism
750 1093 783 1142 ab
802 1094 866 1157 ipsis
884 1095 1003 1158 putribus
1024 1093 1130 1145 concilii
1149 1097 1265 1160 tractari,
1285 1095 1325 1146 als
1343 1110 1366 1146 a.
1386 1095 1430 1161 qui
1448 1093 1602 1160 dependent
1620 1109 1640 1145 a

373 1180 461 1231 tuturo
480 1183 577 1230 eventu
603 1194 621 1230 a
649 1194 668 1230 s.
688 1194 720 1229 w.

834 1635 1115 1724 COXXXVI.

308 1873 533 1950 instruction
561 1872 623 1946 ur
651 1876 724 1948 den
754 1874 795 1952 Β.
821 1894 896 1948 von
929 1871 1182 1949 funtanense
1211 1876 1286 1949 und
1315 1871 1643 1974 selnecollepen3

749 2060 950 2125 Iunsbruclr,
968 2063 985 2111 3
1003 2059 1093 2110 Mttrs
1113 2063 1202 2112 1⁵6³.

820 2237 1001 2294 &murtea
1027 2237 1150 2312 concept.

407 2416 596 2486 Memoriale
618 2441 678 2506 pro
701 2417 756 2484 R⁶⁰
780 2417 897 2484 devoto
919 2441 960 2484 ac
974 2417 1072 2484 fidele
1087 2417 1181 2484 nobis
1196 2417 1313 2486 dilecto
1329 2418 1472 2506 Georgio
1488 2423 1644 2508 episcopo

307 2521 656 2609 Quinqueecclesiense
678 2531 788 2586 nosue
805 2519 987 2586 consiliario
1003 2520 1093 2586 etad
1116 2543 1243 2586 sacrum
1266 2521 1438 2588 concilium
1461 2532 1589 2589 oratore
1604 2523 1645 2587 de

230 2637 235 2646 '
306 2625 357 2689 his
380 2647 465 2711 quae
487 2645 565 2689 mox
587 2625 620 2688 in
642 2623 748 2689 reditu
771 2645 829 2690 suc
841 2623 987 2688 'bidenti
999 2626 1115 2710 exequi
1129 2623 1268 2690 debebit
1291 2626 1429 2710 primum
1445 2626 1554 2689 eritut
1568 2646 1644 2690 suos

309 2725 512 2813 collegas...
536 2727 687 2792 informet
700 2726 741 2792 de
752 2727 907 2792 universa
929 2725 1164 2792 consultatione
1186 2727 1275 2791 hisce
1298 2725 1412 2791 diebus
1434 2725 1487 2791 hic
1509 2726 1597 2792 facts
1612 2727 1644 2790 in

308 2830 444 2918 negocio
468 2829 595 2896 concilii
626 2839 658 2895 et
686 2852 784 2918 super
806 2827 949 2894 articulis
977 2825 1065 2916 apud
1093 2851 1152 2894 nos
1175 2829 1209 2894 in
1232 2827 1497 2896 deliberationem
1525 2829 1645 2910 adduc,-

308 2935 350 2997 tis
374 2955 435 2998 nec
457 2955 522 2998 non
546 2933 586 2998 de
608 2930 805 2997 resolutione
826 2954 886 3018 per
907 2953 967 2996 nos
991 2931 1132 3018 desuper
1153 2931 1249 3015 sacta,
1274 2941 1306 2996 et
1326 2932 1517 3018 praesertim
1541 2942 1643 2998 osten·

310 3035 365 3102 det
388 3037 434 3101 eis
457 3035 643 3121 exemplum
666 3032 832 3100 literarum
855 3056 935 3122 quas
959 3032 1002 3098 ad
1024 3055 1183 3098 summum
1206 3033 1390 3120 pontificem
1419 3032 1460 3098 de
1487 3033 1551 3100 hoc
1572 3037 1641 3120 ipso

309 3135 437 3203 concilii
459 3137 595 3222 negocio
619 3135 815 3222 scripsimus,
839 3145 875 3200 ut
897 3145 929 3200 et
951 3137 1013 3222 ipsi
1035 3135 1076 3200 de
1098 3145 1205 3200 mente
1220 3145 1332 3201 nostre
1347 3135 1454 3201 edocti
1470 3157 1508 3200 eo
1524 3139 1641 3201 rectius

310 3260 394 3327 quse
417 3238 570 3326 deinceps
592 3238 633 3303 ad
656 3236 918 3326 consequendum
942 3240 1098 3325 optimum
1119 3238 1215 3302 huius
1246 3237 1373 3303 concilii
1402 3239 1526 3302 exitum
1548 3239 1640 3326 pcrti-

308 3365 386 3406 nere
409 3340 613 3425 videbuntur,
636 3362 791 3407 unacum
808 3341 878 3427 ipso
899 3342 1052 3426 episcopo
1070 3339 1418 3428 Quinqueecclesiense
1441 3339 1642 3428 perpendere

308 3452 342 3510 et
363 3453 502 3510 tractare
531 3444 664 3530 possint
696 3441 752 3508 ubi
784 3441 914 3531 quidem
942 3443 1060 3529 poterit
1088 3444 1184 3508 etiam
1220 3441 1335 3508 iisdem
1367 3443 1500 3529 collegis
1522 3446 1589 3510 suis
1611 3445 1642 3506 in

310 3555 437 3614 secreto
460 3545 652 3633 significare.
686 3545 773 3633 quod
794 3545 877 3612 elias
900 3567 1029 3632 quoque
1051 3544 1162 3610 literas
1185 3547 1375 3611 secretiores
1397 3545 1440 3609 ad
1460 3546 1642 3630 pontificem

311 3649 503 3732 dederimus,
528 3651 561 3714 in
583 3647 702 3736 quibus
724 3647 766 3713 de
786 3648 951 3734 praesenti
967 3648 1094 3712 concilii
1118 3655 1205 3712 statu
1227 3656 1260 3712 et
1289 3668 1374 3734 quae
1394 3645 1457 3712 hoc
1484 3669 1592 3712 rerum
1614 3655 1644 3711 et

309 3761 490 3838 temporum
514 3760 600 3816 statu
622 3773 643 3815 a
665 3749 709 3816 δ’·
737 3753 806 3816 eius
829 3751 1022 3837 requirimus
1046 3748 1219 3839 aliquando
1243 3751 1403 3830 seriosius,
1425 3761 1523 3840 prout
1546 3747 1642 3815 eecle-

309 3854 377 3920 siae
406 3863 438 3919 et
465 3851 663 3942 reipublicae
697 3852 889 3920 christianae
917 3853 1093 3919 necessitas
1122 3852 1279 3940 postulet,
1319 3852 1488 3940 egerimus.
1532 3875 1638 3940 quam-

309 3958 449 4045 primum
470 3965 576 4020 sutem
599 3955 642 4022 ad
665 3965 834 4042 utramque
856 3954 1028 4042 epistolam
1050 3955 1217 4042 accepturi
1239 3958 1338 4022 simus
1361 3977 1562 4041 responsum,
1584 3975 1640 4019 nos

310 4060 487 4126 secundum
510 4058 698 4146 qualitatem
720 4061 790 4124 eius
813 4059 922 4124 stetim
950 4057 1185 4144 significaturos
1217 4057 1298 4145 quid
1319 4057 1452 4123 ulterius
1474 4058 1554 4142 ipsis
1576 4078 1641 4120 ora-

309 4161 433 4228 toribus
456 4171 488 4226 et
509 4160 737 4226 commissariis
759 4161 877 4225 nestris
900 4161 991 4226 iuxts
1013 4159 1133 4225 dictam
1155 4160 1364 4225 novissimam
1380 4158 1641 4226 deliberationem

309 4273 454 4330 nostram
477 4284 575 4349 super
596 4263 770 4352 propositis
793 4261 937 4328 erticulis
959 4262 1056 4328 modo
1078 4263 1132 4328 hic
1161 4261 1305 4328 habitam
1334 4285 1392 4349 pro
1421 4261 1591 4327 commodo
1614 4270 1644 4326 et

310 4365 467 4434 beneficio
489 4363 689 4453 reipublicae
712 4363 907 4432 christianae
931 4387 970 4431 ec
991 4367 1168 4453 praecipue
1184 4364 1216 4431 S.
1232 4365 1270 4430 R.
1284 4365 1411 4454 imperii
1428 4373 1460 4429 et
1473 4386 1643 4450 regnorum

310 4467 589 4556 dominiorumquc
611 4475 794 4552 nostrorum
815 4467 1103 4534 haereditariorum
1126 4466 1367 4555 emolpiendum
1390 4476 1422 4532 et
1443 4465 1642 4532 tractandum

310 4573 360 4638 sit
389 4578 503 4656 postea
532 4570 636 4636 dietus
663 4571 836 4657 episcopus
862 4594 928 4638 una
957 4593 1032 4636 cum
1060 4572 1127 4636 suis
1156 4569 1288 4656 collegis
1310 4579 1427 4656 perget
1448 4568 1493 4634 sd
1514 4570 1586 4634 R¹¹¹⁰⁸
1613 4571 1641 4632 in

311 4673 438 4740 Christo
460 4681 569 4758 patres
592 4671 633 4735 D.
657 4673 839 4738 cardinales
860 4673 912 4740 8²²¹
934 4673 976 4740 D.
1000 4673 1040 4738 N.
1064 4673 1189 4760 legatos
1220 4675 1334 4760 eisque
1364 4673 1545 4758 praemissa
1574 4692 1641 4736 con-

310 4775 451 4841 venienti
474 4771 664 4840 salutatione
687 4773 944 4842 benevolentiam
967 4785 1000 4842 ct
1022 4777 1198 4840 amicitiam
1213 4785 1356 4839 nostram
1372 4779 1560 4839 caesaream
1575 4794 1640 4838 cum

311 4877 415 4943 omnis
436 4874 514 4940 boni
534 4877 732 4940 incremento
755 4875 881 4943 deferet
903 4899 943 4942 ac
965 4879 1011 4943 cis
1035 4878 1154 4944 exinde
1176 4877 1265 4946 dicct
1287 4875 1383 4964 quod,
1407 4899 1481 4942 cum
1498 4898 1594 4964 super
1607 4876 1639 4938 iis

312 5002 395 5072 quae
417 4976 510 5044 nobis
532 4977 590 5046 P¹⁸⁸
614 5001 724 5046 eorum
746 4979 822 5056 ΒΜ·
845 4979 1066 5069 superioribus
1089 4977 1203 5048 diebus
1230 5002 1289 5066 per
1311 4978 1387 5044 Rt·
1410 4977 1563 5046 devotum
1583 4978 1636 5042 sin·
