3498 5830
868 723 1071 844 sxxrx.

331 974 412 1049 Der
439 973 556 1070 Paper
582 994 628 1048 an
656 975 717 1049 dte
746 976 1091 1071 protestantieclren
1120 975 1278 1051 fontan
1309 975 1631 1064 Deuteclrlende3

754 1128 847 1194 som,
863 1131 880 1180 ι
898 1130 1086 1182 December
1105 1129 1196 1180 rseo.

463 1308 646 1363 Inarbmcker
663 1307 840 1366 Ooadlrctea
871 1309 940 1380 Hast
952 1309 1149 1383 pecussum
1163 1306 1337 1378 Atectristea
1351 1310 1405 1367 Nr.
1422 1311 1474 1366 18.

411 1487 540 1554 Dilecto
562 1487 619 1571 fili,
641 1488 759 1554 nobilis
780 1489 840 1574 vir,
864 1490 1000 1556 salutem
1022 1499 1082 1556 etc
1106 1513 1180 1556 cum
1206 1513 1266 1579 pro
1288 1491 1458 1558 commisso
1479 1487 1583 1556 nobis
1610 1490 1663 1554 of-

302 1589 376 1656 ficio
400 1591 567 1679 cupiamus
591 1601 721 1657 exortas
743 1591 808 1658 iam
830 1593 956 1680 pridem
978 1593 1019 1658 de
1042 1591 1198 1680 religione
1221 1595 1457 1660 controversias
1478 1593 1605 1659 sedare
1623 1605 1661 1659 et

310 1693 486 1759 schismata
507 1693 619 1760 tollere
642 1717 682 1760 ac
704 1695 903 1782 corrigendis
926 1697 1024 1762 etiem
1045 1694 1189 1763 moribus
1213 1707 1244 1762 et
1259 1694 1415 1762 abusibus
1431 1695 1662 1763 emendandis

305 1806 440 1885 paterna
464 1798 525 1865 deo
554 1807 636 1864 teste
666 1801 799 1864 caritate
830 1801 971 1865 omnium
1003 1799 1099 1866 saluti
1129 1799 1304 1884 consulere,
1328 1799 1372 1865 ad
1400 1799 1482 1864 haec
1509 1799 1658 1888 agenda

304 1901 599 1968 commodissimum
621 1925 692 1968 esse
716 1902 867 1968 duximus
891 1905 1134 1969 oecumenicum
1156 1913 1188 1968 et
1210 1901 1361 1990 generale
1378 1901 1552 1968 concilium
1571 1926 1658 1969 con·

303 2025 450 2090 gregare.
472 2006 582 2095 itaque
611 2029 771 2093 supernae
801 2007 1041 2072 misericordiae
1070 2006 1240 2094 implorato
1269 2007 1357 2092 prius
1388 2005 1519 2090 auxilio,
1543 2006 1584 2071 id
1610 2007 1659 2072 ad

306 2105 358 2173 dei
380 2106 511 2200 laudem
534 2109 710 2174 indiximus
733 2111 767 2173 iu
789 2111 919 2175 civitate
942 2109 1133 2175 Tridentino
1149 2108 1388 2192 celebrandmn,
1411 2109 1507 2175 editis
1522 2108 1593 2175 hac
1612 2110 1656 2176 de

304 2233 340 2276 re
362 2209 463 2276 literis
486 2234 622 2300 quarum
644 2211 828 2300 exemplum
850 2233 916 2277 una
938 2236 1010 2278 cum
1032 2212 1082 2277 his
1104 2212 1148 2277 ad
1169 2221 1201 2278 te
1217 2211 1325 2278 afferri
1340 2213 1502 2278 iussimus.
1532 2235 1655 2302 quam·

307 2313 418 2380 obrem
441 2323 576 2401 paterno
600 2317 707 2380 animo
730 2314 932 2382 nobilitatem
953 2326 1043 2381 tuam
1065 2313 1230 2382 hortamur
1252 2325 1285 2382 et
1313 2338 1475 2403 rogamus,
1504 2325 1541 2381 ut
1566 2317 1655 2382 velis

249 2449 253 2457 ’
303 2417 348 2482 ad
370 2416 542 2484 concilium
565 2429 708 2485 oratores
731 2420 857 2484 mittere
881 2443 954 2485 cum
975 2417 1149 2503 mandatis,
1172 2429 1208 2484 ut
1222 2441 1292 2485 mos
1308 2429 1365 2504 est,
1382 2427 1437 2486 tuo
1453 2418 1499 2485 illi
1513 2421 1655 2486 nomine

305 2519 522 2604 interfuturos,
546 2529 582 2585 ut
603 2531 657 2587 tuo
679 2531 778 2610 atque
801 2531 1002 2589 caeterorum
1023 2523 1206 2610 principum
1228 2523 1344 2606 studio,
1369 2522 1490 2588 sedatis
1513 2523 1592 2588 istis
1611 2523 1654 2588 de

305 2622 461 2711 religione
484 2623 739 2691 dissensionibus
763 2635 860 2715 atque
884 2624 1026 2691 dissidiis
1049 2628 1251 2714 caeterisque
1274 2649 1358 2714 quae
1381 2627 1590 2692 correctione
1608 2627 1655 2692 in·

309 2725 420 2814 digere
441 2729 514 2792 visa
536 2728 653 2794 fuerint
675 2751 789 2795 sacrae
811 2729 928 2816 synodi
949 2729 1068 2795 iudicio
1091 2730 1281 2814 emendatis,
1304 2752 1363 2795 sua
1378 2727 1536 2795 ecclesiae
1555 2731 1653 2817 quies

307 2839 340 2896 et
361 2831 577 2917 tranquillitas
611 2849 751 2921 suusque
785 2831 883 2898 decor
910 2834 1106 2899 restituatur.
1146 2835 1235 2899 cuius
1264 2835 1311 2898 rei
1334 2832 1476 2897 studium
1497 2845 1653 2900 nostrum

307 2941 343 2998 ut
364 2935 507 3021 apertius
530 2936 714 3022 perspicere
736 2937 843 3024 possis
870 2945 1077 3024 mentemque
1107 2946 1251 3002 nostram
1280 2935 1374 3000 simul
1401 2945 1525 3002 rectam
1548 2947 1652 3025 atque

309 3037 479 3121 sinceram,
502 3037 592 3104 adire
615 3039 658 3104 ad
679 3049 712 3105 te
734 3038 893 3104 voluimus
917 3037 1137 3105 venerabilem
1159 3038 1291 3104 fratrem
1305 3037 1498 3104 Zachariam
1522 3042 1652 3128 episco-

308 3163 386 3225 pum
407 3139 606 3208 Pharensem
627 3143 779 3208 nuncimn
793 3151 949 3225 nostrum,
973 3164 1069 3229 quem
1083 3152 1119 3207 ut
1133 3141 1273 3228 benigne
1287 3164 1328 3207 ac
1344 3140 1515 3230 diligenter
1530 3144 1650 3210 audias

309 3242 473 3331 fidemque
495 3251 531 3308 ιιι
553 3245 583 3310 ei
605 3243 737 3332 plenam
758 3245 890 3329 habeas,
915 3269 935 3310 a
958 3244 1127 3310 nobilitate
1150 3253 1207 3308 tua
1228 3245 1377 3331 petimus.

412 3345 534 3412 Datum
556 3346 679 3414 Romae
702 3347 790 3435 apud
813 3358 959 3414 sanctum
980 3348 1112 3414 Petrum
1136 3355 1196 3413 etc.
1221 3345 1273 3416 die
1295 3347 1316 3413 5
1338 3345 1532 3416 Decembris
1567 3349 1653 3416 1560

308 3449 514 3536 pontificatus
535 3453 637 3518 nostri
660 3475 745 3518 anno
767 3453 880 3539 primo.

882 3671 1086 3686 w

763 4033 768 4044 Ι
885 3907 1066 3993 LXXX.

623 4126 818 4221 Prospero
845 4126 985 4202 d’Arco
1013 4143 1059 4196 en
1090 4124 1163 4198 den
1193 4121 1340 4213 Kaleon

761 4277 855 4343 Rom,
872 4281 889 4329 6
907 4278 1093 4330 December
1111 4277 1202 4328 1⁶60.

646 4462 784 4516 Romane
816 4458 970 4533 Originum
990 4458 1021 4514 ιἰι
1043 4463 1134 4532 torpor
1156 4457 1314 4516 4Janoar.

417 4641 446 4707 Il
468 4663 556 4729 papa
577 4640 698 4706 manda
719 4639 907 4728 monsignor
929 4637 1136 4706 Oomendone
1159 4639 1223 4705 alla
1241 4639 1298 4706 Μιι
1316 4639 1356 4706 V.
1378 4662 1436 4727 per
1458 4631 1641 4705 dechiararli

316 4745 432 4832 meglio
454 4743 488 4809 la
509 4753 616 4809 mente
639 4766 698 4809 sua
719 4765 739 4808 a
761 4741 888 4808 boccho
910 4743 997 4808 circa
1019 4741 1052 4806 la
1072 4741 1161 4808 bolla
1183 4741 1236 4808 del
1265 4743 1417 4828 concili03
1454 4743 1485 4808 io
1515 4765 1577 4809 non
1602 4737 1640 4802 ho

317 4849 426 4914 voluto
450 4869 564 4934 sapere
585 4849 643 4935 piu
665 4846 725 4914 che
752 4855 842 4913 tanto
871 4846 906 4912 di
928 4855 1043 4934 questa
1071 4868 1131 4910 sua
1151 4855 1280 4930 ronuta,
1303 4848 1358 4933 poi
1381 4846 1441 4914 che
1462 4839 1639 4934 presential-

316 4960 423 5018 msnte
444 4949 485 5016 V.
509 4950 566 5017 Μαι
584 4949 627 5016 ha
650 4949 693 5017 da
714 4950 881 5016 intendere
903 4949 926 5013 il
948 4958 1040 5033 tutto,
1064 4948 1129 5014 alla
1158 4948 1254 5037 quale
1276 4949 1309 5015 S.
1333 4948 1379 5015 δ’·
1398 4952 1503 5016 scrire
1530 4964 1640 5016 ancora

316 5077 382 5120 una
403 5053 518 5119 lettera
540 5052 573 5119 di
596 5075 655 5118 sue
675 5075 781 5119 mano.
