3498 5830
352 467 412 531 lu

350 655 377 718 si
398 675 476 740 ergo
498 653 661 741 principes
683 654 865 721 saeculares
887 655 920 719 in
941 655 1079 740 negotiis
1101 656 1167 720 suis
1201 653 1432 742 temporalibus
1462 655 1584 744 absque
1608 655 1687 720 ulla

349 754 429 844 legis
450 755 612 824 humanae
633 756 685 824 vel
707 758 838 823 divinae
858 757 1072 844 prohibitione
1094 766 1217 824 tantm
1238 760 1396 825 rationem
1411 757 1532 826 habent
1546 761 1683 844 aetatis,

349 869 470 947 quanto
492 862 595 927 maior
615 861 727 928 haberi
750 861 869 928 debeat
890 886 911 929 a
931 861 1151 949 pontificibus,
1187 864 1243 952 qui
1276 872 1390 929 emant
1423 863 1604 951 spiritualia
1641 873 1678 930 et

349 965 532 1030 animarum
555 966 696 1030 omnium
719 965 878 1031 salutem?
899 966 1015 1030 mirum
1030 987 1100 1032 esse
1117 965 1204 1056 quod
1219 967 1405 1033 sacerdotes
1433 976 1465 1033 et
1491 967 1683 1054 presbyteri

346 1089 414 1133 non
436 1067 576 1134 debeant
597 1070 734 1134 maiores
757 1068 885 1135 ordines
900 1068 1092 1156 regulariter
1109 1071 1274 1157 suscipere
1288 1072 1350 1136 nisi
1366 1079 1483 1136 exacto
1498 1071 1541 1138 25
1555 1071 1682 1136 aetatis

347 1193 441 1254 anno,
465 1172 608 1258 episcopi
629 1194 707 1238 vero
729 1193 794 1238 non
816 1171 958 1238 debeant
979 1176 1080 1238 creari
1108 1181 1183 1238 ante
1205 1195 1324 1238 annum
1345 1174 1557 1258 tricesimum,
1580 1173 1678 1262 quod

290 1257 299 1274 ⁸
346 1272 432 1340 idem
462 1297 528 1340 non
551 1275 695 1342 similiter
728 1275 916 1343 observetur
949 1278 982 1341 in
1014 1275 1249 1360 cardinalibus,
1277 1299 1361 1365 quae
1390 1286 1440 1344 est
1465 1278 1570 1365 prima
1599 1288 1682 1365 post

347 1376 544 1462 pontificiam
558 1379 592 1444 in
607 1377 745 1445 ecclesia
760 1379 909 1464 dignitas.
932 1378 1113 1445 mirandum
1127 1401 1224 1466 porro
1240 1389 1273 1446 et
1287 1379 1367 1446 illud
1383 1380 1470 1468 quod
1485 1379 1538 1446 hic
1549 1379 1679 1446 abusus

347 1490 520 1547 excusetur
540 1491 712 1569 praetextu
728 1480 984 1569 dispensationis,
1008 1481 1155 1571 adeoque
1168 1483 1336 1570 pontifices
1360 1483 1421 1549 sihi
1441 1505 1566 1550 sumere
1581 1495 1679 1550 auto·

348 1584 475 1650 ritatem
491 1593 523 1650 et
543 1583 730 1651 fmrultatem
745 1584 954 1673 dispensandi
975 1585 1099 1673 absque
1122 1585 1257 1652 concilio
1285 1587 1319 1651 in
1340 1585 1438 1654 rebus
1460 1588 1530 1652 istis
1551 1585 1678 1675 quibus

344 1697 536 1773 procuratur
548 1689 676 1775 privata
697 1688 827 1772 utilitas,
851 1696 1001 1775 captahrr
1015 1687 1241 1754 benevolentia
1258 1691 1451 1777 principum,
1472 1689 1561 1756 nulla
1575 1691 1677 1756 inter·

346 1791 495 1858 veniente
521 1791 658 1858 utilitme
684 1790 826 1879 publica,
855 1794 889 1857 in
916 1791 987 1858 aliis
1009 1815 1086 1859 vero
1108 1793 1206 1860 rebus
1229 1793 1346 1881 quihus
1366 1817 1425 1882 per
1446 1793 1677 1860 huiuscemodi

347 1892 619 1981 dispensationem
651 1905 785 1983 possent
816 1894 967 1962 lucrifieri
999 1896 1101 1961 multa
1139 1895 1239 1961 millia
1271 1899 1466 1982 animarum,
1498 1919 1570 1964 eam
1606 1908 1676 1962 tam

343 1999 523 2083 praefracte
555 2002 668 2086 negari
702 1998 826 2088 absque
855 1999 1000 2066 concilio.
1030 2009 1062 2066 et
1090 2001 1168 2088 quia
1195 2001 1292 2066 etiam
1319 2001 1493 2068 modernus
1522 2001 1675 2088 pontifex

345 2101 407 2168 hoc
429 2104 558 2170 nomine
579 2102 664 2169 mele
679 2102 799 2188 audiat,
821 2105 933 2191 inquo
953 2125 1014 2170 nos
1028 2102 1170 2191 alioquin
1191 2103 1314 2170 nullam
1334 2105 1528 2192 probitatem
1547 2104 1674 2170 nullam

343 2205 550 2292 prudentiam
577 2229 639 2273 nec
666 2207 839 2295 quicquam
861 2229 972 2274 eorum
995 2229 1079 2294 quae
1102 2207 1145 2272 ad
1177 2207 1297 2274 honum
1325 2217 1359 2274 et
1386 2208 1538 2275 idoneum
1567 2210 1675 2297 ponti·

343 2307 436 2374 tieem
459 2317 607 2397 spectant
627 2311 829 2397 requirimus,
851 2331 912 2376 nec
927 2309 982 2376 alii
1003 2309 1124 2377 habent
1147 2311 1234 2398 quod
1254 2313 1338 2378 iuste
1360 2311 1492 2399 culpare
1515 2321 1575 2378 aut
1588 2313 1673 2377 ritu·

343 2433 458 2498 parare
479 2414 613 2500 possint,
647 2413 882 2501 optatissimum
909 2413 1002 2480 nobis
1023 2414 1166 2480 hunum
1187 2414 1296 2498 finisse,
1330 2416 1357 2480 si
1379 2414 1436 2481 ΒΝ
1460 2417 1528 2480 eius
1550 2415 1586 2480 in
1610 2415 1673 2480 hac

345 2537 532 2603 quoquere
554 2537 589 2582 sc
611 2516 923 2602 irreprehensibilem
945 2517 1122 2584 exhiberet
1158 2539 1264 2607 neque
1289 2517 1398 2592 valere
1428 2517 1515 2607 quod
1543 2517 1674 2584 disson

343 2619 403 2700 (sic
424 2641 564 2709 namque
586 2619 820 2687 defendebatur
834 2620 897 2688 hoc
921 2621 1043 2688 fectum
1064 2621 1238 2709 pontificis)
1261 2644 1326 2688 non
1340 2623 1484 2710 potuisse
1507 2621 1575 2688 ΒΜ
1602 2625 1672 2690 eius

346 2721 440 2788 aliter
461 2722 569 2790 facere
591 2724 669 2811 quin
690 2724 927 2811 gratificaretur
947 2723 1113 2806 affinibus,
1140 2745 1207 2792 non
1226 2723 1368 2791 voluisse
1390 2726 1475 2792 enim
1505 2727 1553 2792 sio
1575 2728 1672 2814 grati-

344 2825 433 2892 ficari
456 2826 619 2894 Christum
640 2827 713 2893 tiliis
734 2828 909 2913 Zebedaei,
930 2850 1037 2916 neque
1059 2836 1145 2894 certe
1166 2826 1229 2893 illis
1244 2827 1306 2896 hoo
1325 2828 1420 2896 modo
1436 2828 1519 2896 bene
1534 2829 1671 2912 consuli,

345 2953 420 2996 oum
449 2953 544 2998 nemo
567 2953 626 3018 pro
649 2930 711 2996 illis
733 2933 893 3020 spondero
916 2942 1015 3020 queat
1036 2932 1124 3020 quod
1146 2932 1252 3000 officio
1282 2955 1341 3000 suc
1366 2933 1563 3000 satisfacturi
1597 2935 1669 3016 sint,

313 3025 317 3032 ’
342 3035 420 3122 quin
441 3033 505 3100 imo
527 3035 635 3121 potius
655 3036 864 3102 metuendum
886 3057 1012 3124 semper
1034 3036 1090 3120 sit,
1118 3057 1160 3102 ne
1186 3035 1268 3102 forte
1297 3036 1395 3113 illecti
1423 3046 1456 3104 et
1483 3039 1572 3125 cepti
1603 3047 1669 3102 tan·

343 3147 450 3203 tarum
470 3159 570 3225 opum
592 3137 802 3205 othonorum
824 3137 985 3206 illecebris
1008 3139 1210 3208 committant
1231 3148 1263 3205 et
1285 3141 1347 3227 ipsi
1375 3162 1433 3228 per
1455 3140 1617 3206 lubricam
1639 3149 1668 3206 et

341 3241 556 3329 improvidam
592 3249 731 3309 aetatem
774 3265 874 3330 grave
917 3243 1040 3332 aliquid
1078 3243 1120 3310 ab
1155 3243 1324 3312 honestate
1362 3254 1395 3310 et
1432 3253 1519 3310 statu
1557 3265 1668 3312 eorum

341 3345 491 3430 ahenum,
525 3354 558 3412 et
588 3355 703 3433 postea
735 3346 821 3412 idem
843 3346 905 3412 illis
928 3349 1057 3414 eveniat
1078 3347 1168 3436 quod
1188 3369 1276 3414 nunc
1303 3349 1411 3415 evenit
1432 3347 1581 3415 Oaraffis.
1615 3348 1666 3415 do-

341 3448 408 3516 lere
440 3451 550 3538 itaque
580 3471 640 3517 nos
672 3450 845 3538 plurimum
879 3449 951 3517 dari
971 3450 1035 3518 hoc
1055 3461 1151 3540 pacto
1174 3451 1238 3518 illis
1261 3453 1316 3542 qui
1339 3462 1415 3518 sunt
1442 3451 1576 3518 altanus
1597 3449 1666 3518 reli·

201 3569 209 3590 ¹
341 3553 455 3640 giouis,
479 3575 591 3620 ansam
614 3553 760 3621 scandali
781 3565 814 3622 et
834 3558 1003 3622 materiam
1025 3577 1221 3646 causamque
1238 3577 1303 3622 non
1325 3557 1476 3622 iniustmn
1490 3555 1619 3623 ridendi
1634 3563 1665 3620 et

342 3654 408 3722 sam
435 3655 469 3723 S.
491 3664 524 3723 et
544 3679 604 3725 nos
625 3679 766 3725 unacum
789 3659 937 3726 omnibus
960 3659 1137 3744 catholicis,
1159 3681 1221 3728 noc
1242 3681 1338 3747 posse
1359 3659 1422 3726 hoc
1450 3660 1573 3726 malum
1601 3679 1662 3724 non

342 3757 423 3826 ahos
446 3782 576 3849 quoquc
598 3753 774 3828 catholicos
795 3785 861 3829 non
876 3761 1032 3849 singulari
1046 3785 1192 3830 moerore
1205 3762 1344 3832 afficere.
1366 3785 1426 3830 nos
1438 3763 1572 3852 quidem
1586 3761 1664 3828 baec

341 3864 483 3950 ingenue
504 3873 537 3930 et
558 3861 643 3932 hono
666 3865 736 3932 uelo
758 3864 902 3953 proferre
923 3887 982 3952 pro
1004 3887 1114 3934 amoro
1129 3875 1161 3933 st
1173 3889 1233 3954 pro
1248 3866 1406 3934 charitate
1420 3889 1487 3955 qua
1501 3865 1569 3933 8²⁸³*
1597 3865 1662 3932 eius

339 3977 473 4055 propter
494 3968 688 4056 probitatem
702 3970 804 4056 ipsius
819 3977 853 4036 et
866 3978 1008 4036 veterem
1023 3970 1197 4036 amicitiam
1212 3969 1463 4058 complectimur,
1485 3979 1519 4036 et
1533 3990 1657 4058 comm

252 4071 259 4086 '
341 4073 436 4138 sicuti
459 4073 493 4138 in
515 4071 586 4138 aliis
608 4073 756 4138 omnibus
772 4072 849 4138 facit
864 4071 1004 4138 officium
1018 4072 1096 4140 boni
1116 4076 1255 4161 pastoris
1269 4084 1367 4162 atque
1382 4096 1418 4140 se
1432 4072 1656 4161 inculpabilem

339 4183 492 4262 praestat,
515 4185 552 4241 ut
572 4177 618 4241 ita
640 4176 737 4242 etiam
760 4175 868 4264 quoad
890 4174 1054 4243 honorem
1075 4176 1196 4244 nullam
1215 4177 1498 4265 reprehensionem
1511 4179 1659 4258 incurrat,

340 4301 476 4366 eamque
498 4279 540 4346 ob
563 4299 695 4345 causam
716 4279 779 4343 ista
805 4299 863 4344 nos
885 4278 1084 4346 familiariter
1104 4289 1138 4347 et
1158 4280 1244 4347 bono
1266 4282 1373 4347 animo
1396 4302 1470 4347 cum
1490 4281 1570 4369 ipsis
1584 4299 1658 4345 nun-

340 4383 398 4448 ciis
421 4382 567 4450 conferre
588 4390 621 4448 et
640 4383 709 4468 pati
729 4403 836 4468 posse,
858 4391 895 4447 ut
915 4383 977 4469 ipsi
998 4384 1107 4449 nuncii
1129 4406 1169 4450 ea
1190 4383 1234 4450 ad
1254 4381 1322 4450 Sam
1353 4385 1422 4450 eius
1449 4382 1657 4471 perscribant,

340 4507 379 4552 eo
401 4485 497 4552 modo
521 4507 585 4572 quo
607 4507 628 4549 a
648 4483 742 4550 nobis
765 4507 807 4549 ex
828 4485 939 4551 intimo
961 4494 1091 4572 pectore
1107 4485 1298 4575 deprompta
1320 4496 1404 4573 sunt,
1420 4486 1600 4554 dummodo
1620 4505 1657 4550 ea

339 4589 435 4654 latius
456 4611 523 4654 non
544 4585 745 4672 evulgentur.
766 4582 923 4652 nollemus
946 4589 1030 4654 enim
1051 4588 1101 4654 his
1134 4589 1215 4656 alios
1248 4612 1270 4656 a
1304 4590 1421 4679 quihus
1452 4590 1597 4657 fortassis
1626 4587 1655 4651 in

339 4691 458 4759 malam
479 4699 606 4779 partem
627 4690 699 4776 rapi
726 4699 873 4777 possent,
907 4691 1041 4778 offendi;
1078 4701 1112 4758 at
1131 4701 1295 4782 umunque
1328 4695 1425 4761 etiam
1457 4717 1498 4761 ea
1519 4690 1655 4780 evulgari

340 4796 519 4882 contigerit,
542 4792 681 4860 allatura
701 4793 795 4860 nobis
817 4803 906 4861 tanto
927 4797 1034 4860 minus
1055 4795 1280 4864 sollicitudinis
1301 4805 1335 4864 et
1356 4821 1468 4880 curae,
1494 4798 1579 4890 quod
1598 4795 1654 4862 hae

340 4901 464 4966 ratione
478 4898 708 4966 conscientiam
721 4907 865 4995 rosham
880 4899 1138 4986 exonerabimur,
1162 4925 1388 4993 quamcunque
1411 4903 1466 4971 alii
1481 4905 1652 4992 opinionem
