3450 5818
69 689 229 766 sequantur
251 689 283 746 et
304 681 434 748 undem
455 681 634 762 eoneilium,
658 683 745 769 quod
760 683 853 764 absit,
878 707 952 749 oum
967 709 1084 772 magno
1101 687 1254 754 seandalo
1269 687 1380 776 populi

68 795 92 847 et
110 786 276 850 universae
300 783 541 852 christianitatis
565 786 755 884 detrimento
778 785 980 854 dissolvatur.
1016 813 1059 856 ex
1086 789 1136 856 his
1164 793 1261 856 etiam
1283 791 1379 857 facile

66 896 189 972 apparet
211 911 308 976 quam
331 887 429 954 alieni
450 891 513 954 sint
534 887 678 954 nonnulli
701 913 744 956 ex
766 889 912 976 patribus
935 913 955 956 a
976 895 1111 980 negocio
1134 893 1378 962 reformationis.

65 1013 113 1055 vos
138 1001 247 1057 tamen
275 1000 448 1079 propterea
479 993 520 1059 ab
549 1015 587 1062 eo
615 991 760 1070 modeste
787 993 932 1080 urgendo
959 994 1113 1080 desistere
1145 1020 1210 1063 non
1242 997 1378 1083 debetis,

65 1096 130 1182 quin
152 1098 286 1183 insuper
302 1144 309 1159 .
326 1143 359 1160 ..
383 1119 440 1183 pro
467 1095 552 1161 virili
582 1105 693 1161 vostra
720 1105 811 1181 parte
840 1096 998 1163 instabitis
1027 1109 1060 1164 et
1087 1098 1310 1186 elaborabitis,
1344 1113 1380 1167 ut

64 1197 189 1264 coneilio
212 1222 272 1264 sua
294 1198 426 1265 libertas
447 1199 647 1287 relinquatur
669 1206 774 1286 neque
796 1197 838 1263 ad
852 1210 965 1267 nutum
982 1212 1013 1267 et
1027 1202 1227 1270 voluntatem
1242 1204 1379 1272 aliorum

62 1301 89 1365 in
109 1301 245 1368 coneilio
267 1325 333 1369 non
355 1303 563 1372 existentium
587 1305 857 1391 astringatur...

153 1405 222 1470 Nos
244 1429 323 1473 saue
345 1405 407 1472 hoe
429 1405 500 1472 loeo
523 1405 611 1472 nulla
634 1405 730 1492 plene
754 1407 1007 1475 dissimulatione
1035 1409 1206 1493 utendum,
1236 1411 1378 1498 quinimo

62 1517 164 1594 aperte
185 1508 445 1596 respondendum
469 1509 681 1576 arbitramur:
715 1521 790 1580 aeta
817 1524 849 1578 et
870 1535 1017 1581 reeessus
1043 1535 1153 1580 omnes
1176 1516 1378 1580 comitiorum

63 1611 265 1699 imperialium
288 1613 432 1680 obtinere
454 1614 521 1680 vim
546 1613 657 1700 legum
684 1638 724 1680 ae
746 1618 1024 1700 eonstituu'onum,
1053 1616 1097 1683 ad
1119 1637 1200 1704 quos
1222 1614 1378 1684 eleetores

62 1717 214 1802 principes
237 1715 430 1803 ordinesque
448 1715 481 1782 S.
498 1717 534 1782 B.
558 1719 683 1804 imperii
705 1719 739 1784 iu
762 1721 848 1785 omni
870 1741 977 1786 rerum
999 1719 1276 1788 administratione
1298 1719 1378 1807 poli·

62 1819 117 1882 tina
139 1828 171 1885 et
191 1819 319 1886 iudiciis
343 1829 440 1908 atque
462 1817 533 1884 aliis
554 1819 681 1886 autibus
704 1843 776 1889 sese
798 1822 1043 1889 accommodent
1064 1825 1168 1913 iisqne
1189 1845 1295 1911 neque
1318 1845 1378 1891 uos

63 1921 141 2007 ipsos
162 1943 269 2011 nsque
291 1921 395 1990 dietos
417 1924 542 2011 imperii
558 1923 688 1991 ordines
703 1923 769 1992 ullo
784 1923 880 1992 modo
896 1948 1006 1992 earere
1021 1947 1127 2013 posse.
1149 1925 1288 2015 ideoque
1303 1949 1377 1994 eou-

63 2023 260 2092 sultissimum
281 2026 351 2092 fore
377 2033 414 2092 ut
441 2034 550 2113 putres
572 2025 614 2094 ab
643 2026 705 2094 hae
736 2026 937 2097 ffisousdone
959 2038 1104 2096 aetorum
1133 2038 1166 2097 et
1191 2049 1377 2096 recessuum

63 2128 264 2215 imperialium
285 2137 440 2217 tauquam
469 2151 490 2194 a
517 2130 654 2218 negocio
682 2129 841 2198 saeculari
871 2141 904 2198 et
930 2131 972 2198 ad
1001 2153 1111 2200 curam
1139 2134 1283 2221 ipsorum
1312 2155 1378 2200 nou

63 2241 217 2318 spectante
237 2231 430 2300 abstineant
463 2255 539 2298 nam
566 2255 781 2322 quaeeunque
811 2234 857 2302 illi
880 2235 996 2302 edituri
1019 2246 1126 2303 essent
1146 2259 1206 2324 pro
1229 2236 1377 2304 eoudem·

62 2336 166 2402 randis
188 2338 228 2404 iis
249 2337 284 2402 in
306 2345 399 2423 parte
421 2335 474 2406 vel
496 2337 531 2402 iu
552 2345 619 2404 toto
641 2335 789 2422 dautem.
805 2359 899 2405 nemo
921 2337 1005 2406 foret
1019 2339 1075 2427 qui
1090 2342 1137 2406 eis
1152 2339 1377 2427 obtemperare

61 2437 151 2506 vellet
171 2449 205 2506 et
226 2440 273 2506 sio
294 2449 404 2528 patres
427 2463 462 2507 se
483 2439 656 2508 multorum
671 2441 811 2508 ludibrio
827 2443 1006 2528 exposituri
1021 2453 1137 2510 essent
1161 2465 1261 2532 quare
1276 2445 1377 2510 mani·

61 2541 114 2608 bus
134 2541 339 2631 pedibusque
367 2542 427 2609 tibi
448 2545 509 2610 erit
531 2544 738 2628 obstandum,
760 2567 802 2612 ue
825 2545 903 2634 quid
924 2569 967 2614 ex
990 2546 1116 2614 autibus
1138 2557 1171 2614 et
1193 2548 1376 2616 reoessibus

62 2646 273 2733 imperialibus
295 2647 460 2714 reiiuiatur
481 2645 534 2714 vel
556 2646 795 2716 eosdemnetnr.

185 2837 247 2888 Deu
264 2840 352 2888 ersten
363 2835 460 2890 Absata
480 2835 619 2888 eutnebme
636 2835 680 2886 ioh
699 2836 783 2888 sineru
801 2851 837 2888 an
849 2837 890 2888 die
903 2837 959 2890 drei
972 2837 1101 2891 Oratores
1113 2839 1276 2908 geriehtstm
1287 2841 1378 2894 Brisfe

121 2925 152 2988 (s.
169 2923 272 2976 Pallas.
292 2925 317 2988 2,
335 2923 400 2987 ³093
417 2922 547 2975 Bueholta
566 2924 591 2987 8,
607 2923 666 2974 419.
685 2921 756 2988 445).
791 2923 831 2975 Zu
854 2924 1008 2977 demselbeu
1031 2925 1125 2992 gebtrt
1145 2927 1216 2978 uoeb
1234 2927 1273 2978 als
1291 2928 1377 2980 Neob-

121 3009 225 3061 sebrift:
251 3009 380 3060 habemus
398 3007 529 3076 quaedam
542 3049 548 3062 .
562 3045 588 3058 ..
612 3009 784 3076 proponenda
802 3025 870 3078 quae
893 3009 928 3062 ed
951 3012 1086 3078 negotium
1107 3012 1378 3066 reformationis...

120 3097 258 3162 pertinent,
275 3111 344 3163 quas
361 3111 432 3148 uuna
449 3095 531 3148 literis
549 3095 742 3147 demmdautur
759 3101 786 3147 et
803 3098 871 3148 intra
888 3099 1061 3163 psusissimm
1072 3098 1129 3150 dies
1140 3103 1234 3165 parata
1246 3105 1322 3152 eruut
1334 3138 1340 3152 .
1352 3133 1378 3156 ·.

120 3183 194 3236 vob'm
212 3183 398 3234 eommittimus
415 3187 446 3233 ut
461 3182 491 3233 id
507 3181 601 3234 saltem
620 3197 638 3232 s
654 3183 773 3248 panibus
791 3184 914 3236 obtinere·
928 3184 1108 3236 studeatis...
1126 3201 1161 3238 ns
1178 3187 1279 3238 interea
1291 3187 1379 3239 donee

120 3269 184 3320 illud
201 3270 328 3336 seriptum
345 3273 462 3322 noenum
482 3268 570 3320 isthue
593 3268 741 3332 adunetur,
764 3269 799 3320 ad
821 3269 988 3324 urcundum
1012 3271 1056 3322 vsl
1079 3271 1274 3324 discutiendum
1294 3271 1377 3326 ullum

124 3353 217 3423 dogma
233 3353 442 3422 progrediuntur,
460 3353 507 3405 sed
524 3356 743 3421 paucissimorum
762 3355 862 3406 dierum
874 3369 1072 3426 monemusque
1085 3360 1172 3410 auimo
1186 3364 1376 3424 expectent...

123 3439 275 3493 confidimns
292 3441 369 3492 vobis
386 3443 512 3508 sortptum
528 3440 595 3492 illud
612 3437 698 3492 biduo
716 3441 761 3492 rel
778 3441 917 3508 quatriduo
939 3442 975 3494 ad
992 3458 1120 3496 summum
1137 3449 1199 3512 post
1216 3445 1273 3496 dies
1296 3445 1378 3497 festos

123 3525 310 3578 Pentheeestes
330 3523 415 3595 [16621
434 3527 468 3578 17
484 3525 549 3595 Mai]
568 3529 725 3592 aeeopturos
743 3541 808 3579 esse.
843 3557 847 3562 -
878 3530 934 3580 Der
951 3531 1042 3581 sweite
1060 3530 1159 3582 Absats
1176 3528 1258 3583 findet
1275 3531 1332 3583 sieh
1350 3533 1377 3583 in

124 3613 204 3664 duem
222 3627 257 3664 au
276 3612 327 3664 deu
344 3611 503 3665 Ersbtseboi
523 3612 603 3664 allein
626 3613 789 3680 gedehteteu
808 3613 952 3666 Suhrsibeu
971 3615 1100 3674 (Antwort
1123 3617 1171 3668 aui
1185 3617 1230 3672 Νι.
1250 3615 1377 3685 CLXVD,

123 3697 167 3750 dus
183 3699 307 3751 ubardies
325 3699 428 3760 eruut
444 3701 513 3764 dass,
530 3715 606 3752 wenu
624 3700 667 3752 die
685 3700 785 3754 rudem
797 3700 929 3754 Nationes
940 3704 969 3753 in
979 3702 1103 3756 uluhster
1114 3703 1224 3770 Sitruug
1233 3703 1377 3772 rerlsugeu

122 3785 213 3838 wellen
232 3785 292 3838 dass
309 3788 358 3840 mit
376 3785 435 3838 dem
454 3785 556 3840 Artiksl
574 3787 621 3838 der
637 3785 781 3840 residentia
799 3789 981 3856 episcoporum
997 3788 1119 3858 augleieh
1137 3789 1184 3842 der
1201 3789 1235 3842 de
1253 3789 1337 3842 formu
1349 3791 1377 3844 iu

121 3871 260 3924 collatione
276 3871 463 3924 beneficiorum
481 3871 646 3926 observanda
663 3873 817 3925 verbunden
837 3874 939 3938 werde,
962 3875 1006 3926 die
1023 3875 1050 3932 k.
1069 3874 1198 3927 Oratores
1215 3875 1274 3927 sieb
1290 3876 1377 3930 dieser

121 3957 272 4025 Fordsruug
294 3957 474 4011 ausebliesseu
496 3959 593 4023 seiten,
621 3956 672 4011 wie
694 3961 733 4010 sie
756 3959 904 4026 uberhaupt
923 3961 950 4012 in
968 3960 1047 4012 allam
1065 3976 1119 4012 was
1137 3961 1212 4013 reebt
1229 3961 1283 4013 und
1302 3961 1376 4030 billig

120 4045 164 4105 ist,
187 4043 257 4096 anub
280 4043 349 4096 ohne
370 4045 518 4097 besondere
535 4045 665 4112 Weisung
686 4046 735 4097 mit
759 4045 811 4098 den
829 4045 969 4098 eucheos
993 4045 1041 4098 der
1063 4047 1163 4099 andern
1181 4045 1313 4100 Nationen
1331 4064 1376 4099 su-

121 4127 308 4198 summengebu
324 4130 417 4183 sellan.
