3498 5818
741 782 871 872 OVlI.

508 1001 546 1074 Β.
580 1002 727 1080 Delllno
754 1026 801 1080 an
830 1006 904 1081 den
935 1006 1090 1096 Kaleon

578 1157 764 1227 Numnam,
783 1161 800 1212 8
818 1161 905 1212 Mira
926 1163 1015 1214 1⁶61.

479 1337 655 1396 mutasses.
701 1344 831 1416 Orips'nol
852 1345 901 1400 mit
921 1345 985 1402 ucri
1005 1345 1147 1418 Belloyeu.

240 1513 271 1580 A
293 1515 316 1582 li
338 1517 361 1582 4
382 1517 435 1584 del
467 1533 617 1608 presente
653 1523 674 1589 il
705 1535 816 1591 senato
851 1527 883 1592 di
910 1537 1025 1614 questa
1054 1530 1131 1594 citta
1152 1530 1196 1594 mi
1217 1529 1288 1595 fece
1312 1529 1380 1598 dirc
1405 1530 1464 1597 che

140 1619 310 1688 havevano
333 1623 477 1712 deputati
501 1635 549 1691 tre
572 1627 718 1694 cittadini
741 1629 800 1698 che
822 1633 988 1699 venissem
1015 1632 1056 1698 ad
1079 1633 1245 1701 intendere
1259 1643 1341 1703 tutto
1358 1636 1464 1724 quello

140 1727 189 1795 ch'
204 1731 236 1796 io
260 1732 386 1818 volere,
410 1739 494 1804 onde
516 1761 721 1826 comparsero
744 1763 764 1804 a
786 1739 808 1804 li
830 1741 852 1807 5
873 1741 896 1805 il
918 1741 1024 1808 datter
1038 1742 1159 1809 Ioanne
1174 1742 1289 1823 Posch,
1311 1741 1464 1828 ilborgo·

135 1845 275 1904 nanno
316 1841 452 1908 vecchio
484 1843 683 1928 Hieronymo
719 1843 896 1912 Schurstab
931 1857 963 1912 et
995 1847 1017 1911 il
1050 1830 1294 1934 lrorgomaestro
1326 1847 1464 1932 giovene

140 1939 281 2030 Georgio
303 1943 542 2012 Volclrommer.
566 1949 596 2013 io
619 1946 707 2014 diedi
731 1947 800 2014 loro
822 1948 845 2013 il
866 1949 967 2016 breve
989 1950 1022 2016 di
1045 1950 1077 2016 S.
1101 1950 1146 2018 8¹·
1171 1974 1231 2017 con
1253 1951 1286 2016 la
1307 1949 1396 2016 bolla
1411 1947 1463 2014 del

139 2047 298 2134 concili03
331 2047 558 2118 l’accettarono
591 2061 835 2119 cortesemente.
868 2056 923 2140 poi
951 2054 1054 2142 parlai
1088 2055 1139 2121 del
1161 2064 1254 2122 tenor
1276 2055 1382 2141 giusto
1404 2051 1464 2118 ohe

137 2152 256 2218 mando
274 2155 335 2241 *qui
358 2177 485 2222 annexo
507 2180 527 2222 a
547 2155 589 2222 V.
613 2156 670 2222 Mu
700 2155 735 2222 0.
760 2155 858 2244 hoggi
882 2155 941 2223 che
964 2159 1065 2223 siamo
1089 2181 1110 2223 a
1132 2157 1153 2224 li
1176 2159 1195 2225 8
1218 2157 1367 2226 m'hanno
1390 2181 1462 2248 pon
1584 2168 1590 2182 '

137 2263 204 2322 tato
227 2255 261 2322 la
283 2259 437 2346 risposte3
459 2281 500 2326 ne
522 2260 641 2327 mando
665 2260 854 2327 similmente
882 2263 984 2349 copia.
1007 2261 1029 2328 il
1052 2261 1100 2328 δ’·
1124 2263 1324 2350 Hieronymo
1346 2263 1464 2331 Baum·

137 2369 269 2447 gartner
291 2385 309 2428 s
330 2371 450 2431 venuto
484 2373 714 2432 cortesemente
738 2388 758 2430 a
779 2365 935 2431 visitermi
969 2374 1002 2431 et
1035 2388 1095 2433 oon
1128 2366 1172 2432 lui
1202 2365 1244 2432 hn
1275 2366 1400 2455 perlato
1430 2369 1462 2435 di

136 2465 233 2531 molto
256 2487 342 2533 cose.
365 2467 419 2555 poi
452 2469 495 2534 mi
518 2489 596 2537 sono
618 2469 697 2535 fatte
718 2468 816 2536 molte
852 2469 1116 2537 demonstrationi
1145 2471 1174 2538 d’
1191 2493 1300 2538 amore
1323 2482 1355 2538 et
1376 2473 1462 2540 d’ho·

135 2592 230 2654 nore,
253 2579 288 2636 et
308 2571 485 2640 in‘somma
505 2573 549 2640 mi
571 2574 688 2662 peiono
710 2571 853 2642 huomini
883 2573 1047 2642 trattabili.
1072 2574 1201 2641 domani
1222 2577 1343 2662 pertire
1365 2599 1460 2646 verso

136 2673 306 2764 Herbipoli
322 2724 329 2739 .
345 2723 353 2742 .
369 2724 378 2742 .

696 2805 899 2818 a--a———n-

646 2954 761 3024 Oratio
782 2955 946 3045 Delphini.

237 3076 407 3163 Magnifiei
429 3087 461 3144 et
482 3077 658 3165 prudentes
679 3079 750 3144 viri.
773 3097 835 3164 ego
858 3078 978 3144 idcireo
1001 3099 1160 3144 asumma
1175 3079 1326 3166 pontifice
1340 3078 1399 3145 Pio
1414 3079 1463 3146 lv

136 3181 176 3246 ad
199 3181 413 3248 clarissimum
436 3190 582 3248 senatum
605 3189 637 3245 et
659 3181 821 3246 civitatem
844 3178 928 3246 hanc
943 3181 1060 3245 missus
1083 3200 1164 3262 surn,
1187 3188 1223 3244 ut
1238 3201 1322 3266 quae
1346 3178 1379 3244 S.
1403 3181 1462 3246 δ”·

137 3285 204 3351 eius
227 3295 260 3352 et
282 3283 479 3373 apostolicae
502 3284 588 3350 sedis
609 3285 738 3350 nomine
754 3305 828 3349 oum
844 3284 1063 3350 sacratissimo
1079 3283 1286 3350 Ferdinando
1302 3283 1462 3352 Romano·

135 3409 204 3456 rum
226 3391 420 3477 imperatore
449 3387 551 3456 eleeto
574 3389 775 3475 coeterisque
805 3387 936 3474 regibus
959 3395 992 3452 et
1012 3386 1212 3475 principibus
1234 3407 1338 3473 nuper
1359 3389 1462 3455 voluit

135 3495 381 3576 communicare,
405 3515 445 3559 ea
465 3515 517 3560 me
539 3494 658 3560 nuncio
686 3492 728 3558 ad
758 3493 847 3578 ipsos
869 3493 966 3558 etiam
988 3491 1215 3580 perferrentur.
1249 3489 1331 3557 haec
1353 3500 1460 3559 antem

135 3595 291 3663 eiusmodi
313 3607 407 3663 sunt:

238 3698 271 3767 S.
296 3699 350 3767 Sl*
377 3723 416 3766 ea
447 3723 554 3785 mens,
589 3703 615 3767 is
644 3703 770 3766 enimus
794 3721 922 3788 semper
943 3700 1003 3766 luit
1025 3700 1066 3767 ab
1090 3724 1129 3767 eo
1152 3709 1297 3788 tempore
1320 3725 1384 3789 quo
1409 3703 1460 3770 dei

135 3807 237 3891 pletas
261 3804 303 3870 ad
325 3803 482 3870 ecclesiae
504 3806 649 3892 regimen
670 3803 758 3868 illam
779 3823 898 3870 vocare
913 3803 1046 3891 dignata
1062 3816 1120 3888 est,
1144 3825 1217 3870 cum
1232 3825 1347 3891 paoem
1362 3827 1461 3893 quam

133 3907 208 3974 boni
231 3909 315 3974 votis
339 3907 486 3974 omnibus
502 3909 757 3994 concupiverunt
773 3905 963 3972 christianos
979 3909 1062 3973 inter
1076 3909 1240 3995 principes
1256 3908 1459 3974 conciliatam

133 4011 300 4094 invenerit,
336 4011 378 4076 ad
407 4011 586 4077 sedandum
614 4011 711 4076 etiam
734 4011 858 4076 animos
881 4017 928 4076 tot
950 4013 1116 4077 nationum
1140 4011 1180 4077 de
1201 4010 1356 4096 religione
1376 4013 1461 4086 ,inter

134 4137 167 4179 se
195 4113 436 4198 dissidentium,
470 4137 554 4203 quae
583 4113 727 4180 remedia
756 4136 828 4180 esse
863 4113 990 4198 debent,
1026 4113 1081 4179 ille
1109 4115 1249 4201 experiri
1271 4123 1460 4201 tentansque

134 4219 248 4300 omnia,
271 4226 308 4283 ut
336 4216 397 4284 hae
427 4217 558 4284 tandem
587 4219 732 4283 nationes
764 4216 804 4283 ab
827 4215 909 4281 odiis
931 4224 963 4282 ct
979 4215 1231 4283 dissensionibus
1248 4216 1290 4283 ad
1304 4219 1459 4283 unitatem

115 4320 289 4387 ‘sedeciae
325 4320 377 4386 dei
405 4322 473 4387 vivi
515 4323 547 4386 in
576 4323 699 4386 unitate
736 4321 830 4386 anius
868 4317 1047 4385 catholicae
1076 4318 1172 4403 fidei,
1215 4341 1299 4406 quae
1328 4320 1458 4407 ubique,

133 4447 215 4512 quae
248 4424 290 4489 ab
321 4424 469 4491 omuibus
499 4435 531 4490 et
560 4447 643 4512 quae
664 4445 792 4512 semper
812 4432 862 4488 est
877 4421 1059 4507 observata,
1089 4432 1327 4488 revocarentur.
1358 4445 1459 4509 quare

134 4524 245 4592 habita
275 4547 373 4614 super
401 4549 441 4593 ea
470 4549 505 4593 ro
537 4537 689 4594 accurata
711 4537 744 4592 et
762 4535 890 4590 matura
909 4523 1141 4591 deliberatione
1164 4547 1237 4591 cum
1261 4524 1458 4612 amplissimo

134 4629 335 4696 dominorum
366 4629 577 4696 cardinalium
600 4629 737 4716 collegio
753 4629 1011 4716 examinatisquc
1027 4627 1199 4715 diligenter
1212 4627 1360 4696 omnibus
1376 4649 1460 4715 quac

132 4733 272 4799 caesaris
299 4731 500 4821 aliorumque
521 4755 634 4819 regum
649 4743 717 4798 turn
732 4732 833 4798 literis
849 4741 915 4796 tum
932 4731 1113 4797 oratoribus
1130 4731 1171 4796 ad
1188 4739 1332 4797 sanctem
1349 4729 1459 4795 sedern

131 4835 256 4923 perlata
290 4847 385 4920 sunt,
429 4857 547 4924 magno
583 4836 713 4902 undem
749 4837 890 4902 omnium
927 4855 1086 4901 consensu
1124 4857 1252 4901 sacrum
1289 4832 1459 4900 concilium

133 4941 374 5006 oecumenicum
388 4939 482 5006 huius
498 4942 625 5028 generis
639 4939 852 5006 incommodis
866 4937 1070 5026 praeclarum
1082 4937 1260 5005 remedium
1275 4947 1307 5004 et
1318 4935 1458 5002 salutare

135 5044 324 5110 auctoritate
339 5042 400 5109 sibi
416 5065 436 5110 a
451 5043 580 5110 domino
595 5041 714 5110 tradita
728 5041 874 5112 Tridenti
897 5030 1052 5111 celebrari
1068 5044 1179 5108 statuit
1194 5051 1290 5130 atquo
1306 5041 1458 5108 decrevit.
