3450 5818
325 658 584 726 commoditatem
613 667 645 724 et
667 656 852 722 facilitatem
880 679 935 724 eas
958 657 1122 724 obtinendi
1149 659 1278 746 quaudo
1299 662 1425 726 nunciis
1454 684 1509 727 eas
1531 685 1649 729 conce-

326 761 422 828 dendi
444 760 632 828 facultatem
653 783 723 826 esse
745 762 867 846 norint;
897 785 915 827 e
938 760 1066 828 diverso
1090 771 1197 828 antem
1218 765 1247 829 si
1269 765 1435 852 contingat
1455 767 1596 833 nuncios
1618 768 1651 832 in

325 865 399 930 aula
421 865 456 932 O.
479 865 654 930 existentes
676 863 794 930 talibus
815 863 1024 930 facultatibus
1047 865 1163 954 quibus
1184 866 1227 933 ab
1249 867 1493 934 immemorabili
1503 877 1653 956 tempore

324 967 463 1056 praediti
473 969 573 1034 fuisse
596 966 756 1046 dicuntur,
768 990 852 1033 novo
869 967 1010 1059 quodam
1026 968 1175 1056 exemplo
1191 970 1322 1056 privari,
1338 971 1434 1056 pauci
1450 981 1536 1038 eene
1553 981 1651 1038 erunt

326 1072 383 1159 qui
405 1094 460 1137 eas
481 1081 570 1138 tanto
593 1081 724 1158 sumptu
746 1093 787 1135 ae
806 1069 919 1135 labore
940 1069 1113 1158 impetrare
1135 1071 1246 1157 velint,
1270 1082 1306 1137 ut
1327 1073 1463 1138 Romam
1478 1096 1584 1162 usque
1599 1073 1653 1140 vel

325 1173 389 1262 ipsi
410 1185 585 1241 excurrant
606 1173 659 1241 vel
680 1175 815 1239 nuncios
836 1174 974 1256 mittant,
996 1173 1083 1244 unde
1098 1176 1244 1262 seqnitur
1259 1175 1346 1263 quod
1360 1174 1516 1263 plerique,
1541 1186 1654 1264 spreta

327 1277 388 1343 vel.
407 1277 590 1365 posthabita
617 1277 787 1344 autoritate
816 1276 903 1342 sedis
930 1275 1136 1363 apostolicae,
1164 1277 1265 1344 multa
1293 1277 1410 1344 facturi
1433 1277 1496 1344 sint
1516 1280 1654 1367 propria

326 1383 508 1466 autoritate,
531 1403 615 1469 quae
637 1379 718 1446 alias
741 1380 810 1444 sine
833 1381 1040 1446 concessione
1062 1389 1096 1446 et
1112 1379 1351 1468 dispensatione
1365 1382 1558 1448 nunciorum
1574 1404 1650 1470 apo

327 1484 511 1552 stolicorum
533 1505 737 1572 nequaquam
758 1483 919 1550 fecissent

426 1621 480 1688 Ad
501 1622 583 1688 haee
604 1621 691 1688 soliti
719 1631 794 1688 sunt
813 1643 1046 1708 nonuunquam
1072 1623 1183 1690 nuncii
1210 1625 1243 1688 in
1265 1624 1415 1691 examine
1448 1623 1652 1690 ordinatione

327 1737 360 1792 et
380 1726 621 1793 confirmations
644 1724 834 1793 clericorum
857 1724 899 1791 ad
921 1725 1162 1813 requisitionem
1182 1727 1327 1814 ipsorum
1347 1729 1553 1794 autoritatem
1569 1747 1649 1812 apo·

327 1830 473 1897 stolicam
494 1831 706 1916 interponere,
730 1850 828 1917 quam
849 1851 910 1896 neo
936 1829 959 1892 ii
981 1826 1126 1896 obtinere
1148 1829 1316 1915 curabunt,
1339 1831 1366 1896 si
1388 1853 1431 1896 ex
1452 1828 1539 1896 alma
1562 1827 1653 1894 Urbe

329 1956 432 2022 usque
453 1932 593 2020 petenda
620 1934 663 1998 sit
690 1941 722 1998 et
750 1933 784 1998 iu
806 1933 987 2019 propinquo
1015 1931 1127 1998 baberi
1155 1942 1303 2022 nequeat
1336 1933 1386 2000 bis
1409 1931 1537 2000 accedit
1567 1929 1653 2020 qnod

326 2036 452 2104 normis
474 2036 661 2124 apostolicis
678 2036 835 2102 incumbit
849 2036 882 2102 in
897 2035 966 2102 dies
982 2035 1127 2104 conferre
1138 2036 1296 2104 beneficia
1317 2038 1469 2103 vacantia
1488 2035 1523 2100 in
1538 2055 1650 2100 meme

326 2141 500 2229 pontificio,
523 2141 556 2206 in
580 2163 646 2229 qua
668 2139 838 2206 collatione
859 2162 925 2206 non
939 2141 1033 2227 parvi
1046 2138 1145 2206 refert
1158 2141 1261 2227 probe
1276 2160 1472 2226 cognoscere
1486 2138 1652 2224 ingenium

326 2269 432 2314 mores
453 2247 555 2312 vitam
587 2256 619 2312 et
641 2244 854 2312 eruditionem
882 2267 921 2311 ea
942 2245 1129 2332 petentium,
1157 2267 1198 2312 ne
1221 2242 1344 2310 scilicet
1365 2241 1523 2309 beneficia
1546 2239 1651 2307 confe-

326 2359 438 2416 rantur
459 2349 609 2435 indignis.
631 2349 703 2436 quis
724 2371 801 2414 vero
815 2347 943 2416 dubitat
963 2347 1041 2436 quin
1062 2348 1173 2414 nuncii
1195 2347 1363 2436 apostolici
1385 2347 1441 2435 qui
1462 2355 1650 2433 praesentes

328 2463 403 2519 sunt
424 2462 456 2518 et
476 2471 631 2540 personas
654 2474 787 2518 noscere
809 2461 952 2540 possunt,
976 2450 1073 2538 longe
1094 2453 1213 2520 rectius
1230 2460 1263 2518 et
1276 2450 1390 2521 maiori
1404 2471 1479 2516 cum
1494 2448 1652 2536 dignitate

330 2579 369 2622 oa
391 2555 536 2622 conferre
557 2555 691 2643 possint,
714 2579 811 2643 quam
834 2555 861 2620 si
884 2554 1013 2622 collatio
1035 2557 1097 2621 ista
1117 2555 1175 2620 fiat
1188 2555 1320 2638 Romae,
1343 2553 1400 2619 ubi
1414 2573 1477 2618 nec
1490 2551 1650 2618 habeatur

329 2681 391 2728 nec
411 2659 524 2726 baberi
545 2660 748 2746 possitcsrta
768 2659 946 2746 petentium
968 2658 1097 2742 noticia,
1120 2656 1179 2726 sed
1198 2655 1416 2746 qualicunque
1437 2653 1652 2723 informationi

330 2772 387 2830 aut
408 2761 679 2830 commendationi
697 2761 912 2830 insistendum
941 2761 1005 2828 sit?
1037 2761 1115 2828 talia
1144 2761 1287 2849 profecto
1315 2759 1421 2827 forent
1449 2756 1652 2847 expectanda

330 2864 534 2935 incommoda
567 2869 601 2932 in
623 2865 799 2934 Germania
820 2887 860 2932 ac
881 2867 989 2952 reguis
1012 2875 1044 2932 et
1065 2865 1215 2932 dominiis
1236 2864 1364 2941 nostris,
1397 2864 1425 2928 si
1446 2863 1559 2928 nuncii
1580 2882 1650 2948 apo·
1700 2903 1701 2916 ,

330 2969 450 3124 <altoltiptiu
464 2971 638 3121 exiqtentes
670 2971 703 3034 in
726 2968 801 3036 aula
827 2967 863 3035 O.
886 2968 987 3034 solitis
1017 2977 1050 3036 et
1071 2969 1234 3036 consuetis
1265 2966 1422 3034 hactenus
1443 2962 1651 3033 facultatibus

353 3079 387 3126 es
451 3078 526 3122 eren
542 3079 589 3124 ur.

432 3191 484 3260 De
505 3191 570 3258 illis
593 3203 700 3260 autern
722 3194 849 3258 nunciis
879 3195 934 3281 qui
955 3200 1127 3258 versantur
1152 3191 1186 3256 in
1208 3189 1344 3256 aliorum
1371 3209 1485 3276 regum
1513 3195 1549 3254 et
1569 3186 1649 3275 priu-

331 3297 438 3384 cipum
460 3294 542 3362 aulis
564 3319 629 3362 non
650 3297 765 3362 attinet
785 3317 844 3362 nos
860 3295 1033 3384 quiequam
1048 3296 1081 3359 io
1095 3293 1238 3358 medium
1252 3291 1390 3374 adferre,
1403 3291 1475 3364 ,nisi
1488 3289 1553 3358 boc
1568 3287 1649 3378 quod

332 3399 479 3466 fomasns
501 3398 584 3465 foret
609 3421 661 3464 res
683 3397 761 3464 mali
784 3396 925 3484 exempli
954 3406 987 3464 et
1008 3419 1093 3485 qnae
1122 3395 1319 3484 gravaminis
1352 3393 1493 3482 speeiem
1515 3416 1596 3482 prae
1616 3413 1647 3458 se

254 3529 255 3532 ¹
331 3503 444 3586 ferret,
473 3503 501 3566 si
522 3505 641 3568 nuncio
671 3501 802 3568 insula
829 3510 941 3568 nocua
961 3501 1104 3566 versanti
1137 3499 1354 3566 adimerentur
1374 3497 1557 3582 facultates,
1584 3497 1648 3564 aliis

329 3627 406 3671 vero
427 3606 574 3691 integrae
593 3603 863 3692 relinquerentur,
892 3613 1056 3692 uteunque
1077 3602 1223 3670 fortassis
1245 3601 1413 3690 praetendi
1439 3613 1551 3691 posset
1573 3600 1647 3668 tales

330 3707 500 3776 facultates
521 3708 555 3773 in
577 3705 648 3774 aliis
669 3709 777 3795 regnis
800 3717 833 3773 et
855 3707 1004 3773 dominiis
1025 3728 1126 3794 penes
1147 3704 1309 3793 praelatos
1332 3727 1444 3772 eorum
1466 3727 1549 3774 esse.

432 3829 525 3910 Quae
548 3849 621 3892 cum
643 3829 689 3892 ita
705 3850 740 3893 se
761 3826 912 3911 habeant,
940 3825 999 3892 tibi
1020 3825 1160 3914 benigne
1181 3827 1378 3916 iniungimus
1400 3837 1436 3896 ut
1458 3851 1497 3894 ea
1519 3825 1561 3894 S‘
1585 3829 1646 3893 eius
1700 3821 1701 3910 l

330 3933 461 3998 nomine
482 3939 591 3996 nocuo
613 3929 722 3996 debita
738 3953 810 3996 cum
828 3929 986 3996 modestia
1001 3929 1112 3996 ordine
1128 3953 1272 4018 exponas
1287 3933 1455 4020 ipsamque
1469 3939 1647 4000 reverenter

333 4035 515 4118 admoneas,
538 4057 597 4102 nos
619 4035 820 4100 existimasse
843 4033 930 4123 quod
951 4034 1068 4101 faobni
1090 4055 1234 4101 essemus
1257 4057 1374 4122 operae
1388 4036 1534 4124 precium
1550 4045 1640 4123 atque

331 4161 399 4204 rem
420 4137 510 4203 filiali
531 4147 639 4204 nostro
663 4138 768 4205 officio
791 4147 824 4204 et
837 4139 870 4202 in
886 4136 951 4203 8⁸⁸⁸
967 4138 1035 4203 eius
1052 4147 1084 4203 et
1098 4136 1207 4204 sedem
1222 4136 1432 4228 apostolicam
1448 4137 1646 4205 observantia

333 4241 473 4328 dignam,
501 4243 528 4306 si
550 4241 590 4306 de
612 4241 705 4306 istius
728 4240 816 4306 modi
838 4239 1081 4307 difficultatibus
1104 4261 1187 4328 quae
1208 4240 1302 4306 nobis
1324 4242 1358 4306 in
1379 4239 1444 4307 bac
1465 4242 1598 4308 materia
1615 4240 1644 4304 in

332 4353 470 4410 mentem
496 4345 676 4422 venissent,
714 4341 779 4410 ΒΜ
802 4343 872 4410 eius
901 4343 1070 4410 certiorem
1102 4343 1325 4427 redderemus,
1359 4365 1424 4434 quo
1458 4343 1644 4412 commodius

332 4449 516 4534 rectiusque
538 4445 593 4513 ΒΝ
615 4448 684 4514 eius
699 4447 830 4513 modum
851 4445 1035 4535 explicandi
1057 4445 1114 4512 illa
1143 4447 1372 4534 impedimenta
1387 4449 1532 4514 invenire
1547 4451 1642 4536 queat,

333 4551 378 4618 ita
399 4537 435 4616 ut
455 4560 522 4616 tum
545 4553 647 4618 omnis
669 4553 809 4640 suspicio
831 4551 1048 4617 innovationis
1071 4551 1104 4615 in
1126 4549 1300 4616 Germania
1320 4559 1563 4639 praecaveatur,
1584 4559 1642 4614 mm

334 4654 430 4718 etiam
452 4653 476 4720 ii
498 4656 553 4743 qui
568 4656 601 4721 in
617 4655 775 4722 catholica
789 4653 854 4722 fide
870 4661 1055 4722 constanter
1069 4652 1226 4723 hactenus
1240 4664 1488 4744 perseverarunt
1499 4658 1533 4722 in
1548 4651 1641 4722 officio

333 4755 458 4824 facilius
482 4759 713 4824 contineantur.

469 4946 519 4999 Am
531 4947 547 4998 8
558 4945 615 5001 Juli
625 4953 780 5002 antwortets
798 4948 895 5002 darem
909 4948 1054 5016 Prospero:
1071 4963 1151 5016 super
1163 4949 1335 5005 facultatibus
1346 4947 1444 5002 Dalflni
1455 4949 1545 5009 uunffl
1553 4947 1578 5004 Β.
1589 4944 1639 4998 δ’*

402 5047 460 5088 aum
477 5031 615 5098 allocutus,
632 5049 702 5104 quse
718 5036 746 5088 in
757 5037 868 5106 gratam
880 5035 912 5088 V.
926 5035 953 5088 (t
968 5031 1024 5090 M&
1041 5035 1165 5090 concedit
1176 5037 1263 5090 eidem
1271 5038 1368 5093 nunde
1377 5051 1444 5106 quaa
1454 5036 1528 5104 prius
1538 5033 1639 5090 babebat
