3512 5838
1376 419 1436 485 tta

116 611 195 675 inter
216 609 280 675 hos
304 611 537 675 refcnnationis
559 611 712 676 articulos
734 610 852 677 multos
876 611 1051 677 desiderari
1066 635 1108 677 ex
1129 610 1179 676 his
1202 633 1281 700 quos
1302 613 1435 677 instruc·

118 714 217 778 tiones
240 713 308 778 M*
328 713 369 779 V.
393 713 425 778 S.
449 713 665 792 continebant,
690 717 851 803 quintunc
873 737 979 803 neque
1002 738 1112 781 omnes
1130 738 1235 802 neque
1249 713 1311 781 hoc
1327 711 1438 780 ordine

113 817 202 881 nobis
226 815 369 883 exhibiti
391 817 524 882 fucrant.
549 842 634 884 nunc
658 841 734 884 vero
758 843 792 884 re
816 817 1026 902 considerata,
1048 817 1190 883 maxime
1212 820 1240 882 si
1262 819 1436 885 annotatio·

112 943 186 986 num
209 930 244 986 et
267 921 468 988 additionum
491 931 673 988 nostrarum
693 924 775 988 ratio
798 921 962 1006 habeatur,
985 920 1062 987 nihil
1084 921 1241 1008 reliquum
1256 924 1290 987 in
1304 924 1437 988 instruc·

113 1024 255 1090 tionibus
280 1027 399 1090 nostris
432 1026 579 1091 videmus
612 1025 699 1113 qaod
726 1027 814 1091 hisce
845 1027 971 1113 scriptis
1002 1024 1267 1112 comprehensum
1293 1047 1358 1092 non
1387 1027 1436 1092 sit

110 1127 273 1193 aodimus
298 1127 472 1193 universali
494 1130 649 1195 ecclcsiae
676 1132 710 1194 in
732 1128 821 1195 hisce
845 1127 1129 1195 calamitosissimis
1152 1126 1349 1217 temporibus
1371 1152 1436 1196 non

111 1229 192 1296 male
217 1230 405 1296 consultum
427 1232 505 1316 fore,
528 1231 556 1296 si
577 1231 659 1299 haec
681 1241 713 1298 et
736 1233 950 1299 decernantur
971 1241 1003 1300 et
1024 1233 1126 1320 primo
1141 1255 1269 1321 quoque
1291 1241 1435 1320 tempore

109 1335 301 1400 executioni
324 1331 564 1417 demandentur,
588 1338 735 1424 quamvis
756 1337 790 1401 in
811 1345 975 1422 posterum
997 1358 1126 1425 quoque
1148 1358 1187 1402 ea
1209 1358 1292 1424 quae
1313 1336 1380 1402 ΜΝ
1396 1335 1436 1402 V.

108 1436 138 1502 S.
161 1438 302 1504 iusserit
325 1440 470 1526 proponi,
492 1438 557 1504 ΒΝ·
577 1439 620 1505 Ι).
642 1437 757 1525 legatis
781 1439 955 1506 exhibendi
976 1438 1162 1506 facultatem
1183 1439 1277 1506 nobis
1291 1462 1435 1506 reserva·

105 1543 222 1607 vimus.
247 1542 334 1609 haec
355 1553 462 1608 autem
484 1545 592 1609 omnia
614 1566 687 1608 cum
701 1541 780 1608 dll¹²⁰
803 1543 839 1609 Ο.
855 1543 1054 1631 Letharingo
1070 1555 1103 1610 et
1116 1544 1158 1610 D.
1175 1547 1291 1612 comite
1306 1568 1327 1610 a
1341 1545 1436 1610 Luna

107 1649 434 1726 communicavimus,
459 1669 542 1734 quae
564 1647 627 1712 illis
645 1669 710 1712 non
732 1646 973 1735 displicuerunt,
1003 1649 1065 1713 nisi
1088 1649 1175 1735 quod
1195 1649 1278 1716 forte
1300 1649 1371 1714 ΒΜ
1393 1648 1435 1714 D.

107 1751 291 1815 cardinalis
315 1750 355 1817 de
378 1752 577 1838 regressibus
601 1760 632 1817 et
653 1753 925 1818 reservationibus
947 1752 1102 1819 faciendis
1124 1754 1232 1841 potius
1254 1776 1350 1842 quam
1372 1754 1435 1820 iam

107 1853 205 1920 factis
230 1857 288 1942 agi
311 1854 418 1939 vellet,
442 1866 474 1920 et
495 1855 557 1921 hoc
578 1855 714 1922 fortasse
737 1879 802 1922 non
824 1859 892 1922 sine
915 1855 1023 1944 aliquo
1044 1859 1170 1944 privato
1192 1859 1355 1924 interesse.
1377 1880 1436 1923 nos

106 1957 261 2043 profecto
285 1983 328 2026 ex
349 1962 456 2026 animo
479 1960 736 2026 desideraremus
757 1971 802 2044 ut,
825 1960 1095 2048 quemadmodum
1118 1960 1157 2026 de
1179 1959 1361 2048 pluralitate
1382 1959 1435 2026 be·

103 2062 302 2128 neficiorum
324 2064 389 2130 iam
411 2086 497 2130 nunc
515 2063 659 2130 tollenda
681 2066 795 2152 agitur,
817 2065 863 2130 ita
878 2065 974 2130 etiam
991 2064 1031 2130 de
1045 2065 1252 2151 praescriptis
1268 2063 1330 2129 illis
1344 2087 1435 2152 prae·

104 2185 181 2230 sens
207 2176 244 2232 et
267 2169 352 2233 seria
379 2168 563 2234 reformatio
592 2169 819 2234 institueretur.
848 2168 891 2232 D.
921 2190 1029 2235 comes
1059 2190 1080 2232 a
1106 2168 1202 2234 Luna
1228 2168 1338 2257 plures
1360 2168 1434 2234 arti-

104 2269 200 2335 culos
225 2273 416 2361 pracsertim
439 2295 515 2339 vero
539 2272 581 2338 ad
602 2295 703 2362 regna
725 2282 757 2338 et
787 2265 971 2361 provincias
999 2269 1099 2338 Cath⁶¹
1131 2273 1216 2360 regis
1237 2273 1434 2360 pertinentes

104 2369 148 2436 D.
165 2373 289 2462 legatis
313 2375 501 2442 exhibebit.
518 2425 525 2441 .
542 2427 549 2441 .

248 2567 300 2617 Die
317 2567 474 2618 Discussion
492 2567 538 2618 der
555 2565 670 2633 Vorlage
688 2566 721 2618 de
739 2568 903 2619 matrimonio
922 2565 971 2633 (Le
983 2566 1043 2618 Plat
1060 2571 1084 2631 6,
1098 2567 1158 2635 lua)
1176 2567 1250 2620 hatte
1267 2569 1295 2618 in
1308 2568 1355 2621 der
1367 2568 1436 2620 Con·

173 2654 318 2720 gregation
335 2670 396 2705 vom
414 2657 448 2705 24
465 2655 520 2705 Juli
539 2655 686 2720 begonnen.
705 2654 796 2704 Indum
816 2654 859 2705 die
877 2654 1008 2706 Oratorem
1031 2655 1097 2706 tiber
1120 2655 1219 2705 sicam
1238 2657 1270 2706 2⁷
1289 2655 1435 2718 berichten,

175 2740 263 2792 sehen
281 2742 319 2792 sie
337 2740 420 2792 echon
437 2757 533 2792 vorans
552 2743 600 2792 wie
618 2740 678 2792 sehr
696 2741 739 2792 die
756 2742 915 2808 Meinungen
932 2740 1120 2793 insbesondere
1137 2742 1204 2792 tiber
1217 2741 1258 2792 die
1271 2741 1436 2792 matrimonia

176 2826 345 2898 clandestina
363 2825 473 2893 getheilt
491 2829 547 2878 sein
566 2827 679 2878 werden.
697 2828 749 2878 Dic
768 2827 859 2879 hasten
870 2827 994 2878 Berichte
1006 2829 1073 2880 ttbsr
1085 2827 1127 2878 dle
1141 2827 1289 2894 damaligen
1301 2828 1435 2878 Debatten

175 2911 262 2963 findet
279 2928 340 2964 man
357 2915 385 2963 in
402 2913 556 2964 Beccadelli
575 2916 599 2977 2,
618 2914 737 2965 96-100
755 2913 808 2964 und
826 2915 853 2963 in
872 2914 923 2964 den
941 2913 1009 2964 Acta
1027 2929 1059 2965 ex
1077 2913 1183 2965 Torsllo
1202 2912 1305 2968 collect
1325 2914 1353 2964 in
1365 2913 1433 2964 Mar-

174 2996 239 3049 tdne
257 2999 336 3064 ampl.
356 2997 416 3053 coll.
436 3000 503 3050 1381
522 3015 607 3065 sequ.;
634 3014 655 3054 s.
674 2998 742 3050 dazu
760 2999 803 3049 die
821 2999 1021 3066 Vorstellungen
1040 2999 1087 3050 der
1103 2999 1253 3050 Franzmen
1270 2999 1325 3050 und
1342 2999 1384 3049 die
1398 3003 1434 3050 st·

175 3099 235 3136 was
253 3088 342 3151 spatas
359 3101 411 3135 von
430 3085 666 3136 denVenetianern
685 3085 890 3151 eingebrachten
908 3087 935 3135 in
952 3085 1035 3151 Rayn.
1048 3083 1092 3137 Νι.
1113 3085 1170 3135 136.
1189 3087 1247 3139 rol.

249 3172 319 3222 Dass
337 3171 406 3222 nach
425 3172 470 3222 der
489 3173 625 3222 siebenten
644 3171 752 3238 Sitaung
764 3171 830 3222 ttber
843 3171 1012 3222 cineWoche
1024 3170 1158 3234 verstrich,
1178 3171 1226 3221 ehs
1239 3173 1297 3221 eine
1311 3171 1435 3225 General-

180 3259 371 3326 congregation
390 3257 541 3308 einberufen
560 3256 649 3308 warde
668 3257 793 3322 (Beccad.
811 3257 828 3306 l.
848 3255 890 3322 u),
908 3257 981 3307 hatte
999 3259 1089 3307 scinen
1109 3256 1199 3309 Grund
1217 3257 1291 3308 darin
1314 3257 1373 3309 dass
1391 3259 1434 3309 die

175 3343 299 3412 Legaten
313 3345 381 3410 jetat
399 3343 442 3393 die
460 3343 705 3408 allerschwierigste
724 3341 933 3409 Angelegenheit
949 3344 978 3392 in
994 3343 1097 3410 Angriff
1107 3344 1219 3395 nahmen
1231 3349 1357 3396 mussten.
1376 3343 1432 3396 Scit

179 3430 225 3480 die
236 3430 363 3480 Oratoren
383 3429 429 3480 der
447 3430 580 3480 einzelnen
591 3429 698 3479 Mtchta
716 3429 998 3494 Reformforderungen
1017 3429 1178 3496 cingereicht
1195 3430 1294 3494 hatten,
1312 3445 1367 3482 war
1384 3431 1436 3482 fast

178 3517 411 3568 ununterbrochen
430 3515 542 3568 darflber
560 3515 716 3567 verhandelt
732 3515 846 3578 worden,
866 3516 892 3564 in
910 3515 1036 3566 walchem
1054 3513 1185 3582 Umfange
1202 3517 1256 3566 nnd
1268 3519 1295 3567 in
1307 3517 1433 3569 walchem

178 3603 271 3656 Geiatc
289 3602 337 3653 das
356 3601 450 3654 concil
472 3604 530 3654 eina
554 3601 762 3654 Generalreform
786 3601 946 3654 vcrnehmen
971 3601 1044 3656 solla.
1075 3603 1126 3652 Die
1152 3602 1230 3654 curie
1253 3602 1351 3654 konnts
1375 3604 1432 3654 sich

182 3691 255 3741 einer
272 3688 382 3739 solchen
398 3689 471 3740 nicht
498 3688 628 3756 gerudeau
645 3689 816 3740 widersetsen
840 3688 894 3738 und
912 3689 1021 3754 glaubte
1039 3688 1108 3738 auch
1126 3690 1202 3739 einen
1221 3693 1301 3755 guten
1319 3690 1432 3757 Ausweg

181 3773 314 3842 gefunden
334 3791 366 3824 au
383 3775 479 3840 haben,
498 3773 559 3825 dass
576 3777 614 3824 sie
632 3774 705 3824 nicht
723 3791 756 3824 zu
773 3780 862 3841 streng
880 3773 999 3825 ausfulle.
1018 3775 1137 3825 visconti
1155 3792 1182 3828 n.
1195 3789 1218 3825 a.
1232 3776 1433 3828 befdrwcrteten

181 3860 265 3912 sehon
282 3862 317 3910 im
335 3861 453 3910 Februar
472 3859 540 3924 (Bal.
552 3863 576 3922 3,
588 3860 649 3925 444)
669 3861 711 3911 die
728 3861 834 3912 Reform
852 3861 922 3911 auch
939 3861 986 3910 auf
1002 3860 1043 3912 die
1056 3861 1167 3912 Fttrsten
1179 3861 1367 3913 auszudehnen
1379 3861 1434 3912 und

179 3963 209 3997 so
228 3946 302 3997 ihren
318 3945 393 3996 Eifer
411 3945 452 3996 fflr
470 3946 513 3996 die
531 3947 635 3997 Reform
655 3945 701 3996 des
718 3947 875 4012 geistlichen
892 3946 1005 3998 Standea
1023 3946 1197 3999 abauktthlen.
1220 3948 1362 3999 Borromco
1381 3947 1432 4014 gab

179 4049 235 4084 nun
251 4034 287 4082 im
305 4032 407 4083 Numen
426 4031 472 4083 des
490 4033 600 4098 Papstes
619 4032 670 4082 den
686 4033 807 4098 Legaten
824 4032 979 4084 wiederhclt
997 4032 1039 4083 die
1057 4033 1185 4099 Weisung
1202 4033 1434 4100 Reformvcrlagen

181 4119 377 4186 einzubringsn.
397 4119 465 4170 Dass
485 4118 531 4169 der
548 4120 630 4184 Papst
647 4117 689 4168 die
707 4119 821 4184 Reform,
840 4119 922 4170 selbst
940 4119 1009 4169 auch
1026 4118 1069 4168 die
1089 4118 1135 4170 der
1154 4119 1293 4170 Cardintle
1317 4120 1371 4170 und
1389 4120 1435 4171 der

182 4206 270 4269 Curia,
290 4205 349 4256 dem
368 4203 461 4258 concil
491 4221 556 4272 gana
573 4205 771 4257 anheimstellen
789 4222 822 4256 zu
839 4206 934 4257 wellen
960 4205 1133 4269 versicherte,
1149 4205 1260 4256 'schloss
1286 4205 1360 4256 nicht
1387 4222 1434 4257 aus

181 4293 242 4344 dass
267 4307 295 4342 er
318 4291 386 4342 doeh
409 4293 501 4342 immer
528 4295 554 4342 in
580 4293 677 4343 diesem
701 4291 756 4342 und
778 4293 868 4358 jeucm
891 4293 995 4343 Punlrte
1018 4291 1078 4343 sehr
1103 4293 1251 4342 bestimmte
1274 4291 1435 4343 Vorbehalts

181 4377 287 4430 machte
306 4378 360 4440 (Nr.
380 4377 511 4428 cccxlv
527 4379 711 4446 Anmerkung3
729 4379 768 4430 Le
781 4377 841 4428 Plat
859 4381 884 4443 6,
898 4381 953 4429 110.
969 4379 1024 4428 11³.
1040 4379 1096 4431 115.
1117 4378 1165 4427 139
1178 4377 1246 4427 nach
1258 4377 1435 4444 Pallavicini).

181 4467 237 4520 Scit
256 4467 302 4520 der
320 4465 349 4516 (l.
367 4482 420 4516 von
437 4464 600 4530 Lothringen
617 4467 644 4515 in
661 4465 753 4515 Trient
771 4481 824 4516 von
847 4464 898 4516 den
921 4465 1039 4531 Legaten
1057 4463 1097 4513 als
1116 4462 1183 4513 ihres
1197 4461 1325 4514 Gleichen
1342 4465 1369 4514 iu
1387 4463 1434 4514 das

168 4555 330 4607 'Vertrauen
349 4565 466 4621 geaogen
484 4554 588 4603 werden
606 4551 697 4616 sollte,
724 4551 813 4602 wurde
839 4550 908 4603 dcun
930 4551 999 4602 auch
1023 4550 1071 4599 mit
1087 4549 1141 4599 ihm
1158 4550 1223 4600 ttbsr
1242 4548 1284 4599 dia
1301 4549 1434 4617 Vorlagsn

181 4642 260 4706 (Pur.
284 4643 348 4703 8393
380 4639 437 4694 Bal.
456 4643 480 4704 3,
509 4641 566 4691 474.
591 4639 652 4706 482)
675 4637 836 4690 verbandelt.
867 4637 980 4689 Endlich
1012 4637 1118 4687 wurden
1139 4636 1208 4687 auch
1231 4636 1282 4687 den
1306 4635 1434 4687 Oratoren

183 4727 359 4794 Erdffnungen
377 4726 507 4793 gemacht.
537 4725 658 4776 Darflbsr
681 4723 817 4775 berichtcn
841 4723 883 4774 die
906 4723 932 4774 lr.
952 4720 1103 4774 Gasandten
1124 4737 1167 4773 am
1191 4723 1223 4773 2⁷
1244 4720 1300 4773 Juli
1323 4721 1433 4790 (Rom.):

248 4814 442 4866 Nudiustsrtins
460 4812 604 4864 indicatum
622 4811 670 4862 fuit
688 4813 764 4863 nobis
782 4825 799 4861 a
816 4809 871 4860 R¹²¹⁰
888 4811 922 4860 D.
936 4809 965 4863 Ο.
984 4809 1093 4860 Morene
1106 4809 1231 4861 articulm
1243 4807 1435 4860 reformationis

182 4901 336 4953 universalis
354 4902 406 4952 iam
424 4901 452 4950 in
468 4899 589 4950 manibus
606 4899 741 4948 secretarii
766 4895 870 4948 concilii
889 4911 946 4947 esse
963 4894 1114 4962 habereque
1137 4911 1196 4946 eum
1213 4897 1241 4946 in
1257 4893 1387 4946 mandatis
1404 4900 1433 4946 nt

184 5002 273 5044 eorum
291 4987 410 5057 exempla
427 4986 522 5040 saltem
541 4985 688 5040 oratoribus
707 4984 759 5050 det,
776 4983 889 5052 ideoque
907 4997 1000 5049 rogare
1018 4997 1066 5035 nos
1083 4987 1113 5034 ut
1129 4983 1215 5038 mnas
1234 4997 1264 5036 eo
1282 4983 1376 5036 nosnis
1393 4996 1433 5037 se·
