3450 5818
1328 541 1389 608 stt

20 741 21 802 ἶ
88 758 142 800 une
161 733 225 801 ullo
247 734 353 800 fructu
375 732 579 800 dissolvatur.
603 755 668 798 nou
690 735 838 821 ignorare
862 731 928 799 ΒΜ
944 731 975 799 S.
993 732 1165 799 concilium
1183 731 1300 798 debere
1315 729 1392 797 libe-

20 875 21 878 *
83 863 141 903 rum
161 861 231 905 esse
254 847 286 903 et
307 836 373 904 8¹⁹¹
395 837 428 904 S.
450 835 626 926 pollicitam
650 860 684 902 se
704 859 834 926 quoque
849 835 932 903 velle
947 845 983 902 ut
998 839 1039 902 sit
1053 835 1198 903 liberum.
1222 835 1297 902 huic
1311 858 1389 902 voro

20 927 21 970 ³
81 941 207 1008 libertati
232 964 297 1008 nou
318 964 434 1029 parum
456 940 620 1026 decedere,
650 943 677 1006 si
700 964 841 1008 canones
868 942 903 1006 in
926 939 1061 1007 concilio
1083 940 1273 1028 publicandi
1295 949 1389 1006 extra

80 1044 234 1109 concilium
257 1043 299 1109 ad
319 1054 433 1112 nutum
454 1043 591 1112 aliorum
620 1043 804 1130 formentur,
837 1044 890 1110 vel
912 1047 941 1112 si
962 1045 1042 1113 alias
1065 1067 1258 1134 quoeunque
1281 1043 1389 1110 colore

81 1156 107 1210 et
115 1157 281 1234 praetextu
292 1149 437 1237 patribus
449 1147 689 1237 praescribatur
699 1147 822 1226 modus,
836 1148 914 1235 quid
928 1151 961 1212 in
976 1147 1133 1214 faciendis
1148 1147 1285 1214 decretis
1301 1149 1391 1235 sequi

77 1260 124 1314 aut
136 1251 257 1316 evitare
270 1251 418 1319 debeant.
436 1253 499 1320 hoe
513 1262 599 1319 certe
616 1252 719 1318 videri
732 1249 897 1318 catholicis
914 1251 1048 1339 perinde
1070 1275 1110 1317 ae
1122 1251 1267 1317 sectariis
1289 1271 1389 1336 grave

80 1365 106 1418 et
125 1355 332 1441 intolerabile,
366 1365 461 1444 prout
482 1379 596 1424 revera
617 1354 660 1422 ad
681 1355 853 1423 iuvandam
875 1378 943 1421 rem
966 1355 1171 1421 christianam
1185 1375 1391 1441 nequaquam

77 1467 118 1521 est
137 1457 355 1541 conducibile,
384 1459 434 1525 his
455 1461 597 1526 maxime
629 1459 825 1546 perturbatis
853 1459 1052 1546 temporibus
1082 1458 1196 1547 quibus
1219 1457 1298 1522 nihil
1321 1481 1386 1523 non

78 1570 119 1624 est
138 1573 333 1650 suspectum.
362 1565 441 1652 quin
469 1574 502 1631 et
522 1563 603 1630 illud
633 1563 772 1652 denique
795 1563 1067 1629 considerandum
1088 1585 1267 1647 occurrere,
1302 1560 1389 1650 quod

77 1672 151 1728 certe
178 1668 354 1752 pessimum
376 1674 440 1750 est,
469 1666 601 1732 decreta
628 1688 711 1754 quae
738 1665 800 1731 boc
822 1665 918 1733 modo
950 1667 1163 1734 decernentur
1191 1677 1223 1733 et
1242 1663 1388 1752 publiea-

20 1769 21 1844 Τ
78 1763 194 1850 buntur,
217 1767 381 1858 plerisque
403 1771 437 1836 in
458 1772 567 1858 regnis
590 1793 629 1836 ac
649 1770 826 1857 provinciis
850 1761 1015 1836 christiani
1037 1769 1125 1837 orbis
1154 1793 1220 1836 uon
1242 1769 1391 1834 habitura

76 1868 213 1936 ellectum
235 1881 268 1950 et
289 1895 411 1960 paucos
432 1873 503 1940 fore
524 1874 580 1962 qai
603 1875 649 1939 eis
671 1873 736 1939 sint
758 1873 1018 1962 obtemperaturi.

168 1974 262 2057 Quae
283 1999 357 2042 cum
377 1981 425 2044 ita
445 1999 479 2044 se
501 1977 652 2062 habeant,
674 2001 735 2044 nos
757 1977 823 2044 8²⁸³
846 1980 915 2044 eius
932 2027 939 2042 .
956 2027 988 2044 ..
1011 1979 1244 2065 impensissime
1265 1997 1390 2063 rogare,

20 2111 21 2178 p
77 2085 105 2138 ut
123 2075 206 2144 hano
227 2089 372 2146 nostram
393 2079 524 2146 filialem
538 2081 791 2148 admonitionem
813 2103 855 2148 ex
877 2082 985 2147 auimo
1008 2081 1223 2147 sincerissimo
1240 2091 1271 2146 et
1286 2079 1340 2146 δι’·
1357 2078 1389 2146 S.

20 2189 22 2226 t
76 2177 349 2250 observantissime
364 2183 541 2272 profectam
563 2185 598 2248 iu
612 2185 731 2250 bonam
752 2195 877 2272 partem
900 2185 1048 2272 aecipere
1070 2192 1104 2250 et
1123 2185 1157 2249 in
1179 2183 1240 2250 hoc
1255 2185 1391 2270 negocio

20 2323 21 2356 ι
76 2283 193 2350 concilii
214 2287 261 2352 ita
281 2287 452 2374 providere
475 2287 634 2375 dignetur,
656 2298 692 2354 ut
714 2286 846 2354 libertas
867 2297 995 2375 patrum
1016 2287 1142 2374 integro
1163 2287 1204 2351 sit
1226 2296 1258 2352 et
1279 2295 1315 2353 ut
1337 2309 1390 2352 ue·

20 2433 22 2488 p
79 2389 238 2456 cesdtates
269 2389 424 2457 eeclesiae
452 2414 491 2456 ac
519 2394 745 2479 uniuscunque
767 2393 952 2478 provinciae
980 2392 1049 2456 sine
1070 2389 1213 2478 periculo
1244 2389 1389 2475 indigna·

20 2499 22 2520 ¹
74 2491 159 2557 tionis
187 2503 243 2558 aut
271 2495 418 2560 sinistrae
446 2497 630 2583 suspitionis
657 2494 758 2561 libero
787 2505 819 2561 et
841 2493 964 2583 absque
992 2494 1220 2581 impedimento
1251 2496 1388 2582 proponi

75 2603 203 2680 queant,
231 2621 273 2663 ue
301 2599 452 2686 cuiquam
479 2600 564 2664 iusta
594 2597 812 2687 conquerendi
842 2621 941 2666 causa
968 2596 1094 2686 reliqua
1123 2617 1194 2664 esse
1224 2598 1327 2684 possit
1361 2607 1392 2662 et

20 2731 22 2748 ν
75 2701 252 2782 praesertim
270 2723 312 2765 ne
335 2702 448 2788 optimi
476 2711 508 2767 et
529 2701 777 2789 praeclarissimi
800 2700 849 2766 ΒΨ
873 2700 906 2767 S.
929 2710 1073 2782 conatus,
1097 2723 1178 2788 quos
1201 2702 1317 2788 iugiter
1330 2699 1390 2766 ad·

75 2797 156 2868 hibet
182 2805 217 2869 in
237 2805 390 2870 sanandis
418 2805 575 2871 ecclesiae
596 2805 802 2889 vulneribus,
833 2807 913 2871 irriti
939 2803 1124 2890 reddantur,
1147 2815 1243 2892 prout
1269 2804 1335 2870 ΒΜ
1357 2803 1390 2869 S.

77 2925 151 2988 quse
174 2907 243 2971 eius
272 2916 322 2974 ost
342 2909 446 2996 pietas
466 2909 607 2996 benigue
635 2920 667 2976 et
689 2920 823 2998 paterne
846 2917 1028 2976 curaturam
1056 2931 1122 2975 uon
1144 2907 1389 2974 diffidimus...

199 3097 260 3148 wie
279 3097 322 3150 die
341 3098 649 3168 Conciirerhaudluugen
665 3099 694 3150 in
711 3099 763 3152 deu
781 3099 983 3168 evaugelisohou
1000 3099 1111 3152 Kretsen
1128 3099 1326 3152 Deutscblauds
1342 3098 1387 3151 be·

133 3181 242 3235 urtheilt
258 3184 372 3248 werden,
396 3184 506 3237 erseheu
528 3187 575 3236 wir
592 3201 618 3239 u.
638 3201 663 3236 a.
687 3201 734 3237 aus
757 3187 817 3238 dem
841 3185 987 3238 Schreibeu
1010 3187 1056 3238 des
1079 3185 1247 3254 Markgrateu
1264 3185 1391 3237 Albrseht

131 3284 183 3319 von
199 3269 390 3337 Brandcnburg
406 3288 467 3323 vom
485 3274 518 3322 26
536 3269 592 3322 Juli
610 3273 637 3321 in
654 3271 694 3322 Le
712 3273 772 3323 Plat
789 3276 812 3334 t,
831 3273 891 3323 389.
918 3272 1077 3324 dehuliches
1095 3273 1161 3323 liber
1179 3272 1222 3324 dio
1241 3269 1388 3338 Stimmung

133 3357 159 3405 tn
176 3355 423 3408 Oberdsntscblaud
433 3357 579 3408 berichtete
592 3355 653 3408 dem
669 3357 764 3409 Kaisar
775 3357 822 3410 der
834 3357 934 3409 damais
953 3357 1012 3409 dort
1028 3357 1204 3410 verweileude
1221 3357 1267 3409 Dr.
1286 3357 1386 3409 zasias.

20 3511 21 3518 ἵ
134 3441 201 3494 Dass
226 3442 273 3494 der
290 3445 384 3495 Kaisar
406 3459 453 3496 aas
476 3446 562 3494 seiuer
579 3443 813 3495 Uuaulriedenhett
835 3445 883 3496 mit
900 3445 961 3496 dem
978 3445 1103 3497 Varianis
1126 3445 1173 3496 der
1189 3445 1277 3511 Dirige
1294 3445 1390 3495 ketusn

20 3531 21 3558 ³
133 3527 201 3580 liebl
218 3530 330 3594 machts,
350 3529 443 3582 arbellt
460 3546 509 3582 aus
527 3530 578 3582 deu
595 3530 700 3596 Klagsn
718 3529 765 3584 des
783 3529 905 3587 (tanisius
921 3534 949 3582 iu
968 3531 1114 3598 Cyprianus
1131 3532 1189 3582 287.
1217 3557 1251 3570 —

199 3617 250 3668 hm
269 3619 301 3668 tt
318 3618 382 3670 Juni
407 3617 480 3670 hatte
497 3618 566 3670 Areo
585 3617 646 3670 darn
669 3619 763 3670 Katser
784 3620 839 3672 und
862 3619 922 3672 dem
944 3619 978 3672 K.
996 3619 1161 3672 Maximilian
1185 3618 1324 3684 (Romana)
1343 3633 1388 3688 ge-

133 3701 276 3768 sebriebeu‚
301 3703 361 3754 dass
389 3704 435 3755 der
454 3703 579 3754 cardinal
596 3719 650 3754 von
667 3703 807 3772 Augsburg
825 3706 871 3756 aut
887 3705 929 3755 die
946 3705 1043 3756 Kunde
1062 3705 1122 3756 dass
1143 3705 1190 3755 der
1208 3705 1296 3772 Kduig
1315 3707 1388 3756 seins

136 3787 220 3840 Stbne
241 3789 310 3840 uach
328 3789 443 3857 Spanieu
461 3789 589 3840 sehicken
606 3790 661 3842 und
679 3807 731 3843 von
750 3794 834 3843 sineru
853 3791 998 3843 deutschen
1015 3790 1231 3843 Kirehenttlrston
1255 3791 1389 3858 begleiteu

137 3873 221 3927 lassen
232 3877 318 3941 welle,
336 3876 393 3928 sich
402 3893 435 3927 au
446 3875 545 3928 diesem
558 3877 669 3928 Dienste
682 3879 789 3930 erbiets.
808 3878 893 3929 Dsitlr
903 3877 991 3930 lasseu
1005 3879 1052 3929 der
1068 3879 1161 3928 Kaiser
1173 3878 1227 3928 und
1241 3877 1288 3929 der
1301 3877 1389 3943 Kenig

138 3975 177 4012 am
196 3965 228 4013 16
245 3963 303 4014 Jult
321 3964 425 4014 dauken
451 3964 506 4016 uad
524 3963 645 4016 stittreu
662 3964 710 4015 das
728 3965 887 4016 Anerbieten
905 3967 992 4016 seiuer
1009 3965 1066 4018 zois
1082 3967 1110 4014 in
1126 3965 1277 4034 Erwttguug
1295 3963 1387 4016 sichen

136 4063 166 4098 au
183 4049 279 4102 wellen
307 4049 439 4115 (Ceneept
456 4053 484 4102 in
502 4051 554 4102 den
572 4050 712 4116 Romans).
