3512 5838
1375 519 1438 582 stt

119 699 287 768 titionibus
309 723 367 788 pro
390 703 522 788 imperio
545 703 653 788 regnis
675 712 707 767 et
727 705 901 790 provinciis
923 702 982 768 Mo.
1003 703 1043 769 V.
1060 702 1093 768 S.
1109 706 1141 767 in
1157 703 1265 770 catu·
1285 705 1440 790 religione

121 803 352 870 conservandis
379 804 555 888 satisfieret,
577 804 611 868 id
634 806 720 891 quod
742 806 813 870 ΒΜ·
836 805 870 872 Ο.
893 805 1046 872 Moronus
1073 807 1229 893 imprimis
1258 817 1291 873 et
1321 809 1439 874 deinde

121 907 268 995 collegae
290 930 419 996 quoque
440 908 491 972 sui
512 931 548 974 se
571 918 739 974 curaturos
761 907 935 976 liberaliter
956 910 1179 997 promiserunt.
1203 909 1384 976 hoceutem
1401 935 1439 977 eo

119 1011 336 1078 confidentius
357 1010 502 1094 fecimus,
525 1013 602 1098 quie
622 1011 813 1078 videbamus
834 1013 980 1100 inprimis
1003 1011 1083 1079 duos
1105 1012 1176 1078 ΒΜ
1204 1011 1240 1080 0.
1269 1013 1440 1081 Lotharin·

118 1136 199 1202 gum
221 1125 255 1180 et
274 1112 476 1180 Madrucium
497 1135 673 1202 omnesque
694 1123 836 1181 oratores
858 1114 1018 1182 seculares
1041 1125 1074 1182 et
1095 1115 1328 1182 ecclesiasticos
1351 1127 1441 1205 quot·

121 1229 204 1308 quot
224 1217 278 1284 bic
299 1217 419 1284 adsunt
441 1225 473 1284 et
493 1227 603 1306 patres
625 1219 721 1284 etiam
755 1217 882 1284 concilii
912 1217 998 1284 idem
1025 1217 1109 1285 velle
1138 1218 1345 1308 eiusdemque
1372 1241 1443 1287 esse

120 1323 311 1399 sententies,
334 1320 402 1388 solo
425 1319 468 1387 D.
491 1324 607 1389 comite
629 1323 670 1388 de
690 1321 786 1388 Luna
807 1330 840 1388 et
860 1321 984 1410 aliquot
1005 1322 1165 1410 episcopis
1179 1321 1365 1411 Hispanicis
1388 1346 1443 1390 ex·

121 1426 236 1514 ceptis,
260 1428 315 1515 qui
337 1424 380 1491 D.
404 1447 511 1492 comes
533 1424 574 1491 de
595 1425 689 1490 Luna
710 1448 816 1512 neque
842 1423 884 1490 D.
912 1423 1092 1510 legatorum
1118 1447 1225 1513 neque
1252 1425 1444 1516 Lothsringi

121 1538 157 1596 et
177 1529 337 1596 Medrucii
359 1529 572 1595 cardinalium
593 1550 654 1594 nec
675 1527 814 1616 denique
836 1529 953 1594 nostris
976 1528 1176 1616 aliommque
1198 1538 1361 1595 oratorum
1389 1554 1443 1619 pe·

120 1632 291 1700 titionibus
312 1632 469 1699 hactenus
491 1632 610 1701 adduci
631 1633 736 1719 potuit
756 1639 793 1696 ut
813 1633 846 1696 in
869 1630 1006 1698 eandem
1028 1632 1219 1699 sententiam
1242 1632 1442 1718 concederet,

121 1739 216 1803 cuius
238 1737 316 1802 facti
339 1737 388 1801 sui
409 1739 537 1802 unicam
560 1735 665 1802 adfert
686 1737 843 1800 rationem
865 1735 953 1822 quod
974 1737 1124 1800 nimirum
1150 1734 1249 1800 nollet
1270 1738 1339 1803 sine
1362 1740 1445 1803 scitu

122 1850 157 1906 et
179 1861 339 1906 consensu
359 1841 445 1926 regis
468 1839 518 1905 sni
539 1837 601 1904 boc
624 1839 796 1905 concilium
817 1837 912 1918 finiri,
936 1861 1034 1927 quem
1055 1839 1212 1906 radonem
1227 1861 1337 1906 omnes
1353 1851 1444 1929 qnot-

123 1953 205 2032 quot
225 1942 278 2008 hic
299 1941 416 2009 adsunt
438 1941 581 2008 iudicant
601 1964 666 2007 non
688 1964 759 2008 esse
782 1941 992 2008 sufficientem
1008 1951 1119 2008 contra
1131 1940 1312 2009 libertatem
1328 1943 1445 2030 synodi

122 2044 168 2111 ad
190 2045 423 2114 extrahendum
444 2047 477 2110 in
499 2044 626 2132 longius
642 2053 767 2131 tempus
782 2045 962 2129 concilium,
984 2045 1046 2110 hec
1060 2047 1248 2133 praesertim
1263 2047 1446 2134 periculose

122 2158 326 2236 tempestate.
349 2147 562 2215 decreverunt
582 2146 788 2214 nihilominus
808 2148 865 2212 Β1111
885 2148 927 2214 D.
950 2147 1060 2235 legati,
1084 2150 1152 2215 sive
1174 2151 1265 2215 vivat
1286 2151 1356 2216 sive
1378 2173 1444 2215 mo·

123 2254 227 2318 rietur
249 2250 282 2318 S.
304 2251 460 2339 pontifex,
483 2273 555 2316 cres
576 2249 694 2316 velud
717 2273 875 2316 summum
895 2250 1049 2339 perendie
1071 2254 1247 2319 sessionem
1269 2251 1391 2318 habere
1405 2274 1445 2318 ec

124 2352 296 2421 concilium
320 2353 478 2436 claudere,
502 2353 588 2440 quod
611 2352 691 2420 deus
720 2355 920 2441 omnipotens
947 2353 1087 2421 faustum
1110 2364 1142 2420 et
1172 2354 1252 2420 felix
1278 2378 1350 2422 esse
1372 2379 1446 2422 con·

122 2456 244 2524 cedat.
261 2505 293 2522 ..

225 2562 433 2649 Postscripts.
457 2583 530 2627 cum
553 2563 660 2627 statim
682 2561 772 2626 finita
794 2563 937 2627 sessione
959 2584 1070 2628 omnes
1091 2560 1167 2626 hinc
1188 2561 1287 2648 legati
1315 2571 1349 2628 et
1376 2585 1446 2628 ora·

122 2664 277 2732 torssalii
298 2667 362 2731 sint
383 2665 564 2744 discessuri,
589 2685 668 2750 quos
691 2665 759 2728 sine
782 2665 868 2730 omni
890 2663 988 2730 dubio
1012 2685 1123 2730 omnes
1137 2675 1245 2752 patres
1261 2676 1446 2752 sequentur,

123 2767 303 2835 nummulti
324 2791 376 2834 res
398 2776 431 2834 et
452 2766 668 2854 supellectiles
690 2789 764 2831 suas
785 2770 847 2832 iem
866 2776 941 2832 ante
964 2767 1087 2854 aliquot
1108 2766 1177 2834 dies
1199 2770 1445 2855 praemiserunt,

124 2881 159 2939 et
179 2895 238 2938 nos
259 2871 312 2937 hic
335 2869 455 2937 diutius
477 2892 607 2936 manere
623 2891 777 2956 cogamur
791 2869 912 2934 nnllam
928 2870 1025 2936 aliam
1040 2869 1081 2937 ob
1099 2893 1229 2936 causam
1247 2894 1344 2959 quam
1359 2870 1447 2959 quod

122 2975 219 3042 nobis
241 3000 300 3063 per
321 2985 369 3044 tot
390 2997 516 3040 menses
538 2973 618 3039 nihil
640 2974 737 3060 plene
759 2973 893 3039 subsidii
915 2973 958 3040 ad
980 2977 1241 3040 sustentationem
1264 2985 1444 3040 nostrama

125 3103 256 3146 camera
278 3080 338 3146 Mo.
360 3081 400 3147 V.
425 3079 457 3144 S.
492 3078 671 3145 ordinatum
694 3077 749 3158 sit,
783 3076 868 3143 unde
896 3101 955 3142 nos
985 3077 1093 3143 debite
1120 3100 1202 3164 quae
1225 3078 1446 3144 contraximus

125 3205 193 3249 non
214 3205 384 3271 possumus
407 3205 478 3248 esse
500 3179 663 3254 solvendo,
686 3181 905 3266 supplicamus
928 3180 961 3246 S.
974 3179 1025 3245 M⁶
1037 3181 1078 3247 V.
1100 3179 1273 3264 humilima,
1297 3179 1446 3268 dignetur

127 3284 303 3353 clementer
322 3286 476 3352 mandere
497 3293 533 3349 ut
553 3283 646 3349 nobis
669 3285 752 3349 sicut
774 3285 901 3370 saepius
924 3284 1098 3371 petivimus
1125 3285 1264 3370 pecunia
1286 3305 1370 3370 quae
1392 3283 1445 3350 de·

125 3387 221 3454 betur
241 3388 295 3456 bic
317 3399 437 3477 quanto
460 3389 552 3453 citius
574 3387 644 3453 fieri
664 3397 771 3473 potest
791 3397 985 3471 numeretur,
1008 3409 1073 3475 que
1093 3409 1153 3452 nos
1175 3388 1272 3452 etiem
1293 3386 1369 3452 hinc
1391 3409 1445 3452 ex·

125 3490 293 3577 podismus
314 3513 420 3580 neque
443 3491 563 3556 diutius
584 3488 716 3555 hicnon
739 3491 817 3555 setis
840 3489 990 3556 decenter
1011 3489 1145 3555 haerere
1167 3503 1331 3576 cogemur.

262 3679 347 3732 Unter
365 3681 416 3732 den
433 3679 574 3732 Bericbtsn
597 3679 663 3730 tiber
684 3677 727 3730 die
750 3678 848 3730 letstsn
871 3677 945 3745 Tage
969 3679 1016 3730 des
1039 3678 1145 3731 concils
1168 3679 1312 3730 verdisnen
1329 3695 1374 3730 um
1398 3679 1447 3732 der

192 3781 314 3834 geueuen
332 3766 543 3832 Detailengsben
560 3763 648 3815 willan
666 3764 713 3816 der
730 3765 756 3814 in
774 3763 917 3816 Mendhem
935 3767 984 3816 635
1002 3764 1057 3816 und
1075 3764 1123 3816 der
1139 3765 1167 3816 in
1183 3764 1339 3816 Beccadelli
1357 3769 1382 3828 2,
1396 3767 1446 3816 149

196 3852 342 3904 besenders
359 3851 522 3918 Beecbtung.
550 3850 698 3917 Wichtiger
723 3850 762 3901 als
786 3851 829 3901 die
851 3850 940 3900 Brisfe
962 3852 989 3900 in
1012 3853 1061 3917 Ep.
1081 3852 1146 3918 Peg.
1167 3853 1191 3914 8,
1209 3853 1260 3902 369
1286 3851 1342 3902 und
1360 3851 1402 3902 die
1420 3854 1447 3901 in

194 3938 296 3989 Pallas.
318 3939 485 3989 mou-1006
503 3936 676 4002 angelilhrten
689 3941 786 3988 mdeste
805 3936 851 3986 der
869 3935 916 3986 des
929 3935 958 3988 0.
971 3937 1114 3988 Borromeo
1131 3953 1193 3989 vom
1210 3939 1243 3987 2⁷
1255 3937 1324 3992 Ner.
1342 3939 1446 3988 sein.-

194 4024 243 4076 ch
260 4024 336 4076 stelle
354 4023 412 4076 hier
428 4039 578 4074 zusammen
596 4037 649 4073 was
667 4021 735 4072 Areo
752 4023 820 4073 dber
837 4021 884 4072 das
901 4021 1030 4074 Befinden
1048 4022 1095 4074 des
1106 4023 1225 4088 Pspstes,
1244 4025 1294 4074 seit
1307 4023 1392 4074 dieser
1403 4037 1446 4074 um

197 4112 228 4162 19
247 4125 300 4161 von
318 4109 516 4161 civiterecchis
537 4107 718 4176 heimgekehrt
734 4123 803 4172 wer,
819 4107 957 4158 berichtet.
986 4109 1037 4158 Am
1054 4110 1101 4159 242
1124 4109 1159 4160 ho
1182 4110 1288 4162 visitato
1312 4109 1339 4161 S.
1356 4109 1397 4160 δ’·
1420 4109 1447 4160 le

194 4195 281 4262 quale,
298 4211 327 4247 se
345 4195 413 4246 bene
430 4195 465 4246 ha
481 4211 517 4246 nn
535 4209 603 4260 poco
622 4193 650 4244 di
666 4195 785 4260 podagra
802 4199 830 4245 et
846 4193 882 4245 hs
897 4209 974 4261 prese
993 4193 1089 4246 alcum
1107 4193 1206 4260 pillole,
1223 4211 1276 4246 non
1293 4201 1365 4247 resta
1380 4211 1445 4262 pero

194 4281 220 4334 di
238 4283 375 4349 negotiare
393 4283 493 4332 atsere
510 4279 598 4348 quello
617 4280 666 4332 che
685 4280 793 4331 farebbs
812 4296 840 4331 se
858 4296 910 4331 non
928 4280 1040 4330 hevesse
1058 4280 1136 4334 mele.
1160 4307 1190 4318 —-
1214 4282 1264 4332 Am
1282 4284 1327 4332 2⁷:
1352 4283 1402 4334 etsi
1419 4282 1446 4345 S,

195 4369 245 4418 ΒΝ
262 4368 351 4434 aliquo
369 4371 494 4436 gravatur
510 4367 609 4430 morbo,
629 4369 691 4435 quia
707 4371 795 4418 tamen
813 4367 929 4418 eiusdem
950 4363 994 4416 ΒΨ
1016 4366 1085 4416 vires
1106 4381 1138 4417 so
1156 4383 1264 4418 nervum
1281 4370 1352 4430 novi,
1376 4374 1403 4420 et
1415 4385 1447 4420 ex

193 4455 285 4507 morbo
303 4454 382 4507 facile
400 4453 586 4505 convalescere
611 4453 679 4505 solet
701 4459 728 4504 et
749 4455 818 4504 vires
841 4467 985 4515 resumere,
1008 4457 1146 4518 praeterea
1169 4455 1232 4520 quia
1257 4454 1387 4505 acclesiae
1404 4455 1447 4506 dei

195 4542 274 4594 modo
291 4557 346 4594 nou
363 4542 524 4594 conduceret
540 4545 646 4608 pestere
669 4557 716 4592 sno
734 4541 829 4604 orbari,
852 4555 929 4606 spero
952 4540 1072 4592 morbum
1095 4538 1165 4590 hunc
1188 4555 1242 4590 non
1260 4539 1375 4592 futurum
1393 4547 1447 4592 tam

195 4641 311 4694 gravem,
329 4626 548 4693 quemadmodum
566 4625 683 4692 plerique
706 4627 871 4681 arbitrantur.
894 4627 957 4693 quie
980 4629 1069 4676 tamm
1094 4625 1219 4678 mortales
1241 4641 1331 4678 sumus
1354 4641 1445 4678 omnes

197 4719 224 4766 et
234 4709 319 4764 &13⁶⁰
337 4714 526 4780 sexagesimum
538 4715 591 4764 iem
609 4718 637 4764 et
653 4714 771 4778 quintum
781 4714 867 4780 attigit
884 4727 988 4775 annum,
1006 4710 1071 4762 nibil
1088 4712 1154 4763 certi
1171 4710 1294 4764 affirmari
1311 4717 1447 4778 potest.-

192 4801 243 4854 sm
265 4802 279 4852 1
297 4799 455 4850 December:
474 4799 563 4850 scrissi
581 4812 597 4849 a
614 4798 645 4853 V.
662 4799 712 4850 Ml·
731 4798 777 4850 nui
794 4801 827 4849 2⁷
845 4798 888 4850 dsl
898 4802 1006 4865 pesseto
1019 4793 1174 4849 avumdols
1185 4796 1447 4865 dell’indispositione

193 4888 220 4940 di
238 4887 265 4940 S.
285 4885 339 4950 δ”,
362 4886 390 4936 ls
412 4887 490 4954 quale
515 4883 734 4951 nell'oppenione
757 4885 783 4935 di
801 4885 876 4936 molti
898 4899 943 4937 ern
964 4888 1072 4950 pescate
1094 4889 1169 4935 tanto
1191 4885 1294 4936 mnansi
1316 4885 1360 4936 nel
1378 4885 1448 4936 male

194 4973 235 5026 cb'
246 4973 350 5026 bevera
366 4988 452 5024 messe
470 4977 539 5025 sotto
557 4987 636 5038 sopra
652 4975 726 5038 parte
744 4971 771 5023 di
788 4971 879 5036 Roma,
898 4975 925 5022 et
941 4972 1072 5024 volevano
1089 4972 1163 5024 molti
1182 4972 1232 5024 che
1248 4971 1320 5024 fusse
1336 4973 1365 5022 in
1381 4973 1447 5037 peri-

193 5059 253 5112 cclo
272 5059 343 5112 della
360 5060 416 5112 site
435 5063 461 5110 et
479 5057 527 5110 che
544 5073 591 5127 per
608 5063 700 5128 questo
720 5059 807 5112 subito
824 5058 896 5110 fusse
913 5073 961 5129 per
982 5057 1039 5110 fare
1055 5072 1110 5110 uns
1127 5058 1331 5131 congregatione
1344 5095 1369 5112 ..
1389 5099 1394 5112 .
1420 5061 1448 5122 et
