<?xml version="1.0" encoding="UTF-8"?>
<!DOCTYPE html PUBLIC "-//W3C//DTD XHTML 1.0 Transitional//EN"
    "http://www.w3.org/TR/xhtml1/DTD/xhtml1-transitional.dtd">
<html xmlns="http://www.w3.org/1999/xhtml" xml:lang="en" lang="en">
 <head>
  <title>
</title>
<meta http-equiv="Content-Type" content="text/html;charset=utf-8" />
  <meta name='ocr-system' content='tesseract 3.04.00' />
  <meta name='ocr-capabilities' content='ocr_page ocr_carea ocr_par ocr_line ocrx_word'/>
</head>
<body>
  <div class='ocr_page' id='page_1' title='image "./zurgeschichtede00unkngoog/zurgeschichtede00unkngoog_0341.png"; bbox 0 0 3450 5818; ppageno 0'>
   <div class='ocr_carea' id='block_1_1' title="bbox 297 726 1721 4441">
    <p class='ocr_par' dir='ltr' id='par_1_1' title="bbox 339 726 1675 1024">
     <span class='ocr_line' id='line_1_1' title="bbox 339 726 1673 820; baseline -0.004 -23"><span class='ocrx_word' id='word_1_1' title='bbox 339 738 375 797; x_wconf 93' lang='lat' dir='ltr'><strong>ut</strong></span> <span class='ocrx_word' id='word_1_2' title='bbox 393 746 495 820; x_wconf 81' lang='lat' dir='ltr'><strong>anper</strong></span> <span class='ocrx_word' id='word_1_3' title='bbox 516 726 555 796; x_wconf 83' lang='lat' dir='ltr'><strong>ils</strong></span> <span class='ocrx_word' id='word_1_4' title='bbox 578 729 792 813; x_wconf 81' lang='lat' dir='ltr'><strong>nihilominus,</strong></span> <span class='ocrx_word' id='word_1_5' title='bbox 819 731 910 794; x_wconf 85' lang='lat' dir='ltr'><strong>iuxta</strong></span> <span class='ocrx_word' id='word_1_6' title='bbox 930 729 1067 795; x_wconf 81' lang='lat' dir='ltr'><strong>formam</strong></span> <span class='ocrx_word' id='word_1_7' title='bbox 1091 729 1172 793; x_wconf 86' lang='lat' dir='ltr'><strong>salvi</strong></span> <span class='ocrx_word' id='word_1_8' title='bbox 1200 728 1377 794; x_wconf 85' lang='lat' dir='ltr'><strong>conductus</strong></span> <span class='ocrx_word' id='word_1_9' title='bbox 1401 746 1482 816; x_wconf 85' lang='lat' dir='ltr'><strong>quae</strong></span> <span class='ocrx_word' id='word_1_10' title='bbox 1504 729 1569 792; x_wconf 85' lang='lat' dir='ltr'><strong>iam</strong></span> <span class='ocrx_word' id='word_1_11' title='bbox 1594 751 1673 794; x_wconf 87' lang='lat' dir='ltr'><strong>con·</strong></span> 
     </span>
     <span class='ocr_line' id='line_1_2' title="bbox 340 823 1675 922; baseline -0.004 -22"><span class='ocrx_word' id='word_1_12' title='bbox 340 831 430 900; x_wconf 89' lang='lat' dir='ltr'><strong>clusa</strong></span> <span class='ocrx_word' id='word_1_13' title='bbox 453 843 508 917; x_wconf 77' lang='lat' dir='ltr'><strong>est⁷</strong></span> <span class='ocrx_word' id='word_1_14' title='bbox 542 823 589 898; x_wconf 87' lang='lat' dir='ltr'><strong>illi</strong></span> <span class='ocrx_word' id='word_1_15' title='bbox 622 835 676 922; x_wconf 93' lang='lat' dir='ltr'><strong>qui</strong></span> <span class='ocrx_word' id='word_1_16' title='bbox 704 832 866 899; x_wconf 88' lang='lat' dir='ltr'><strong>voluerint</strong></span> <span class='ocrx_word' id='word_1_17' title='bbox 889 830 1055 920; x_wconf 90' lang='lat' dir='ltr'><strong>quippiam</strong></span> <span class='ocrx_word' id='word_1_18' title='bbox 1079 831 1233 898; x_wconf 88' lang='lat' dir='ltr'><strong>adversus</strong></span> <span class='ocrx_word' id='word_1_19' title='bbox 1258 855 1296 896; x_wconf 89' lang='lat' dir='ltr'><strong>ea</strong></span> <span class='ocrx_word' id='word_1_20' title='bbox 1319 853 1488 920; x_wconf 87' lang='lat' dir='ltr'><strong>opponere,</strong></span> <span class='ocrx_word' id='word_1_21' title='bbox 1513 842 1675 922; x_wconf 90' lang='lat' dir='ltr'><strong>quantum</strong></span> 
     </span>
     <span class='ocr_line' id='line_1_3' title="bbox 339 932 1675 1024; baseline -0.007 -18"><span class='ocrx_word' id='word_1_22' title='bbox 339 934 401 1006; x_wconf 89' lang='lat' dir='ltr'><strong>illis</strong></span> <span class='ocrx_word' id='word_1_23' title='bbox 414 939 561 1022; x_wconf 87' lang='lat' dir='ltr'><strong>sufficiat,</strong></span> <span class='ocrx_word' id='word_1_24' title='bbox 585 932 756 1002; x_wconf 85' lang='lat' dir='ltr'><strong>audiantur</strong></span> <span class='ocrx_word' id='word_1_25' title='bbox 776 959 839 1002; x_wconf 90' lang='lat' dir='ltr'><strong>nec</strong></span> <span class='ocrx_word' id='word_1_26' title='bbox 863 937 1034 1024; x_wconf 84' lang='lat' dir='ltr'><strong>quiequam</strong></span> <span class='ocrx_word' id='word_1_27' title='bbox 1056 935 1118 1002; x_wconf 89' lang='lat' dir='ltr'><strong>illis</strong></span> <span class='ocrx_word' id='word_1_28' title='bbox 1134 938 1166 1002; x_wconf 84' lang='lat' dir='ltr'><strong>in</strong></span> <span class='ocrx_word' id='word_1_29' title='bbox 1182 935 1243 1002; x_wconf 89' lang='lat' dir='ltr'><strong>hoc</strong></span> <span class='ocrx_word' id='word_1_30' title='bbox 1265 935 1483 1023; x_wconf 72' lang='lat' dir='ltr'><strong>impedimenti</strong></span> <span class='ocrx_word' id='word_1_31' title='bbox 1506 936 1675 1004; x_wconf 68' lang='lat' dir='ltr'><strong>alluatur.</strong></span> 
     </span>
    </p>

    <p class='ocr_par' dir='ltr' id='par_1_2' title="bbox 297 1037 1721 3403">
     <span class='ocr_line' id='line_1_4' title="bbox 439 1037 1673 1128; baseline -0.005 -20"><span class='ocrx_word' id='word_1_32' title='bbox 439 1040 601 1128; x_wconf 72' lang='lat' dir='ltr'><strong>Exemplo</strong></span> <span class='ocrx_word' id='word_1_33' title='bbox 626 1051 738 1108; x_wconf 50' lang='lat' dir='ltr'><strong>¹servittem</strong></span> <span class='ocrx_word' id='word_1_34' title='bbox 768 1037 915 1106; x_wconf 89' lang='lat' dir='ltr'><strong>nonnihil</strong></span> <span class='ocrx_word' id='word_1_35' title='bbox 937 1062 1035 1125; x_wconf 82' lang='lat' dir='ltr'><strong>grave</strong></span> <span class='ocrx_word' id='word_1_36' title='bbox 1064 1051 1114 1104; x_wconf 87' lang='lat' dir='ltr'><strong>est</strong></span> <span class='ocrx_word' id='word_1_37' title='bbox 1143 1039 1231 1126; x_wconf 83' lang='lat' dir='ltr'><strong>quod</strong></span> <span class='ocrx_word' id='word_1_38' title='bbox 1253 1039 1308 1104; x_wconf 73' lang='lat' dir='ltr'><strong>Bmi</strong></span> <span class='ocrx_word' id='word_1_39' title='bbox 1330 1038 1428 1125; x_wconf 82' lang='lat' dir='ltr'><strong>legati</strong></span> <span class='ocrx_word' id='word_1_40' title='bbox 1450 1048 1577 1125; x_wconf 68' lang='lat' dir='ltr'><strong>purtffla</strong></span> <span class='ocrx_word' id='word_1_41' title='bbox 1601 1037 1673 1102; x_wconf 89' lang='lat' dir='ltr'><strong>lite-</strong></span> 
     </span>
     <span class='ocr_line' id='line_1_5' title="bbox 338 1139 1675 1230; baseline -0.004 -20"><span class='ocrx_word' id='word_1_42' title='bbox 338 1163 447 1210; x_wconf 77' lang='lat' dir='ltr'><strong>rarum</strong></span> <span class='ocrx_word' id='word_1_43' title='bbox 469 1154 652 1210; x_wconf 68' lang='lat' dir='ltr'><strong>usurarum</strong></span> <span class='ocrx_word' id='word_1_44' title='bbox 673 1163 732 1230; x_wconf 82' lang='lat' dir='ltr'><strong>per</strong></span> <span class='ocrx_word' id='word_1_45' title='bbox 753 1163 812 1208; x_wconf 83' lang='lat' dir='ltr'><strong>vos</strong></span> <span class='ocrx_word' id='word_1_46' title='bbox 835 1143 883 1206; x_wconf 88' lang='lat' dir='ltr'><strong>eis</strong></span> <span class='ocrx_word' id='word_1_47' title='bbox 905 1143 1211 1208; x_wconf 81' lang='lat' dir='ltr'><strong>cornmunicatarum</strong></span> <span class='ocrx_word' id='word_1_48' title='bbox 1234 1141 1275 1206; x_wconf 80' lang='lat' dir='ltr'><strong>ad</strong></span> <span class='ocrx_word' id='word_1_49' title='bbox 1289 1141 1371 1206; x_wconf 50' lang='grc' dir='ltr'><em>Ψ</em></span> <span class='ocrx_word' id='word_1_50' title='bbox 1388 1142 1429 1205; x_wconf 88' lang='lat' dir='ltr'><strong>D.</strong></span> <span class='ocrx_word' id='word_1_51' title='bbox 1443 1161 1504 1227; x_wconf 86' lang='lat' dir='ltr'><strong>pro</strong></span> <span class='ocrx_word' id='word_1_52' title='bbox 1516 1139 1675 1206; x_wconf 85' lang='lat' dir='ltr'><strong>habenda</strong></span> 
     </span>
     <span class='ocr_line' id='line_1_6' title="bbox 339 1243 1673 1332; baseline -0.004 -19"><span class='ocrx_word' id='word_1_53' title='bbox 339 1248 390 1313; x_wconf 77' lang='lat'><strong>8¹⁸·</strong></span> <span class='ocrx_word' id='word_1_54' title='bbox 411 1247 442 1313; x_wconf 76' lang='lat' dir='ltr'><strong>S.</strong></span> <span class='ocrx_word' id='word_1_55' title='bbox 466 1247 681 1312; x_wconf 70' lang='lat' dir='ltr'>declaratione</span> <span class='ocrx_word' id='word_1_56' title='bbox 703 1247 957 1326; x_wconf 76' lang='lat' dir='ltr'><strong>transmiserunt²</strong></span> <span class='ocrx_word' id='word_1_57' title='bbox 981 1253 1014 1309; x_wconf 91' lang='lat' dir='ltr'><strong>et</strong></span> <span class='ocrx_word' id='word_1_58' title='bbox 1032 1247 1153 1330; x_wconf 74' lang='lat' dir='ltr'><strong>potent</strong></span> <span class='ocrx_word' id='word_1_59' title='bbox 1174 1243 1445 1332; x_wconf 74' lang='lat' dir='ltr'><strong>quemadmodum</strong></span> <span class='ocrx_word' id='word_1_60' title='bbox 1460 1257 1615 1308; x_wconf 81' lang='lat' dir='ltr'><strong>veremur</strong></span> <span class='ocrx_word' id='word_1_61' title='bbox 1631 1244 1673 1308; x_wconf 89' lang='lat' dir='ltr'><strong>ab</strong></span> 
     </span>
     <span class='ocr_line' id='line_1_7' title="bbox 337 1346 1674 1443; baseline -0.003 -29"><span class='ocrx_word' id='word_1_62' title='bbox 337 1349 376 1418; x_wconf 85' lang='lat' dir='ltr'><strong>iia</strong></span> <span class='ocrx_word' id='word_1_63' title='bbox 400 1349 455 1443; x_wconf 90' lang='lat' dir='ltr'><strong>qui</strong></span> <span class='ocrx_word' id='word_1_64' title='bbox 481 1349 560 1416; x_wconf 88' lang='lat' dir='ltr'><strong>alias</strong></span> <span class='ocrx_word' id='word_1_65' title='bbox 589 1346 630 1415; x_wconf 88' lang='lat' dir='ltr'><strong>ad</strong></span> <span class='ocrx_word' id='word_1_66' title='bbox 653 1348 822 1414; x_wconf 89' lang='lat' dir='ltr'><strong>concilium</strong></span> <span class='ocrx_word' id='word_1_67' title='bbox 845 1371 910 1414; x_wconf 92' lang='lat' dir='ltr'><strong>nou</strong></span> <span class='ocrx_word' id='word_1_68' title='bbox 931 1347 1014 1413; x_wconf 88' lang='lat' dir='ltr'><strong>bene</strong></span> <span class='ocrx_word' id='word_1_69' title='bbox 1038 1349 1169 1414; x_wconf 88' lang='lat' dir='ltr'><strong>animati</strong></span> <span class='ocrx_word' id='word_1_70' title='bbox 1198 1355 1280 1430; x_wconf 81' lang='lat' dir='ltr'><strong>sunt,</strong></span> <span class='ocrx_word' id='word_1_71' title='bbox 1302 1347 1335 1414; x_wconf 94' lang='lat' dir='ltr'><strong>in</strong></span> <span class='ocrx_word' id='word_1_72' title='bbox 1354 1371 1424 1412; x_wconf 88' lang='lat' dir='ltr'><strong>eam</strong></span> <span class='ocrx_word' id='word_1_73' title='bbox 1446 1357 1571 1436; x_wconf 86' lang='lat' dir='ltr'><strong>partem</strong></span> <span class='ocrx_word' id='word_1_74' title='bbox 1599 1348 1674 1432; x_wconf 89' lang='lat' dir='ltr'><strong>rapi</strong></span> 
     </span>
     <span class='ocr_line' id='line_1_8' title="bbox 339 1449 1673 1542; baseline -0.007 -20"><span class='ocrx_word' id='word_1_75' title='bbox 339 1455 432 1542; x_wconf 81' lang='lat' dir='ltr'><strong>quasi</strong></span> <span class='ocrx_word' id='word_1_76' title='bbox 454 1455 606 1520; x_wconf 88' lang='lat' dir='ltr'><strong>universa</strong></span> <span class='ocrx_word' id='word_1_77' title='bbox 621 1451 748 1518; x_wconf 73' lang='lat' dir='ltr'><strong>aoncilii</strong></span> <span class='ocrx_word' id='word_1_78' title='bbox 765 1453 919 1518; x_wconf 81' lang='lat' dir='ltr'><strong>autoritas</strong></span> <span class='ocrx_word' id='word_1_79' title='bbox 935 1474 1001 1517; x_wconf 90' lang='lat' dir='ltr'><strong>non</strong></span> <span class='ocrx_word' id='word_1_80' title='bbox 1015 1451 1162 1518; x_wconf 86' lang='lat' dir='ltr'><strong>Tridenti</strong></span> <span class='ocrx_word' id='word_1_81' title='bbox 1177 1451 1233 1516; x_wconf 87' lang='lat' dir='ltr'><strong>sed</strong></span> <span class='ocrx_word' id='word_1_82' title='bbox 1247 1451 1369 1518; x_wconf 82' lang='lat' dir='ltr'><strong>Romae</strong></span> <span class='ocrx_word' id='word_1_83' title='bbox 1384 1449 1532 1516; x_wconf 77' lang='lat' dir='ltr'><strong>resideat.</strong></span> <span class='ocrx_word' id='word_1_84' title='bbox 1555 1451 1673 1538; x_wconf 83' lang='lat' dir='ltr'><strong>itaque</strong></span> 
     </span>
     <span class='ocr_line' id='line_1_9' title="bbox 338 1553 1673 1644; baseline -0.002 -21"><span class='ocrx_word' id='word_1_85' title='bbox 338 1567 426 1624; x_wconf 63' lang='lat' dir='ltr'><strong>uode</strong></span> <span class='ocrx_word' id='word_1_86' title='bbox 443 1557 570 1622; x_wconf 86' lang='lat' dir='ltr'><strong>fecistis</strong></span> <span class='ocrx_word' id='word_1_87' title='bbox 601 1555 688 1644; x_wconf 83' lang='lat' dir='ltr'><strong>quod</strong></span> <span class='ocrx_word' id='word_1_88' title='bbox 710 1555 744 1622; x_wconf 90' lang='lat' dir='ltr'><strong>id</strong></span> <span class='ocrx_word' id='word_1_89' title='bbox 765 1555 885 1622; x_wconf 85' lang='lat' dir='ltr'><strong>facturn</strong></span> <span class='ocrx_word' id='word_1_90' title='bbox 908 1553 1052 1622; x_wconf 86' lang='lat' dir='ltr'><strong>modeste</strong></span> <span class='ocrx_word' id='word_1_91' title='bbox 1078 1554 1165 1642; x_wconf 87' lang='lat' dir='ltr'><strong>apud</strong></span> <span class='ocrx_word' id='word_1_92' title='bbox 1188 1555 1246 1620; x_wconf 69' lang='lat'><strong>1³⁴⁸·</strong></span> <span class='ocrx_word' id='word_1_93' title='bbox 1270 1577 1384 1620; x_wconf 80' lang='lat' dir='ltr'><strong>eormu</strong></span> <span class='ocrx_word' id='word_1_94' title='bbox 1405 1555 1475 1619; x_wconf 57' lang='grc' dir='ltr'><strong>ΒΜ·</strong></span> <span class='ocrx_word' id='word_1_95' title='bbox 1497 1559 1673 1644; x_wconf 86' lang='lat' dir='ltr'><strong>conquesti</strong></span> 
     </span>
     <span class='ocr_line' id='line_1_10' title="bbox 337 1657 1672 1747; baseline -0.001 -21"><span class='ocrx_word' id='word_1_96' title='bbox 337 1661 415 1726; x_wconf 86' lang='lat' dir='ltr'><strong>sitis.</strong></span> <span class='ocrx_word' id='word_1_97' title='bbox 438 1681 544 1747; x_wconf 86' lang='lat' dir='ltr'><strong>nsque</strong></span> <span class='ocrx_word' id='word_1_98' title='bbox 566 1659 711 1746; x_wconf 84' lang='lat' dir='ltr'><strong>profecto</strong></span> <span class='ocrx_word' id='word_1_99' title='bbox 733 1658 821 1722; x_wconf 77' lang='lat' dir='ltr'><strong>ualet</strong></span> <span class='ocrx_word' id='word_1_100' title='bbox 840 1659 929 1745; x_wconf 83' lang='lat' dir='ltr'><strong>quud</strong></span> <span class='ocrx_word' id='word_1_101' title='bbox 952 1658 1049 1722; x_wconf 88' lang='lat' dir='ltr'><strong>iidem</strong></span> <span class='ocrx_word' id='word_1_102' title='bbox 1072 1658 1128 1724; x_wconf 65' lang='lat' dir='ltr'><strong>R⁸¹</strong></span> <span class='ocrx_word' id='word_1_103' title='bbox 1151 1658 1249 1744; x_wconf 87' lang='lat' dir='ltr'><strong>legati</strong></span> <span class='ocrx_word' id='word_1_104' title='bbox 1270 1657 1507 1743; x_wconf 81' lang='lat' dir='ltr'><strong>responderunt</strong></span> <span class='ocrx_word' id='word_1_105' title='bbox 1527 1679 1601 1724; x_wconf 81' lang='lat' dir='ltr'><strong>rem</strong></span> <span class='ocrx_word' id='word_1_106' title='bbox 1618 1683 1672 1724; x_wconf 88' lang='lat' dir='ltr'><strong>ne·</strong></span> 
     </span>
     <span class='ocr_line' id='line_1_11' title="bbox 337 1757 1672 1848; baseline -0.001 -20"><span class='ocrx_word' id='word_1_107' title='bbox 337 1763 479 1828; x_wconf 64' lang='lat' dir='ltr'><strong>cacano</strong></span> <span class='ocrx_word' id='word_1_108' title='bbox 512 1760 555 1827; x_wconf 91' lang='lat' dir='ltr'><strong>ad</strong></span> <span class='ocrx_word' id='word_1_109' title='bbox 578 1760 642 1828; x_wconf 50' lang='grc' dir='ltr'><strong>ΒΨ</strong></span> <span class='ocrx_word' id='word_1_110' title='bbox 676 1760 708 1827; x_wconf 80' lang='lat' dir='ltr'><strong>S.</strong></span> <span class='ocrx_word' id='word_1_111' title='bbox 735 1759 938 1826; x_wconf 74' lang='lat' dir='ltr'><strong>referendam</strong></span> <span class='ocrx_word' id='word_1_112' title='bbox 970 1760 1069 1826; x_wconf 81' lang='lat' dir='ltr'><strong>fuisse</strong></span> <span class='ocrx_word' id='word_1_113' title='bbox 1101 1770 1256 1848; x_wconf 87' lang='lat' dir='ltr'><strong>tanquam</strong></span> <span class='ocrx_word' id='word_1_114' title='bbox 1290 1757 1332 1825; x_wconf 91' lang='lat' dir='ltr'><strong>ad</strong></span> <span class='ocrx_word' id='word_1_115' title='bbox 1353 1769 1516 1826; x_wconf 76' lang='lat' dir='ltr'><strong>auctorem</strong></span> <span class='ocrx_word' id='word_1_116' title='bbox 1549 1761 1672 1844; x_wconf 79' lang='lat' dir='ltr'><strong>bullae,</strong></span> 
     </span>
     <span class='ocr_line' id='line_1_12' title="bbox 338 1861 1671 1956; baseline -0.003 -24"><span class='ocrx_word' id='word_1_117' title='bbox 338 1867 488 1956; x_wconf 90' lang='lat' dir='ltr'><strong>quoniam</strong></span> <span class='ocrx_word' id='word_1_118' title='bbox 514 1863 591 1932; x_wconf 88' lang='lat' dir='ltr'><strong>licet</strong></span> <span class='ocrx_word' id='word_1_119' title='bbox 618 1865 681 1952; x_wconf 87' lang='lat' dir='ltr'><strong>ipsi</strong></span> <span class='ocrx_word' id='word_1_120' title='bbox 704 1863 814 1932; x_wconf 86' lang='lat' dir='ltr'><strong>dicunt</strong></span> <span class='ocrx_word' id='word_1_121' title='bbox 835 1867 996 1930; x_wconf 89' lang='lat' dir='ltr'><strong>neminem</strong></span> <span class='ocrx_word' id='word_1_122' title='bbox 1018 1867 1136 1930; x_wconf 90' lang='lat' dir='ltr'><strong>rectius</strong></span> <span class='ocrx_word' id='word_1_123' title='bbox 1157 1861 1266 1931; x_wconf 89' lang='lat' dir='ltr'><strong>bullae</strong></span> <span class='ocrx_word' id='word_1_124' title='bbox 1289 1863 1514 1932; x_wconf 78' lang='lat' dir='ltr'><strong>obscuritatem</strong></span> <span class='ocrx_word' id='word_1_125' title='bbox 1544 1874 1579 1930; x_wconf 90' lang='lat' dir='ltr'><strong>et</strong></span> <span class='ocrx_word' id='word_1_126' title='bbox 1603 1887 1671 1930; x_wconf 90' lang='lat' dir='ltr'><strong>am-</strong></span> 
     </span>
     <span class='ocr_line' id='line_1_13' title="bbox 337 1963 1669 2057; baseline -0.002 -21"><span class='ocrx_word' id='word_1_127' title='bbox 337 1967 527 2056; x_wconf 87' lang='lat' dir='ltr'><strong>biguitatem</strong></span> <span class='ocrx_word' id='word_1_128' title='bbox 551 1963 715 2056; x_wconf 70' lang='lat' dir='ltr'><strong>explicare</strong></span> <span class='ocrx_word' id='word_1_129' title='bbox 738 1979 771 2034; x_wconf 89' lang='lat' dir='ltr'><strong>et</strong></span> <span class='ocrx_word' id='word_1_130' title='bbox 793 1963 998 2034; x_wconf 88' lang='lat' dir='ltr'><strong>difficultates</strong></span> <span class='ocrx_word' id='word_1_131' title='bbox 1014 1967 1126 2036; x_wconf 83' lang='lat' dir='ltr'><strong>tollere</strong></span> <span class='ocrx_word' id='word_1_132' title='bbox 1142 1991 1246 2056; x_wconf 81' lang='lat' dir='ltr'><strong>posse,</strong></span> <span class='ocrx_word' id='word_1_133' title='bbox 1270 1992 1367 2057; x_wconf 84' lang='lat' dir='ltr'><strong>quarn</strong></span> <span class='ocrx_word' id='word_1_134' title='bbox 1382 1967 1470 2034; x_wconf 88' lang='lat' dir='ltr'><strong>illum</strong></span> <span class='ocrx_word' id='word_1_135' title='bbox 1487 1970 1597 2056; x_wconf 90' lang='lat' dir='ltr'><strong>ipsum</strong></span> <span class='ocrx_word' id='word_1_136' title='bbox 1615 1971 1669 2056; x_wconf 94' lang='lat' dir='ltr'><strong>qui</strong></span> 
     </span>
     <span class='ocr_line' id='line_1_14' title="bbox 338 2071 1670 2162; baseline 0 -26"><span class='ocrx_word' id='word_1_137' title='bbox 338 2071 459 2138; x_wconf 84' lang='lat' dir='ltr'><strong>bullam</strong></span> <span class='ocrx_word' id='word_1_138' title='bbox 481 2072 550 2138; x_wconf 87' lang='lat' dir='ltr'><strong>lieri</strong></span> <span class='ocrx_word' id='word_1_139' title='bbox 573 2073 675 2154; x_wconf 88' lang='lat' dir='ltr'><strong>iussit,</strong></span> <span class='ocrx_word' id='word_1_140' title='bbox 704 2071 739 2136; x_wconf 89' lang='lat' dir='ltr'><strong>id</strong></span> <span class='ocrx_word' id='word_1_141' title='bbox 761 2082 868 2140; x_wconf 73' lang='lat' dir='ltr'><strong>minen</strong></span> <span class='ocrx_word' id='word_1_142' title='bbox 891 2073 924 2138; x_wconf 89' lang='lat' dir='ltr'><strong>in</strong></span> <span class='ocrx_word' id='word_1_143' title='bbox 946 2071 1007 2140; x_wconf 87' lang='lat' dir='ltr'><strong>hoc</strong></span> <span class='ocrx_word' id='word_1_144' title='bbox 1030 2095 1107 2138; x_wconf 89' lang='lat' dir='ltr'><strong>casu</strong></span> <span class='ocrx_word' id='word_1_145' title='bbox 1130 2095 1196 2162; x_wconf 87' lang='lat' dir='ltr'><strong>quo</strong></span> <span class='ocrx_word' id='word_1_146' title='bbox 1219 2095 1271 2138; x_wconf 87' lang='lat' dir='ltr'><strong>ree</strong></span> <span class='ocrx_word' id='word_1_147' title='bbox 1302 2095 1366 2140; x_wconf 87' lang='lat' dir='ltr'><strong>non</strong></span> <span class='ocrx_word' id='word_1_148' title='bbox 1389 2082 1438 2138; x_wconf 87' lang='lat' dir='ltr'><strong>est</strong></span> <span class='ocrx_word' id='word_1_149' title='bbox 1458 2072 1601 2158; x_wconf 67' lang='lat' dir='ltr'><strong>amulius</strong></span> <span class='ocrx_word' id='word_1_150' title='bbox 1626 2075 1670 2136; x_wconf 91' lang='lat' dir='ltr'><strong>in-</strong></span> 
     </span>
     <span class='ocr_line' id='line_1_15' title="bbox 337 2175 1668 2263; baseline 0.002 -23"><span class='ocrx_word' id='word_1_151' title='bbox 337 2187 439 2262; x_wconf 83' lang='lat' dir='ltr'><strong>tegra,</strong></span> <span class='ocrx_word' id='word_1_152' title='bbox 452 2175 558 2244; x_wconf 73' lang='lat' dir='ltr'><strong>noun</strong></span> <span class='ocrx_word' id='word_1_153' title='bbox 570 2198 635 2240; x_wconf 90' lang='lat' dir='ltr'><strong>nou</strong></span> <span class='ocrx_word' id='word_1_154' title='bbox 646 2175 752 2240; x_wconf 55' lang='lat' dir='ltr'><strong>boba</strong></span> <span class='ocrx_word' id='word_1_155' title='bbox 768 2197 842 2240; x_wconf 86' lang='lat' dir='ltr'><strong>cum</strong></span> <span class='ocrx_word' id='word_1_156' title='bbox 853 2176 939 2240; x_wconf 88' lang='lat' dir='ltr'><strong>enim</strong></span> <span class='ocrx_word' id='word_1_157' title='bbox 952 2175 1125 2241; x_wconf 68' lang='lat' dir='ltr'><strong>condilum</strong></span> <span class='ocrx_word' id='word_1_158' title='bbox 1138 2197 1239 2263; x_wconf 80' lang='lat' dir='ltr'><strong>cuper</strong></span> <span class='ocrx_word' id='word_1_159' title='bbox 1253 2186 1364 2242; x_wconf 69' lang='lat' dir='ltr'><strong>mucre</strong></span> <span class='ocrx_word' id='word_1_160' title='bbox 1379 2179 1470 2242; x_wconf 78' lang='lat' dir='ltr'><strong>istius</strong></span> <span class='ocrx_word' id='word_1_161' title='bbox 1484 2176 1597 2242; x_wconf 84' lang='lat' dir='ltr'><strong>bullae</strong></span> <span class='ocrx_word' id='word_1_162' title='bbox 1612 2226 1621 2241; x_wconf 86' lang='lat'><strong>.</strong></span> <span class='ocrx_word' id='word_1_163' title='bbox 1638 2227 1645 2238; x_wconf 91' lang='lat'><strong>.</strong></span> <span class='ocrx_word' id='word_1_164' title='bbox 1661 2229 1668 2242; x_wconf 94' lang='lat'><strong>.</strong></span> 
     </span>
     <span class='ocr_line' id='line_1_16' title="bbox 337 2273 1667 2366; baseline 0.002 -24"><span class='ocrx_word' id='word_1_165' title='bbox 337 2274 401 2343; x_wconf 88' lang='lat' dir='ltr'><strong>iam</strong></span> <span class='ocrx_word' id='word_1_166' title='bbox 425 2279 547 2344; x_wconf 85' lang='lat' dir='ltr'><strong>dudum</strong></span> <span class='ocrx_word' id='word_1_167' title='bbox 561 2278 658 2343; x_wconf 73' lang='lat' dir='ltr'><strong>fuant</strong></span> <span class='ocrx_word' id='word_1_168' title='bbox 671 2273 856 2344; x_wconf 86' lang='lat' dir='ltr'><strong>inchoatum</strong></span> <span class='ocrx_word' id='word_1_169' title='bbox 873 2287 905 2344; x_wconf 90' lang='lat' dir='ltr'><strong>et</strong></span> <span class='ocrx_word' id='word_1_170' title='bbox 920 2277 1101 2343; x_wconf 83' lang='lat' dir='ltr'><strong>celebratae</strong></span> <span class='ocrx_word' id='word_1_171' title='bbox 1123 2277 1231 2365; x_wconf 74' lang='lat' dir='ltr'><strong>planes</strong></span> <span class='ocrx_word' id='word_1_172' title='bbox 1252 2282 1521 2366; x_wconf 72' lang='lat' dir='ltr'><strong>congregationes</strong></span> <span class='ocrx_word' id='word_1_173' title='bbox 1545 2289 1580 2345; x_wconf 85' lang='lat' dir='ltr'><strong>et</strong></span> <span class='ocrx_word' id='word_1_174' title='bbox 1603 2303 1667 2346; x_wconf 89' lang='lat' dir='ltr'><strong>ses·</strong></span> 
     </span>
     <span class='ocr_line' id='line_1_17' title="bbox 337 2379 1665 2471; baseline 0.002 -25"><span class='ocrx_word' id='word_1_175' title='bbox 337 2381 459 2462; x_wconf 85' lang='lat' dir='ltr'><strong>sinnas,</strong></span> <span class='ocrx_word' id='word_1_176' title='bbox 494 2379 742 2448; x_wconf 81' lang='lat' dir='ltr'><strong>continuationis</strong></span> <span class='ocrx_word' id='word_1_177' title='bbox 772 2383 931 2447; x_wconf 87' lang='lat' dir='ltr'><strong>mentione</strong></span> <span class='ocrx_word' id='word_1_178' title='bbox 959 2379 1085 2447; x_wconf 87' lang='lat' dir='ltr'><strong>silentio</strong></span> <span class='ocrx_word' id='word_1_179' title='bbox 1115 2383 1305 2469; x_wconf 81' lang='lat' dir='ltr'><strong>praeterita,</strong></span> <span class='ocrx_word' id='word_1_180' title='bbox 1338 2406 1402 2449; x_wconf 90' lang='lat' dir='ltr'><strong>non</strong></span> <span class='ocrx_word' id='word_1_181' title='bbox 1424 2382 1548 2471; x_wconf 87' lang='lat' dir='ltr'><strong>absque</strong></span> <span class='ocrx_word' id='word_1_182' title='bbox 1573 2386 1665 2470; x_wconf 81' lang='lat' dir='ltr'><strong>gravi</strong></span> 
     </span>
     <span class='ocr_line' id='line_1_18' title="bbox 297 2481 1665 2572; baseline -0.001 -20"><span class='ocrx_word' id='word_1_183' title='bbox 297 2513 302 2524; x_wconf 92' lang='lat'><strong>·</strong></span> <span class='ocrx_word' id='word_1_184' title='bbox 337 2511 437 2558; x_wconf 87' lang='lat' dir='ltr'><strong>causa</strong></span> <span class='ocrx_word' id='word_1_185' title='bbox 466 2487 500 2554; x_wconf 92' lang='lat' dir='ltr'><strong>in</strong></span> <span class='ocrx_word' id='word_1_186' title='bbox 522 2486 655 2555; x_wconf 90' lang='lat' dir='ltr'><strong>dubium</strong></span> <span class='ocrx_word' id='word_1_187' title='bbox 677 2497 821 2570; x_wconf 75' lang='lat' dir='ltr'><strong>vocabu,</strong></span> <span class='ocrx_word' id='word_1_188' title='bbox 852 2509 893 2568; x_wconf 83' lang='lat' dir='ltr'><strong>au</strong></span> <span class='ocrx_word' id='word_1_189' title='bbox 916 2483 972 2552; x_wconf 67' lang='grc' dir='ltr'><strong>δ”·</strong></span> <span class='ocrx_word' id='word_1_190' title='bbox 995 2483 1027 2552; x_wconf 85' lang='lat' dir='ltr'><strong>S.</strong></span> <span class='ocrx_word' id='word_1_191' title='bbox 1047 2495 1243 2572; x_wconf 77' lang='lat' dir='ltr'><strong>potestatem</strong></span> <span class='ocrx_word' id='word_1_192' title='bbox 1273 2497 1305 2552; x_wconf 90' lang='lat' dir='ltr'><strong>et</strong></span> <span class='ocrx_word' id='word_1_193' title='bbox 1326 2481 1510 2552; x_wconf 81' lang='lat' dir='ltr'><strong>facultatem</strong></span> <span class='ocrx_word' id='word_1_194' title='bbox 1533 2486 1665 2566; x_wconf 90' lang='lat' dir='ltr'><strong>habeat,</strong></span> 
     </span>
     <span class='ocr_line' id='line_1_19' title="bbox 335 2587 1664 2678; baseline -0.003 -20"><span class='ocrx_word' id='word_1_195' title='bbox 335 2589 472 2658; x_wconf 80' lang='lat' dir='ltr'><strong>dauon</strong></span> <span class='ocrx_word' id='word_1_196' title='bbox 495 2589 631 2658; x_wconf 73' lang='lat' dir='ltr'><strong>coamlio</strong></span> <span class='ocrx_word' id='word_1_197' title='bbox 667 2592 735 2658; x_wconf 88' lang='lat' dir='ltr'><strong>sine</strong></span> <span class='ocrx_word' id='word_1_198' title='bbox 755 2593 857 2678; x_wconf 84' lang='lat' dir='ltr'><strong>ipsius</strong></span> <span class='ocrx_word' id='word_1_199' title='bbox 881 2588 1008 2656; x_wconf 74' lang='lat' dir='ltr'><strong>canolii</strong></span> <span class='ocrx_word' id='word_1_200' title='bbox 1027 2591 1203 2656; x_wconf 54' lang='lat' dir='ltr'><strong>annotata</strong></span> <span class='ocrx_word' id='word_1_201' title='bbox 1225 2587 1347 2656; x_wconf 86' lang='lat' dir='ltr'><strong>bullam</strong></span> <span class='ocrx_word' id='word_1_202' title='bbox 1380 2591 1413 2656; x_wconf 87' lang='lat' dir='ltr'><strong>in</strong></span> <span class='ocrx_word' id='word_1_203' title='bbox 1436 2613 1509 2670; x_wconf 85' lang='lat' dir='ltr'><strong>eum</strong></span> <span class='ocrx_word' id='word_1_204' title='bbox 1529 2612 1664 2656; x_wconf 84' lang='lat' dir='ltr'><strong>sensum</strong></span> 
     </span>
     <span class='ocr_line' id='line_1_20' title="bbox 337 2693 1662 2782; baseline -0.001 -22"><span class='ocrx_word' id='word_1_205' title='bbox 337 2695 391 2782; x_wconf 91' lang='lat' dir='ltr'><strong>qui</strong></span> <span class='ocrx_word' id='word_1_206' title='bbox 414 2697 476 2782; x_wconf 75' lang='lat' dir='ltr'><strong>ipsi</strong></span> <span class='ocrx_word' id='word_1_207' title='bbox 495 2695 626 2760; x_wconf 74' lang='lat' dir='ltr'><strong>umrdlii</strong></span> <span class='ocrx_word' id='word_1_208' title='bbox 649 2696 867 2782; x_wconf 76' lang='lat' dir='ltr'><strong>progressioni</strong></span> <span class='ocrx_word' id='word_1_209' title='bbox 887 2694 1034 2760; x_wconf 84' lang='lat' dir='ltr'><strong>nonnihil</strong></span> <span class='ocrx_word' id='word_1_210' title='bbox 1057 2693 1283 2759; x_wconf 74' lang='lat' dir='ltr'><strong>adsumeretur</strong></span> <span class='ocrx_word' id='word_1_211' title='bbox 1293 2693 1494 2760; x_wconf 83' lang='lat' dir='ltr'><strong>declarandi.</strong></span> <span class='ocrx_word' id='word_1_212' title='bbox 1517 2693 1577 2758; x_wconf 85' lang='lat' dir='ltr'><strong>sed</strong></span> <span class='ocrx_word' id='word_1_213' title='bbox 1593 2703 1662 2759; x_wconf 87' lang='lat' dir='ltr'><strong>esto</strong></span> 
     </span>
     <span class='ocr_line' id='line_1_21' title="bbox 336 2794 1721 2886; baseline -0.002 -23"><span class='ocrx_word' id='word_1_214' title='bbox 336 2797 426 2885; x_wconf 82' lang='lat' dir='ltr'><strong>quod</strong></span> <span class='ocrx_word' id='word_1_215' title='bbox 444 2814 548 2886; x_wconf 72' lang='lat' dir='ltr'><strong>‘penes</strong></span> <span class='ocrx_word' id='word_1_216' title='bbox 571 2799 637 2864; x_wconf 45' lang='grc' dir='ltr'><strong>ΒΨ</strong></span> <span class='ocrx_word' id='word_1_217' title='bbox 656 2796 692 2863; x_wconf 80' lang='lat' dir='ltr'><strong>S.</strong></span> <span class='ocrx_word' id='word_1_218' title='bbox 716 2800 758 2862; x_wconf 88' lang='lat' dir='ltr'><strong>sit</strong></span> <span class='ocrx_word' id='word_1_219' title='bbox 777 2816 819 2862; x_wconf 79' lang='lat' dir='ltr'><strong>&#39;ea</strong></span> <span class='ocrx_word' id='word_1_220' title='bbox 840 2796 997 2863; x_wconf 82' lang='lat' dir='ltr'><strong>autoritas</strong></span> <span class='ocrx_word' id='word_1_221' title='bbox 1017 2805 1052 2863; x_wconf 84' lang='lat' dir='ltr'><strong>&#39;et</strong></span> <span class='ocrx_word' id='word_1_222' title='bbox 1071 2794 1221 2863; x_wconf 85' lang='lat' dir='ltr'><strong>absoluta</strong></span> <span class='ocrx_word' id='word_1_223' title='bbox 1242 2805 1395 2884; x_wconf 85' lang='lat' dir='ltr'><strong>potestas,</strong></span> <span class='ocrx_word' id='word_1_224' title='bbox 1428 2807 1536 2862; x_wconf 87' lang='lat' dir='ltr'><strong>tamen</strong></span> <span class='ocrx_word' id='word_1_225' title='bbox 1565 2795 1664 2862; x_wconf 49' lang='grc' dir='ltr'><strong>ΘΝΕ.</strong></span> <span class='ocrx_word' id='word_1_226' title='bbox 1720 2829 1721 2860; x_wconf 80' lang='grc' dir='ltr'>ι</span> 
     </span>
     <span class='ocr_line' id='line_1_22' title="bbox 339 2897 1666 2990; baseline -0.002 -24"><span class='ocrx_word' id='word_1_227' title='bbox 339 2924 403 2987; x_wconf 89' lang='lat' dir='ltr'><strong>non</strong></span> <span class='ocrx_word' id='word_1_228' title='bbox 427 2899 560 2967; x_wconf 85' lang='lat' dir='ltr'><strong>deberet</strong></span> <span class='ocrx_word' id='word_1_229' title='bbox 581 2901 689 2967; x_wconf 86' lang='lat' dir='ltr'><strong>facere</strong></span> <span class='ocrx_word' id='word_1_230' title='bbox 719 2897 817 2965; x_wconf 90' lang='lat' dir='ltr'><strong>ullam</strong></span> <span class='ocrx_word' id='word_1_231' title='bbox 840 2899 1090 2966; x_wconf 72' lang='lat' dir='ltr'><strong>declarationem</strong></span> <span class='ocrx_word' id='word_1_232' title='bbox 1116 2924 1295 2990; x_wconf 87' lang='lat' dir='ltr'><strong>perquam</strong></span> <span class='ocrx_word' id='word_1_233' title='bbox 1318 2923 1507 2988; x_wconf 87' lang='lat' dir='ltr'><strong>progressus</strong></span> <span class='ocrx_word' id='word_1_234' title='bbox 1537 2900 1666 2966; x_wconf 89' lang='lat' dir='ltr'><strong>concilii</strong></span> 
     </span>
     <span class='ocr_line' id='line_1_23' title="bbox 333 3001 1664 3092; baseline -0.003 -20"><span class='ocrx_word' id='word_1_235' title='bbox 333 3006 482 3091; x_wconf 77' lang='lat' dir='ltr'><strong>protinus</strong></span> <span class='ocrx_word' id='word_1_236' title='bbox 504 3001 700 3092; x_wconf 88' lang='lat' dir='ltr'><strong>impediatur</strong></span> <span class='ocrx_word' id='word_1_237' title='bbox 722 3015 754 3070; x_wconf 93' lang='lat' dir='ltr'><strong>et</strong></span> <span class='ocrx_word' id='word_1_238' title='bbox 776 3003 1004 3092; x_wconf 88' lang='lat' dir='ltr'><strong>disrumpatur,</strong></span> <span class='ocrx_word' id='word_1_239' title='bbox 1028 3003 1131 3092; x_wconf 88' lang='lat' dir='ltr'><strong>qualis</strong></span> <span class='ocrx_word' id='word_1_240' title='bbox 1152 3015 1240 3070; x_wconf 89' lang='lat' dir='ltr'><strong>certe</strong></span> <span class='ocrx_word' id='word_1_241' title='bbox 1262 3003 1370 3070; x_wconf 85' lang='lat' dir='ltr'><strong>futura</strong></span> <span class='ocrx_word' id='word_1_242' title='bbox 1386 3014 1471 3070; x_wconf 89' lang='lat' dir='ltr'><strong>esset</strong></span> <span class='ocrx_word' id='word_1_243' title='bbox 1487 3003 1664 3070; x_wconf 83' lang='lat' dir='ltr'><strong>declaratio</strong></span> 
     </span>
     <span class='ocr_line' id='line_1_24' title="bbox 337 3107 1661 3197; baseline -0.001 -23"><span class='ocrx_word' id='word_1_244' title='bbox 337 3131 420 3195; x_wconf 84' lang='lat' dir='ltr'><strong>quae</strong></span> <span class='ocrx_word' id='word_1_245' title='bbox 450 3110 512 3176; x_wconf 84' lang='lat' dir='ltr'><strong>iam</strong></span> <span class='ocrx_word' id='word_1_246' title='bbox 534 3109 643 3174; x_wconf 86' lang='lat' dir='ltr'><strong>statim</strong></span> <span class='ocrx_word' id='word_1_247' title='bbox 665 3131 852 3197; x_wconf 71' lang='lat' dir='ltr'><strong>sumamma</strong></span> <span class='ocrx_word' id='word_1_248' title='bbox 876 3107 1122 3174; x_wconf 80' lang='lat' dir='ltr'><strong>continuationis</strong></span> <span class='ocrx_word' id='word_1_249' title='bbox 1145 3109 1338 3176; x_wconf 78' lang='lat' dir='ltr'><strong>inantionans</strong></span> <span class='ocrx_word' id='word_1_250' title='bbox 1359 3108 1504 3195; x_wconf 67' lang='lat' dir='ltr'><strong>proferre</strong></span> <span class='ocrx_word' id='word_1_251' title='bbox 1526 3109 1661 3190; x_wconf 80' lang='lat' dir='ltr'><strong>iuberet,</strong></span> 
     </span>
     <span class='ocr_line' id='line_1_25' title="bbox 335 3211 1664 3300; baseline 0 -24"><span class='ocrx_word' id='word_1_252' title='bbox 335 3230 436 3276; x_wconf 65' lang='lat' dir='ltr'><strong>cum„</strong></span> <span class='ocrx_word' id='word_1_253' title='bbox 452 3258 484 3278; x_wconf 91' lang='lat'><strong>..</strong></span> <span class='ocrx_word' id='word_1_254' title='bbox 507 3211 586 3276; x_wconf 89' lang='lat' dir='ltr'><strong>nihil</strong></span> <span class='ocrx_word' id='word_1_255' title='bbox 610 3215 727 3278; x_wconf 74' lang='lat' dir='ltr'><strong>cordus</strong></span> <span class='ocrx_word' id='word_1_256' title='bbox 751 3211 860 3298; x_wconf 77' lang='lat' dir='ltr'><strong>colligi</strong></span> <span class='ocrx_word' id='word_1_257' title='bbox 883 3221 980 3299; x_wconf 84' lang='lat' dir='ltr'><strong>queat</strong></span> <span class='ocrx_word' id='word_1_258' title='bbox 1003 3234 1099 3299; x_wconf 85' lang='lat' dir='ltr'><strong>quam</strong></span> <span class='ocrx_word' id='word_1_259' title='bbox 1116 3212 1203 3278; x_wconf 66' lang='lat' dir='ltr'><strong>bota</strong></span> <span class='ocrx_word' id='word_1_260' title='bbox 1222 3233 1311 3278; x_wconf 87' lang='lat' dir='ltr'><strong>nunc</strong></span> <span class='ocrx_word' id='word_1_261' title='bbox 1325 3233 1481 3300; x_wconf 65' lang='lat' dir='ltr'><strong>maressa</strong></span> <span class='ocrx_word' id='word_1_262' title='bbox 1492 3215 1664 3278; x_wconf 83' lang='lat' dir='ltr'><strong>continua·</strong></span> 
     </span>
     <span class='ocr_line' id='line_1_26' title="bbox 335 3314 1254 3403; baseline -0.001 -24"><span class='ocrx_word' id='word_1_263' title='bbox 335 3315 434 3380; x_wconf 74' lang='lat' dir='ltr'><strong>timuis</strong></span> <span class='ocrx_word' id='word_1_264' title='bbox 457 3315 618 3381; x_wconf 86' lang='lat' dir='ltr'><strong>mentione</strong></span> <span class='ocrx_word' id='word_1_265' title='bbox 641 3314 681 3380; x_wconf 90' lang='lat' dir='ltr'><strong>de</strong></span> <span class='ocrx_word' id='word_1_266' title='bbox 701 3316 837 3381; x_wconf 83' lang='lat' dir='ltr'><strong>concilio</strong></span> <span class='ocrx_word' id='word_1_267' title='bbox 857 3314 956 3403; x_wconf 86' lang='lat' dir='ltr'><strong>plane</strong></span> <span class='ocrx_word' id='word_1_268' title='bbox 979 3323 1087 3379; x_wconf 85' lang='lat' dir='ltr'><strong>actum</strong></span> <span class='ocrx_word' id='word_1_269' title='bbox 1110 3337 1181 3380; x_wconf 88' lang='lat' dir='ltr'><strong>esse</strong></span> <span class='ocrx_word' id='word_1_270' title='bbox 1198 3365 1205 3379; x_wconf 92' lang='lat'><strong>.</strong></span> <span class='ocrx_word' id='word_1_271' title='bbox 1223 3365 1254 3379; x_wconf 92' lang='lat'><strong>..</strong></span> 
     </span>
    </p>

    <p class='ocr_par' dir='ltr' id='par_1_3' title="bbox 334 3414 1661 3714">
     <span class='ocr_line' id='line_1_27' title="bbox 439 3414 1661 3508; baseline -0.004 -23"><span class='ocrx_word' id='word_1_272' title='bbox 439 3417 548 3504; x_wconf 79' lang='lat' dir='ltr'><strong>Quare</strong></span> <span class='ocrx_word' id='word_1_273' title='bbox 572 3417 730 3508; x_wconf 90' lang='lat' dir='ltr'><strong>siquando</strong></span> <span class='ocrx_word' id='word_1_274' title='bbox 754 3416 808 3483; x_wconf 66' lang='lat' dir='ltr'><strong>ltul</strong></span> <span class='ocrx_word' id='word_1_275' title='bbox 830 3417 928 3506; x_wconf 89' lang='lat' dir='ltr'><strong>legati</strong></span> <span class='ocrx_word' id='word_1_276' title='bbox 958 3417 1019 3484; x_wconf 89' lang='lat' dir='ltr'><strong>hoc</strong></span> <span class='ocrx_word' id='word_1_277' title='bbox 1041 3419 1161 3484; x_wconf 88' lang='lat' dir='ltr'><strong>factum</strong></span> <span class='ocrx_word' id='word_1_278' title='bbox 1191 3414 1324 3506; x_wconf 82' lang='lat' dir='ltr'><strong>[Recurs</strong></span> <span class='ocrx_word' id='word_1_279' title='bbox 1347 3442 1388 3482; x_wconf 90' lang='lat' dir='ltr'><strong>an</strong></span> <span class='ocrx_word' id='word_1_280' title='bbox 1411 3418 1470 3483; x_wconf 91' lang='lat' dir='ltr'><strong>den</strong></span> <span class='ocrx_word' id='word_1_281' title='bbox 1495 3417 1608 3506; x_wconf 85' lang='lat' dir='ltr'><strong>Papst]</strong></span> <span class='ocrx_word' id='word_1_282' title='bbox 1632 3420 1661 3481; x_wconf 93' lang='lat' dir='ltr'><strong>io</strong></span> 
     </span>
     <span class='ocr_line' id='line_1_28' title="bbox 334 3521 1661 3612; baseline -0.006 -20"><span class='ocrx_word' id='word_1_283' title='bbox 334 3533 503 3612; x_wconf 68' lang='lat' dir='ltr'><strong>qrosmrum</strong></span> <span class='ocrx_word' id='word_1_284' title='bbox 519 3546 647 3611; x_wconf 89' lang='lat' dir='ltr'><strong>quoque</strong></span> <span class='ocrx_word' id='word_1_285' title='bbox 669 3521 831 3588; x_wconf 89' lang='lat' dir='ltr'><strong>mordicus</strong></span> <span class='ocrx_word' id='word_1_286' title='bbox 846 3521 1018 3590; x_wconf 85' lang='lat' dir='ltr'><strong>defendere</strong></span> <span class='ocrx_word' id='word_1_287' title='bbox 1033 3525 1218 3604; x_wconf 84' lang='lat' dir='ltr'><strong>niterentur,</strong></span> <span class='ocrx_word' id='word_1_288' title='bbox 1247 3523 1342 3588; x_wconf 87' lang='lat' dir='ltr'><strong>facile</strong></span> <span class='ocrx_word' id='word_1_289' title='bbox 1364 3521 1456 3588; x_wconf 92' lang='lat' dir='ltr'><strong>vobis</strong></span> <span class='ocrx_word' id='word_1_290' title='bbox 1480 3523 1538 3586; x_wconf 89' lang='lat' dir='ltr'><strong>erit</strong></span> <span class='ocrx_word' id='word_1_291' title='bbox 1561 3523 1661 3588; x_wconf 81' lang='lat' dir='ltr'><strong>inteo-</strong></span> 
     </span>
     <span class='ocr_line' id='line_1_29' title="bbox 339 3625 1460 3714; baseline -0.001 -21"><span class='ocrx_word' id='word_1_292' title='bbox 339 3630 459 3694; x_wconf 88' lang='lat' dir='ltr'><strong>tionem</strong></span> <span class='ocrx_word' id='word_1_293' title='bbox 481 3629 623 3714; x_wconf 91' lang='lat' dir='ltr'><strong>ipsorum</strong></span> <span class='ocrx_word' id='word_1_294' title='bbox 647 3626 696 3690; x_wconf 88' lang='lat' dir='ltr'><strong>his</strong></span> <span class='ocrx_word' id='word_1_295' title='bbox 720 3636 752 3692; x_wconf 88' lang='lat' dir='ltr'><strong>et</strong></span> <span class='ocrx_word' id='word_1_296' title='bbox 774 3625 843 3691; x_wconf 88' lang='lat' dir='ltr'><strong>aliis</strong></span> <span class='ocrx_word' id='word_1_297' title='bbox 867 3626 990 3692; x_wconf 90' lang='lat' dir='ltr'><strong>idoneis</strong></span> <span class='ocrx_word' id='word_1_298' title='bbox 1014 3629 1282 3714; x_wconf 86' lang='lat' dir='ltr'><strong>argumentis...</strong></span> <span class='ocrx_word' id='word_1_299' title='bbox 1306 3627 1460 3692; x_wconf 81' lang='lat' dir='ltr'><strong>refutare.</strong></span> 
     </span>
    </p>

    <p class='ocr_par' dir='ltr' id='par_1_4' title="bbox 335 3729 1660 4441">
     <span class='ocr_line' id='line_1_30' title="bbox 442 3729 1660 3818; baseline -0.002 -23"><span class='ocrx_word' id='word_1_300' title='bbox 442 3730 614 3796; x_wconf 82' lang='lat' dir='ltr'><strong>Praeterea</strong></span> <span class='ocrx_word' id='word_1_301' title='bbox 636 3739 723 3794; x_wconf 86' lang='lat' dir='ltr'><strong>recte</strong></span> <span class='ocrx_word' id='word_1_302' title='bbox 738 3729 859 3795; x_wconf 87' lang='lat' dir='ltr'><strong>fecistis</strong></span> <span class='ocrx_word' id='word_1_303' title='bbox 883 3731 969 3818; x_wconf 89' lang='lat' dir='ltr'><strong>quod</strong></span> <span class='ocrx_word' id='word_1_304' title='bbox 992 3734 1146 3818; x_wconf 86' lang='lat' dir='ltr'><strong>scriptum</strong></span> <span class='ocrx_word' id='word_1_305' title='bbox 1169 3729 1212 3795; x_wconf 89' lang='lat' dir='ltr'><strong>ad</strong></span> <span class='ocrx_word' id='word_1_306' title='bbox 1234 3753 1292 3794; x_wconf 89' lang='lat' dir='ltr'><strong>vos</strong></span> <span class='ocrx_word' id='word_1_307' title='bbox 1316 3731 1536 3794; x_wconf 89' lang='lat' dir='ltr'><strong>transmissum</strong></span> <span class='ocrx_word' id='word_1_308' title='bbox 1562 3732 1596 3794; x_wconf 94' lang='lat' dir='ltr'><strong>in</strong></span> <span class='ocrx_word' id='word_1_309' title='bbox 1612 3751 1660 3793; x_wconf 87' lang='lat' dir='ltr'><strong>ne·</strong></span> 
     </span>
     <span class='ocr_line' id='line_1_31' title="bbox 339 3833 1659 3922; baseline -0.004 -21"><span class='ocrx_word' id='word_1_310' title='bbox 339 3833 434 3922; x_wconf 86' lang='lat' dir='ltr'><strong>goeio</strong></span> <span class='ocrx_word' id='word_1_311' title='bbox 456 3833 691 3899; x_wconf 82' lang='lat' dir='ltr'><strong>reformationis</strong></span> <span class='ocrx_word' id='word_1_312' title='bbox 713 3856 777 3898; x_wconf 94' lang='lat' dir='ltr'><strong>non</strong></span> <span class='ocrx_word' id='word_1_313' title='bbox 800 3833 997 3918; x_wconf 86' lang='lat' dir='ltr'><strong>obtuleritis;</strong></span> <span class='ocrx_word' id='word_1_314' title='bbox 1020 3837 1046 3898; x_wconf 90' lang='lat' dir='ltr'><strong>si</strong></span> <span class='ocrx_word' id='word_1_315' title='bbox 1069 3857 1210 3921; x_wconf 90' lang='lat' dir='ltr'><strong>namque</strong></span> <span class='ocrx_word' id='word_1_316' title='bbox 1233 3833 1273 3898; x_wconf 90' lang='lat' dir='ltr'><strong>de</strong></span> <span class='ocrx_word' id='word_1_317' title='bbox 1297 3835 1535 3898; x_wconf 87' lang='lat' dir='ltr'><strong>continuatione</strong></span> <span class='ocrx_word' id='word_1_318' title='bbox 1558 3833 1659 3918; x_wconf 86' lang='lat' dir='ltr'><strong>expri-</strong></span> 
     </span>
     <span class='ocr_line' id='line_1_32' title="bbox 339 3935 1659 4025; baseline -0.005 -21"><span class='ocrx_word' id='word_1_319' title='bbox 339 3936 458 4004; x_wconf 88' lang='lat' dir='ltr'><strong>menda</strong></span> <span class='ocrx_word' id='word_1_320' title='bbox 473 3935 538 4003; x_wconf 84' lang='lat' dir='ltr'><strong>tale</strong></span> <span class='ocrx_word' id='word_1_321' title='bbox 552 3958 744 4023; x_wconf 88' lang='lat' dir='ltr'><strong>responsum</strong></span> <span class='ocrx_word' id='word_1_322' title='bbox 760 3937 898 4020; x_wconf 89' lang='lat' dir='ltr'><strong>dabitur,</strong></span> <span class='ocrx_word' id='word_1_323' title='bbox 922 3947 1054 4025; x_wconf 89' lang='lat' dir='ltr'><strong>propter</strong></span> <span class='ocrx_word' id='word_1_324' title='bbox 1069 3938 1157 4024; x_wconf 91' lang='lat' dir='ltr'><strong>quod</strong></span> <span class='ocrx_word' id='word_1_325' title='bbox 1173 3938 1265 4003; x_wconf 91' lang='lat' dir='ltr'><strong>vobis</strong></span> <span class='ocrx_word' id='word_1_326' title='bbox 1282 3941 1372 4002; x_wconf 87' lang='lat' dir='ltr'><strong>iuxta</strong></span> <span class='ocrx_word' id='word_1_327' title='bbox 1388 3935 1538 4001; x_wconf 88' lang='lat' dir='ltr'><strong>mandata</strong></span> <span class='ocrx_word' id='word_1_328' title='bbox 1553 3945 1659 4002; x_wconf 88' lang='lat' dir='ltr'><strong>nostra</strong></span> 
     </span>
     <span class='ocr_line' id='line_1_33' title="bbox 341 4038 1660 4130; baseline -0.004 -23"><span class='ocrx_word' id='word_1_329' title='bbox 341 4065 360 4107; x_wconf 88' lang='lat' dir='ltr'><strong>a</strong></span> <span class='ocrx_word' id='word_1_330' title='bbox 382 4038 520 4130; x_wconf 89' lang='lat' dir='ltr'><strong>publicis</strong></span> <span class='ocrx_word' id='word_1_331' title='bbox 541 4038 667 4105; x_wconf 89' lang='lat' dir='ltr'><strong>actibus</strong></span> <span class='ocrx_word' id='word_1_332' title='bbox 690 4039 851 4106; x_wconf 88' lang='lat' dir='ltr'><strong>abstinere</strong></span> <span class='ocrx_word' id='word_1_333' title='bbox 873 4044 1048 4110; x_wconf 75' lang='lat' dir='ltr'><strong>necessitas</strong></span> <span class='ocrx_word' id='word_1_334' title='bbox 1069 4043 1261 4130; x_wconf 64' lang='lat' dir='ltr'><strong>irmionetur,</strong></span> <span class='ocrx_word' id='word_1_335' title='bbox 1285 4043 1386 4108; x_wconf 88' lang='lat' dir='ltr'><strong>satius</strong></span> <span class='ocrx_word' id='word_1_336' title='bbox 1408 4043 1546 4106; x_wconf 83' lang='lat' dir='ltr'><strong>eritrea</strong></span> <span class='ocrx_word' id='word_1_337' title='bbox 1568 4041 1610 4106; x_wconf 90' lang='lat' dir='ltr'><strong>ab</strong></span> <span class='ocrx_word' id='word_1_338' title='bbox 1625 4061 1660 4102; x_wconf 87' lang='lat' dir='ltr'><strong>aa</strong></span> 
     </span>
     <span class='ocr_line' id='line_1_34' title="bbox 341 4143 1658 4233; baseline -0.006 -20"><span class='ocrx_word' id='word_1_339' title='bbox 341 4145 503 4213; x_wconf 86' lang='lat' dir='ltr'><strong>offerenda</strong></span> <span class='ocrx_word' id='word_1_340' title='bbox 526 4144 621 4232; x_wconf 90' lang='lat' dir='ltr'><strong>plane</strong></span> <span class='ocrx_word' id='word_1_341' title='bbox 634 4143 858 4230; x_wconf 88' lang='lat' dir='ltr'><strong>supersedere;</strong></span> <span class='ocrx_word' id='word_1_342' title='bbox 882 4146 930 4210; x_wconf 92' lang='lat' dir='ltr'><strong>sin</strong></span> <span class='ocrx_word' id='word_1_343' title='bbox 945 4155 1053 4210; x_wconf 84' lang='lat' dir='ltr'><strong>autem</strong></span> <span class='ocrx_word' id='word_1_344' title='bbox 1070 4145 1231 4211; x_wconf 89' lang='lat' dir='ltr'><strong>habebitis</strong></span> <span class='ocrx_word' id='word_1_345' title='bbox 1246 4167 1436 4233; x_wconf 90' lang='lat' dir='ltr'><strong>responsum</strong></span> <span class='ocrx_word' id='word_1_346' title='bbox 1451 4144 1538 4232; x_wconf 92' lang='lat' dir='ltr'><strong>quod</strong></span> <span class='ocrx_word' id='word_1_347' title='bbox 1554 4155 1658 4230; x_wconf 85' lang='lat' dir='ltr'><strong>postu·</strong></span> 
     </span>
     <span class='ocr_line' id='line_1_35' title="bbox 335 4246 1657 4336; baseline -0.004 -22"><span class='ocrx_word' id='word_1_348' title='bbox 335 4248 413 4327; x_wconf 84' lang='lat' dir='ltr'><strong>latis</strong></span> <span class='ocrx_word' id='word_1_349' title='bbox 435 4246 554 4314; x_wconf 76' lang='lat' dir='ltr'><strong>nocuis</strong></span> <span class='ocrx_word' id='word_1_350' title='bbox 586 4249 743 4336; x_wconf 84' lang='lat' dir='ltr'><strong>inprime</strong></span> <span class='ocrx_word' id='word_1_351' title='bbox 767 4247 908 4316; x_wconf 85' lang='lat' dir='ltr'><strong>secundo</strong></span> <span class='ocrx_word' id='word_1_352' title='bbox 943 4247 994 4316; x_wconf 86' lang='lat' dir='ltr'><strong>vel</strong></span> <span class='ocrx_word' id='word_1_353' title='bbox 1024 4250 1117 4316; x_wconf 90' lang='lat' dir='ltr'><strong>tertio</strong></span> <span class='ocrx_word' id='word_1_354' title='bbox 1147 4249 1250 4336; x_wconf 85' lang='lat' dir='ltr'><strong>gradu</strong></span> <span class='ocrx_word' id='word_1_355' title='bbox 1275 4249 1459 4328; x_wconf 71' lang='lat' dir='ltr'><strong>sationales,</strong></span> <span class='ocrx_word' id='word_1_356' title='bbox 1492 4255 1569 4312; x_wconf 87' lang='lat' dir='ltr'><strong>tnnc</strong></span> <span class='ocrx_word' id='word_1_357' title='bbox 1593 4268 1657 4312; x_wconf 87' lang='lat' dir='ltr'><strong>eam</strong></span> 
     </span>
     <span class='ocr_line' id='line_1_36' title="bbox 339 4347 1213 4441; baseline 0 -24"><span class='ocrx_word' id='word_1_358' title='bbox 339 4353 444 4440; x_wconf 88' lang='lat' dir='ltr'><strong>primo</strong></span> <span class='ocrx_word' id='word_1_359' title='bbox 467 4374 596 4441; x_wconf 90' lang='lat' dir='ltr'><strong>quoque</strong></span> <span class='ocrx_word' id='word_1_360' title='bbox 619 4363 762 4439; x_wconf 89' lang='lat' dir='ltr'><strong>tempore</strong></span> <span class='ocrx_word' id='word_1_361' title='bbox 785 4347 939 4418; x_wconf 84' lang='lat' dir='ltr'><strong>exhibere</strong></span> <span class='ocrx_word' id='word_1_362' title='bbox 963 4377 1027 4418; x_wconf 92' lang='lat' dir='ltr'><strong>non</strong></span> <span class='ocrx_word' id='word_1_363' title='bbox 1051 4354 1213 4421; x_wconf 88' lang='lat' dir='ltr'><strong>omittatis.</strong></span> 
     </span>
    </p>
   </div>
   <div class='ocr_carea' id='block_1_2' title="bbox 338 4451 1656 4936">
    <p class='ocr_par' dir='ltr' id='par_1_5' title="bbox 338 4451 1656 4936">
     <span class='ocr_line' id='line_1_37' title="bbox 442 4451 1656 4545; baseline -0.004 -25"><span class='ocrx_word' id='word_1_364' title='bbox 442 4454 539 4539; x_wconf 76' lang='lat' dir='ltr'><strong>Quod</strong></span> <span class='ocrx_word' id='word_1_365' title='bbox 560 4457 691 4544; x_wconf 89' lang='lat' dir='ltr'><strong>insuper</strong></span> <span class='ocrx_word' id='word_1_366' title='bbox 712 4453 889 4545; x_wconf 86' lang='lat' dir='ltr'><strong>saepedicti</strong></span> <span class='ocrx_word' id='word_1_367' title='bbox 912 4455 1159 4523; x_wconf 73' lang='lat' dir='ltr'><strong>oratoresGalli</strong></span> <span class='ocrx_word' id='word_1_368' title='bbox 1181 4459 1214 4522; x_wconf 93' lang='lat' dir='ltr'><strong>in</strong></span> <span class='ocrx_word' id='word_1_369' title='bbox 1231 4479 1268 4524; x_wconf 88' lang='lat' dir='ltr'><strong>co</strong></span> <span class='ocrx_word' id='word_1_370' title='bbox 1291 4456 1438 4522; x_wconf 88' lang='lat' dir='ltr'><strong>laborant</strong></span> <span class='ocrx_word' id='word_1_371' title='bbox 1460 4466 1495 4521; x_wconf 91' lang='lat' dir='ltr'><strong>ut</strong></span> <span class='ocrx_word' id='word_1_372' title='bbox 1517 4451 1656 4542; x_wconf 83' lang='lat' dir='ltr'><strong>pontifex</strong></span> 
     </span>
     <span class='ocr_line' id='line_1_38' title="bbox 341 4556 1654 4646; baseline -0.005 -20"><span class='ocrx_word' id='word_1_373' title='bbox 341 4556 478 4626; x_wconf 87' lang='lat' dir='ltr'><strong>decretis</strong></span> <span class='ocrx_word' id='word_1_374' title='bbox 493 4559 621 4626; x_wconf 91' lang='lat' dir='ltr'><strong>concilii</strong></span> <span class='ocrx_word' id='word_1_375' title='bbox 636 4560 769 4627; x_wconf 89' lang='lat' dir='ltr'><strong>subesse</strong></span> <span class='ocrx_word' id='word_1_376' title='bbox 784 4571 928 4646; x_wconf 85' lang='lat' dir='ltr'><strong>cogatur,</strong></span> <span class='ocrx_word' id='word_1_377' title='bbox 944 4563 1073 4627; x_wconf 89' lang='lat' dir='ltr'><strong>omnino</strong></span> <span class='ocrx_word' id='word_1_378' title='bbox 1086 4561 1178 4626; x_wconf 88' lang='lat' dir='ltr'><strong>vobis</strong></span> <span class='ocrx_word' id='word_1_379' title='bbox 1195 4561 1379 4627; x_wconf 89' lang='lat' dir='ltr'><strong>enitendum</strong></span> <span class='ocrx_word' id='word_1_380' title='bbox 1395 4563 1456 4626; x_wconf 90' lang='lat' dir='ltr'><strong>erit</strong></span> <span class='ocrx_word' id='word_1_381' title='bbox 1466 4569 1502 4624; x_wconf 90' lang='lat' dir='ltr'><strong>ut</strong></span> <span class='ocrx_word' id='word_1_382' title='bbox 1516 4557 1654 4646; x_wconf 86' lang='lat' dir='ltr'><strong>quaestio</strong></span> 
     </span>
     <span class='ocr_line' id='line_1_39' title="bbox 340 4661 1652 4752; baseline -0.005 -24"><span class='ocrx_word' id='word_1_383' title='bbox 340 4661 396 4730; x_wconf 89' lang='lat' dir='ltr'><strong>illa</strong></span> <span class='ocrx_word' id='word_1_384' title='bbox 418 4663 621 4730; x_wconf 86' lang='lat' dir='ltr'><strong>odiosissime</strong></span> <span class='ocrx_word' id='word_1_385' title='bbox 643 4663 683 4729; x_wconf 91' lang='lat' dir='ltr'><strong>de</strong></span> <span class='ocrx_word' id='word_1_386' title='bbox 704 4666 873 4731; x_wconf 87' lang='lat' dir='ltr'><strong>autoritate</strong></span> <span class='ocrx_word' id='word_1_387' title='bbox 897 4687 1000 4752; x_wconf 87' lang='lat' dir='ltr'><strong>papae</strong></span> <span class='ocrx_word' id='word_1_388' title='bbox 1021 4676 1053 4730; x_wconf 89' lang='lat' dir='ltr'><strong>et</strong></span> <span class='ocrx_word' id='word_1_389' title='bbox 1076 4664 1274 4730; x_wconf 90' lang='lat' dir='ltr'><strong>concilii...</strong></span> <span class='ocrx_word' id='word_1_390' title='bbox 1298 4666 1329 4729; x_wconf 93' lang='lat' dir='ltr'><strong>in</strong></span> <span class='ocrx_word' id='word_1_391' title='bbox 1353 4676 1514 4750; x_wconf 89' lang='lat' dir='ltr'><strong>posterum</strong></span> <span class='ocrx_word' id='word_1_392' title='bbox 1531 4679 1652 4749; x_wconf 90' lang='lat' dir='ltr'><strong>quoque</strong></span> 
     </span>
     <span class='ocr_line' id='line_1_40' title="bbox 338 4765 1652 4856; baseline -0.003 -23"><span class='ocrx_word' id='word_1_393' title='bbox 338 4777 483 4854; x_wconf 73' lang='lat' dir='ltr'><strong>tempore</strong></span> <span class='ocrx_word' id='word_1_394' title='bbox 506 4776 575 4832; x_wconf 81' lang='lat' dir='ltr'><strong>tam</strong></span> <span class='ocrx_word' id='word_1_395' title='bbox 605 4767 709 4834; x_wconf 85' lang='lat' dir='ltr'><strong>alieno</strong></span> <span class='ocrx_word' id='word_1_396' title='bbox 739 4789 798 4855; x_wconf 83' lang='lat' dir='ltr'><strong>per</strong></span> <span class='ocrx_word' id='word_1_397' title='bbox 825 4789 884 4832; x_wconf 89' lang='lat' dir='ltr'><strong>vos</strong></span> <span class='ocrx_word' id='word_1_398' title='bbox 911 4769 1036 4832; x_wconf 83' lang='lat' dir='ltr'><strong>intacta</strong></span> <span class='ocrx_word' id='word_1_399' title='bbox 1061 4765 1261 4856; x_wconf 86' lang='lat' dir='ltr'><strong>relinquatur</strong></span> <span class='ocrx_word' id='word_1_400' title='bbox 1287 4779 1319 4833; x_wconf 87' lang='lat' dir='ltr'><strong>et</strong></span> <span class='ocrx_word' id='word_1_401' title='bbox 1348 4767 1414 4833; x_wconf 88' lang='lat' dir='ltr'><strong>alto</strong></span> <span class='ocrx_word' id='word_1_402' title='bbox 1443 4767 1569 4832; x_wconf 82' lang='lat' dir='ltr'><strong>silentio</strong></span> <span class='ocrx_word' id='word_1_403' title='bbox 1591 4787 1652 4852; x_wconf 89' lang='lat' dir='ltr'><strong>pre·</strong></span> 
     </span>
     <span class='ocr_line' id='line_1_41' title="bbox 338 4879 517 4936; baseline -0.011 0"><span class='ocrx_word' id='word_1_404' title='bbox 338 4879 470 4936; x_wconf 63' lang='lat' dir='ltr'><strong>mtur-</strong></span> <span class='ocrx_word' id='word_1_405' title='bbox 486 4917 517 4934; x_wconf 87' lang='lat'><strong>..</strong></span> 
     </span>
    </p>
   </div>
   <div class='ocr_carea' id='block_1_3' title="bbox 408 4987 1651 5152">
    <p class='ocr_par' dir='ltr' id='par_1_6' title="bbox 408 4987 1651 5152">
     <span class='ocr_line' id='line_1_42' title="bbox 475 4987 1651 5058; baseline -0.006 -16"><span class='ocrx_word' id='word_1_406' title='bbox 475 4991 623 5044; x_wconf 70' lang='lat' dir='ltr'><strong>retunsus</strong></span> <span class='ocrx_word' id='word_1_407' title='bbox 642 4995 780 5044; x_wconf 82' lang='lat' dir='ltr'><strong>antwurtet</strong></span> <span class='ocrx_word' id='word_1_408' title='bbox 797 4997 872 5042; x_wconf 83' lang='lat' dir='ltr'><strong>sonat</strong></span> <span class='ocrx_word' id='word_1_409' title='bbox 887 4991 956 5042; x_wconf 82' lang='lat' dir='ltr'><strong>uouit</strong></span> <span class='ocrx_word' id='word_1_410' title='bbox 975 4991 1024 5042; x_wconf 81' lang='lat' dir='ltr'><strong>auf</strong></span> <span class='ocrx_word' id='word_1_411' title='bbox 1034 4991 1082 5042; x_wconf 82' lang='lat' dir='ltr'><strong>dia</strong></span> <span class='ocrx_word' id='word_1_412' title='bbox 1099 4991 1257 5058; x_wconf 73' lang='lat' dir='ltr'><strong>Dapeschso</strong></span> <span class='ocrx_word' id='word_1_413' title='bbox 1271 5004 1336 5042; x_wconf 63' lang='lat' dir='ltr'><strong>⁴torn</strong></span> <span class='ocrx_word' id='word_1_414' title='bbox 1353 4990 1388 5044; x_wconf 66' lang='lat' dir='ltr'><strong>at</strong></span> <span class='ocrx_word' id='word_1_415' title='bbox 1406 4992 1459 5042; x_wconf 88' lang='lat' dir='ltr'><strong>und</strong></span> <span class='ocrx_word' id='word_1_416' title='bbox 1477 4994 1510 5041; x_wconf 74' lang='lat'><strong>29</strong></span> <span class='ocrx_word' id='word_1_417' title='bbox 1525 4991 1594 5042; x_wconf 76' lang='lat' dir='ltr'><strong>Mat:</strong></span> <span class='ocrx_word' id='word_1_418' title='bbox 1615 4987 1651 5037; x_wconf 81' lang='lat' dir='ltr'><strong>dte</strong></span> 
     </span>
     <span class='ocr_line' id='line_1_43' title="bbox 408 5077 1648 5152; baseline -0.007 -19"><span class='ocrx_word' id='word_1_419' title='bbox 408 5079 539 5152; x_wconf 57' lang='lat' dir='ltr'><strong>spumea</strong></span> <span class='ocrx_word' id='word_1_420' title='bbox 561 5078 645 5132; x_wconf 74' lang='lat' dir='ltr'><strong>eodan</strong></span> <span class='ocrx_word' id='word_1_421' title='bbox 665 5078 753 5130; x_wconf 70' lang='lat' dir='ltr'><strong>durau</strong></span> <span class='ocrx_word' id='word_1_422' title='bbox 778 5077 954 5132; x_wconf 72' lang='lat' dir='ltr'><strong>Franks-sicha</strong></span> <span class='ocrx_word' id='word_1_423' title='bbox 977 5077 1124 5132; x_wconf 80' lang='lat' dir='ltr'><strong>frcundllclr</strong></span> <span class='ocrx_word' id='word_1_424' title='bbox 1148 5078 1410 5145; x_wconf 77' lang='lat' dir='ltr'><strong>antgegarrkommen,</strong></span> <span class='ocrx_word' id='word_1_425' title='bbox 1430 5079 1497 5132; x_wconf 79' lang='lat' dir='ltr'><strong>abar</strong></span> <span class='ocrx_word' id='word_1_426' title='bbox 1516 5083 1583 5131; x_wconf 78' lang='lat' dir='ltr'><strong>stetu</strong></span> <span class='ocrx_word' id='word_1_427' title='bbox 1599 5089 1648 5126; x_wconf 77' lang='lat' dir='ltr'><strong>sor·</strong></span> 
     </span>
    </p>
   </div>
   <div class='ocr_carea' id='block_1_4' title="bbox 0 0 1730 5818">
    <p class='ocr_par' dir='ltr' id='par_1_7' title="bbox 0 0 1730 5818">
     <span class='ocr_line' id='line_1_44' title="bbox 0 0 1730 5818; baseline 0 1"><span class='ocrx_word' id='word_1_428' title='bbox 0 0 1730 5818; x_wconf 95' lang='lat' dir='ltr'><strong> </strong></span> 
     </span>
    </p>
   </div>
  </div>
 </body>
</html>
