3460 5826
343 720 492 787 formatio
515 721 723 807 exprimatur,
747 740 819 785 eum
842 739 969 805 semper
990 717 1177 804 dogmatum
1192 718 1340 784 traoutio
1355 738 1428 784 cum
1443 716 1675 784 reformatione

344 825 497 911 coniungi
518 823 613 889 solita
635 825 684 888 sit.
708 821 790 888 bueo
811 821 934 888 nullam
954 820 1051 890 aliam
1072 821 1115 888 ob
1138 843 1273 888 mnsam
1293 821 1364 888 lieri
1382 822 1458 888 pp..
1482 821 1524 887 V.
1542 820 1580 890 S.
1597 826 1675 888 satis

343 928 522 1015 intelligere
545 927 749 1011 arbitramur,
773 950 868 1015 quam
886 937 923 993 ut
937 929 1001 994 cito
1018 927 1155 994 concilio
1176 927 1250 993 finis
1273 928 1459 1014 imponetur
1480 939 1513 994 et
1536 927 1676 1016 quilibet

345 1032 475 1098 domum
496 1040 551 1096 aut
572 1031 605 1096 in
620 1031 742 1098 Urbem
764 1033 884 1098 reverti
904 1033 1023 1119 possit3
1046 1053 1158 1102 omnes
1181 1033 1266 1101 enim
1283 1031 1360 1100 birro
1376 1031 1517 1099 abeundi
1532 1031 1675 1098 mirabili

344 1134 504 1201 desiderio
533 1144 682 1200 aestuare
703 1133 862 1201 videntur.

445 1239 571 1304 Literas
594 1239 655 1304 Mu.
676 1239 718 1306 V.
735 1237 770 1304 S.
786 1238 894 1305 statim
916 1239 994 1327 ipsis
1016 1237 1058 1304 D.
1074 1237 1191 1324 legatis
1204 1237 1414 1325 reddidimus,
1437 1241 1675 1328 cumprimum

343 1345 388 1408 ita
403 1363 473 1409 eam
489 1340 574 1408 velle
589 1341 805 1410 intelleximus
820 1392 829 1408 .
845 1392 852 1407 .
868 1391 877 1408 .
893 1344 980 1432 quod
996 1342 1068 1410 Mt·
1090 1343 1131 1412 V.
1147 1343 1181 1412 S.
1202 1343 1296 1412 uobis
1307 1343 1482 1412 clementer
1495 1345 1674 1433 significari

340 1448 447 1513 facere
469 1447 602 1534 dignata
629 1456 678 1512 est
699 1447 906 1533 magnificum
927 1448 969 1511 Ι).
991 1447 1187 1534 Prospernm
1198 1449 1348 1514 comitem
1360 1445 1462 1514 Archi
1476 1497 1484 1514 .
1500 1497 1509 1515 .
1526 1498 1534 1513 .
1558 1447 1603 1517 de
1626 1449 1674 1516 8¹¹¹l

341 1552 430 1618 DN.
443 1575 522 1638 erga
534 1551 795 1618 reformationem
809 1571 971 1639 propenso
984 1552 1090 1618 animo
1105 1548 1181 1616 Me...
1193 1548 1234 1618 V·
1250 1549 1283 1618 S.
1296 1553 1465 1625 certiorem
1477 1551 1669 1632 reddidisse,

339 1677 399 1721 nos
420 1679 485 1724 non
507 1655 711 1722 mediocriter
731 1656 841 1722 laetati
862 1677 973 1721 sumus
996 1655 1038 1723 de
1056 1655 1226 1742 praeclara
1248 1657 1317 1721 eius
1341 1655 1391 1722 S*
1408 1657 1588 1724 voluntate.
1614 1657 1669 1723 sed

341 1762 463 1828 utinam
474 1781 526 1824 ree
541 1761 614 1847 ipsa
628 1761 725 1826 etiam
740 1768 773 1826 et
785 1781 893 1826 rerum
908 1768 1043 1826 eventus
1058 1757 1143 1824 hane
1159 1760 1227 1826 eius
1240 1757 1290 1825 S*
1305 1760 1505 1828 voluntatem
1521 1783 1671 1849 compro·

340 1864 441 1930 beret.
457 1863 515 1930 sed
530 1885 590 1929 nos
605 1863 702 1928 etiam
718 1873 841 1930 secreto
855 1885 875 1929 a
888 1863 961 1928 fidis
973 1861 1169 1951 quibusdam
1186 1865 1299 1930 amieis
1314 1866 1432 1931 nostris
1446 1864 1668 1952 intelligimus,

341 1968 473 2034 occultis
491 1965 683 2056 quibusdam
696 1968 847 2055 practicis
858 1966 1036 2054 perfeetum
1052 1987 1124 2033 esse
1139 1968 1294 2056 exipsius
1311 1968 1362 2037 5²¹
1376 1967 1419 2034 D.
1434 1967 1475 2036 N.
1489 1968 1668 2046 voluntate,

339 2081 376 2139 ut
389 2072 472 2138 haec
486 2069 597 2137 culicis
611 2071 779 2158 permissio
801 2070 924 2136 adeius
946 2065 1011 2136 δ”·
1035 2069 1195 2138 aconcilii
1216 2073 1364 2160 patribus
1385 2075 1616 2140 remitteretur.
1639 2071 1669 2136 id

340 2185 448 2243 autern
478 2196 543 2241 non
565 2183 738 2263 propterea
766 2174 854 2262 quod
883 2173 1017 2241 calicem
1039 2196 1160 2261 negare
1181 2175 1295 2262 vellet,
1324 2175 1382 2243 sed
1404 2199 1444 2243 ea
1465 2178 1667 2263 potissimum

342 2278 383 2346 de
405 2299 505 2344 canes
525 2277 646 2343 tactum
668 2298 739 2344 esse
760 2285 797 2342 ut
818 2275 881 2343 boc
900 2278 1003 2346 veluti
1017 2279 1217 2366 praeiudicio
1232 2281 1302 2346 eius
1317 2279 1367 2346 8¹¹·
1379 2303 1478 2368 snpra
1493 2279 1664 2348 concilium

341 2382 495 2449 autoritas
517 2391 550 2446 et
571 2377 780 2469 superioritas
803 2379 993 2449 stabiliatur.
1015 2403 1075 2450 nos
1096 2392 1206 2450 tamen
1229 2383 1271 2449 de
1292 2383 1355 2450 boe
1377 2382 1481 2450 8¹¹1).
1496 2383 1537 2450 N.
1553 2383 1663 2452 volun·

339 2495 406 2553 tste
427 2495 464 2551 ut
484 2486 552 2551 Mt·
573 2485 612 2551 V.
637 2483 669 2550 S.
693 2485 784 2552 iubet
804 2487 894 2572 ipsoe
916 2486 958 2553 D.
982 2485 1106 2573 legatos
1129 2488 1282 2554 certiores
1304 2487 1470 2555 sociemus.

440 2589 596 2656 Oratores
618 2587 711 2657 chr-¹
728 2591 816 2676 regie
836 2609 959 2656 novum
980 2585 1145 2679 quoddam
1166 2590 1353 2657 mandatum
1375 2615 1396 2658 a
1417 2613 1476 2657 sno
1496 2613 1579 2680 rege
1595 2599 1665 2680 post

339 2697 515 2765 sessionem
536 2704 703 2784 peractam
726 2703 932 2782 acceperrmt,
956 2695 1048 2764 ouius
1066 2694 1251 2783 exemplum
1265 2695 1491 2783 praesenb'bns
1504 2695 1663 2764 inclusum

337 2802 388 2869 M‘¹
408 2800 449 2866 V.
466 2799 499 2866 S.
516 2800 680 2866 mittimus.
703 2801 880 2888 praecipua
894 2807 1002 2866 autem
1025 2801 1133 2887 capita
1154 2799 1395 2866 reformationis
1418 2822 1502 2888 quae
1523 2803 1664 2892 ipsium

341 2927 415 2973 omn
441 2903 595 2993 praelatis
619 2905 686 2969 suis
709 2903 765 2992 qui
787 2905 821 2969 in
847 2903 963 2970 itinere
991 2925 1064 2970 esse
1091 2901 1243 2971 dicuntur
1268 2925 1387 2992 urgere
1409 2925 1445 2970 se
1465 2903 1552 2972 velle
1575 2901 1663 2971 nobir

336 3010 546 3093 affirmarunt,
568 3007 713 3074 maxima
734 3028 777 3073 ex
799 3015 892 3095 parte
913 3009 1043 3095 privata
1064 3017 1139 3074 sunt
1154 3016 1187 3075 et
1201 3009 1245 3076 ad
1260 3007 1341 3075 illud
1354 3007 1515 3075 franciae
1529 3029 1662 3097 mgnum

336 3115 515 3202 pertinent,
542 3113 656 3200 paucis
690 3099 884 3200 buibusdam
905 3113 1053 3200 exceptis
1088 3135 1172 3200 quse
1201 3112 1265 3178 alia
1294 3135 1425 3202 quoque
1446 3133 1550 3199 regna
1575 3113 1660 3178 attin·

334 3225 435 3307 gunt.
451 3265 483 3284 ..
506 3215 595 3306 quod
617 3223 724 3282 antem
752 3217 966 3283 communiter
997 3215 1041 3282 ad
1062 3217 1170 3283 omnia
1190 3239 1293 3304 regna
1314 3216 1438 3300 attinet,
1460 3216 1606 3282 referunt
1626 3237 1657 3279 re

337 3321 452 3390 adut·
468 3321 508 3386 V.
525 3318 558 3386 S.
580 3319 820 3386 reformationis
842 3318 969 3386 librum.
992 3341 1032 3386 ao
1052 3321 1182 3408 privata
1203 3319 1335 3409 quidem
1355 3319 1412 3386 illa
1432 3319 1475 3386 sd
1489 3320 1657 3386 Franciam

335 3433 461 3492 tantum
482 3424 677 3512 pertinentia
703 3445 769 3490 non
789 3431 907 3511 putent
935 3443 970 3488 se
992 3422 1139 3490 obtinere
1159 3445 1266 3513 posse,
1296 3445 1369 3489 cum
1390 3422 1525 3489 videant
1553 3423 1655 3490 hioin

337 3529 473 3597 coneilio
494 3550 561 3594 non
582 3529 643 3593 nisi
673 3527 706 3594 S.
729 3525 779 3594 8⁰¹
795 3523 994 3594 voluntatem
1017 3529 1165 3616 spectari,
1188 3527 1231 3593 sd
1245 3529 1335 3594 cuius
1357 3527 1562 3594 incommoda
1582 3527 1656 3592 haec

335 3635 538 3722 potissimum
567 3633 728 3719 pertinere
750 3631 911 3698 videntur.
938 3632 1029 3698 aiunt
1050 3633 1148 3698 etiam
1168 3631 1267 3698 iidem
1290 3631 1382 3700 chr*
1411 3633 1498 3718 regis
1521 3639 1656 3696 oratores

337 3761 372 3804 se
394 3733 603 3819 intellexisse,
627 3735 703 3800 Ma-
719 3735 759 3800 V.
776 3733 809 3800 S.
832 3757 891 3800 suo
913 3742 946 3800 et
959 3733 1047 3802 ser-¹
1062 3735 1297 3822 Hispaniarum
1312 3736 1399 3822 regis
1413 3735 1544 3802 nomine
1557 3733 1599 3799 D.
1611 3755 1656 3800 oo

336 3841 447 3906 mitem
475 3839 613 3904 sLuns
632 3838 698 3904 hue
724 3837 766 3903 D.
788 3837 962 3924 Pragensie
990 3835 1063 3904 loeo
1091 3847 1253 3904 oratorem
1281 3838 1459 3906 destinasse
1479 3860 1547 3906 non
1567 3839 1654 3906 aliam

336 3943 379 4011 ob
401 3965 533 4010 causum
554 3951 591 4008 ut
612 3942 674 4030 ipsi
697 3940 874 4024 crederent,
906 3961 1005 4030 quarn
1026 3949 1063 4007 ut
1083 3943 1119 4007 in
1139 3941 1370 4030 praecedentia
1391 3942 1533 4030 priorem
1555 3941 1652 4010 locum

334 4071 395 4114 rex
412 4045 531 4114 Osthffl
553 4044 721 4130 obtineret,
745 4046 833 4134 quod
854 4047 883 4110 si
903 4044 970 4130 fiat,
994 4044 1129 4114 moleste
1150 4043 1185 4110 id
1207 4047 1268 4114 sibi
1290 4057 1489 4112 eventurum.
1512 4069 1552 4113 ao
1574 4041 1651 4136 quod

336 4149 380 4217 ad
401 4150 478 4216 ld*
500 4149 542 4216 V.
555 4149 588 4218 S.
611 4150 734 4233 attinet,
758 4173 793 4216 se
817 4139 949 4238 quldem
971 4147 1017 4215 illi
1039 4159 1076 4216 ut
1098 4171 1253 4217 caesam
1275 4152 1395 4217 oratori
1417 4171 1575 4234 cessuros,
1596 4169 1651 4214 non

337 4261 443 4322 autem
466 4263 503 4319 ut
525 4255 644 4321 oratori
665 4255 752 4340 regis
775 4251 879 4319 Ceth*
896 4301 904 4319 .
921 4299 953 4318 ..

437 4357 534 4440 Quod
554 4367 719 4444 postremo
744 4357 779 4422 in
800 4359 998 4446 poetscripta
1018 4355 1154 4424 mandat
1174 4365 1212 4424 ut
1228 4407 1235 4422 .
1252 4407 1283 4422 ..
1306 4356 1422 4424 ssltem
1442 4358 1477 4422 in
1498 4377 1538 4423 eo
1553 4355 1649 4422 elabo

336 4483 445 4528 remus
466 4469 502 4526 nt
524 4483 609 4549 qnae
636 4460 754 4544 iubae
777 4461 965 4549 dogmatum
989 4464 1125 4528 materis
1146 4469 1335 4545 statuentur,
1358 4483 1423 4528 non
1444 4459 1647 4550 publicentur,

335 4563 393 4634 sed
421 4563 463 4630 sd
485 4563 612 4631 concilii
642 4564 739 4631 finem
759 4566 965 4649 reticeantur,
999 4565 1066 4632 ll*
1090 4565 1132 4632 V.
1155 4564 1188 4632 S.
1211 4565 1386 4632 clementer
1416 4563 1463 4630 ita
1485 4563 1650 4650 intelligere

336 4670 487 4757 dignetur
508 4667 542 4733 id
563 4667 632 4734 fieri
654 4665 744 4734 nulla
760 4670 887 4735 ratione
900 4670 1045 4756 potuisse
1059 4681 1116 4735 aut
1128 4669 1163 4734 in
1176 4679 1343 4757 poeternm
1359 4671 1456 4734 etiam
1470 4689 1576 4756 posse,
1596 4663 1646 4730 nisi

334 4783 437 4842 totum
459 4771 631 4838 concilium
652 4775 751 4838 unica
773 4774 916 4839 sessione
930 4775 1166 4855 terminaretur,
1190 4774 1267 4860 quin
1289 4793 1331 4838 ne
1347 4770 1428 4837 illud
1450 4770 1581 4860 quidem
1600 4769 1645 4834 inr-

334 4883 463 4965 petrare
485 4873 559 4940 ullis
574 4876 753 4942 rationibus
774 4878 938 4963 potuimus
960 4884 997 4941 ut
1016 4874 1071 4941 vel
1092 4877 1126 4941 in
1143 4884 1217 4942 octo
1238 4883 1364 4940 tantum
1387 4874 1457 4940 dies
1472 4874 1574 4940 esseio
1587 4891 1646 4959 pro

334 4982 479 5064 ferretur,
501 4985 628 5044 tantum
651 4978 744 5046 abest
763 4989 802 5046 ut
815 4980 923 5045 omnia
937 4981 970 5044 in
985 4976 1115 5046 concilii
1128 4978 1226 5044 finem
1240 4977 1479 5066 promulganda
1495 4993 1646 5046 reservem

334 5085 443 5154 velint
465 5089 542 5152 naut
563 5081 630 5155 8⁸¹
645 5081 687 5152 D.
703 5083 743 5154 N.
765 5081 931 5154 mandavit
951 5103 993 5150 ne
1014 5083 1116 5151 sessio
1136 5082 1200 5152 ista
1219 5081 1394 5177 praeterita
1414 5075 1643 5164 differreturst
