3450 5818
312 457 372 522 tut

312 654 438 714 oratore
467 647 637 714 occasione
660 654 804 733 sumpta,
829 645 1004 712 sessionem
1027 665 1111 732 quae
1134 641 1187 710 die
1208 643 1249 710 21
1272 642 1366 710 huius
1388 645 1508 711 mensis
1528 643 1636 710 fumra

312 757 395 826 erat,
424 748 457 814 iu
483 747 616 816 ‹tJunii
645 749 729 816 diem
761 771 819 834 per
846 747 909 814 hoc
937 746 1026 836 quod
1053 747 1208 814 mittimus
1239 747 1406 814 demetam
1426 747 1582 836 perendie
1603 747 1636 812 in

313 853 455 917 sessione
482 850 713 938 publicandum
741 851 932 934 transferre,
964 861 1001 916 ut
1026 851 1154 918 interim
1182 849 1285 916 multa
1310 849 1375 916 alia
1404 861 1437 918 et
1464 853 1637 938 negocium

313 975 443 1043 quoque
464 955 675 1022 Bohemicum
697 957 831 1020 tractari
851 964 992 1041 possent.
1028 953 1115 1041 quod
1146 972 1219 1020 eum
1246 953 1308 1020 hac
1337 956 1409 1042 ipsa
1435 954 1517 1021 hora
1543 953 1638 1022 uobis

313 1058 541 1145 significarent,
562 1059 743 1126 retulerunt
765 1079 892 1145 quoque
916 1079 951 1123 se
973 1059 1030 1124 vix
1051 1059 1253 1144 persuasisse
1275 1057 1453 1126 marchioni
1466 1057 1638 1140 Piscariae,
1702 1085 1703 1110 ι

312 1171 350 1228 ut
369 1183 390 1226 a
411 1162 568 1230 sententia
590 1184 650 1228 sua
671 1161 843 1230 decederet
863 1183 925 1228 nec
946 1162 980 1226 in
1002 1162 1151 1248 proxime
1172 1162 1315 1228 sessione
1339 1161 1380 1227 14
1401 1160 1497 1226 huius
1518 1163 1640 1227 mensis

314 1264 366 1332 die
393 1265 502 1332 usura
529 1266 777 1332 continuationis
806 1265 1002 1332 mentionem
1031 1263 1100 1332 lieri
1129 1264 1328 1330 constantius
1355 1274 1500 1352 surgeret,
1533 1287 1641 1354 neque

313 1390 390 1435 vero
413 1367 610 1454 persuadere
632 1369 821 1454 potuissent,
844 1368 907 1433 nisi
928 1368 992 1456 ipsi
1005 1365 1048 1434 D.
1071 1365 1250 1433 marchioni
1272 1389 1382 1434 coram
1399 1367 1508 1435 verbis
1522 1369 1640 1456 promi·
1705 1391 1706 1404 ι

314 1472 444 1555 sissent,
479 1493 513 1536 se
542 1472 672 1538 omniuo
700 1470 840 1538 facturos
870 1481 905 1536 ut
932 1471 965 1535 in
995 1468 1051 1536 illa
1077 1469 1212 1536 4Junii
1238 1470 1382 1538 sessione
1403 1469 1521 1559 quibus
1543 1469 1643 1538 vellet
1707 1555 1708 1560 ἵ

314 1573 422 1641 verbis
446 1595 599 1660 expresse
622 1575 819 1640 continuatio
843 1572 970 1640 concilii
999 1583 1031 1640 et
1053 1574 1228 1661 superioris
1250 1596 1325 1640 cum
1346 1574 1502 1642 moderno
1527 1573 1641 1640 cobae-
1708 1597 1709 1622 ι

315 1680 419 1746 rentie
440 1676 670 1761 declararetur,
694 1687 792 1767 atque
814 1677 901 1744 idem
924 1699 958 1744 se
974 1676 1016 1744 od
1032 1674 1159 1744 Cetheum
1173 1699 1284 1764 regem
1299 1679 1535 1765 perscripturos
1554 1700 1642 1744 rece
1709 1681 1710 1720 Ὗ

311 1783 445 1869 piarent.
480 1791 637 1867 rogarunt
661 1803 720 1847 nos
750 1773 786 1848 ut
813 1780 895 1848 baec
923 1781 1030 1847 omnia
1063 1779 1106 1846 ad
1132 1779 1207 1846 M‘ffl
1233 1781 1273 1846 V.
1303 1781 1335 1848 S.
1369 1781 1643 1869 perscriberemns

316 1883 474 1972 simulque
497 1905 532 1951 οο
555 1905 648 1950 οοοιιο
670 1884 778 1952 facere
800 1907 865 1952 non
886 1885 1046 1971 potuisse,
1076 1893 1109 1950 et
1130 1886 1284 1952 maiorem
1307 1907 1435 1974 quoque
1456 1895 1590 1974 patrum
1612 1885 1644 1950 in
1712 1938 1713 1954 2

316 1987 451 2054 concilio
473 1996 598 2074 partem
620 1988 828 2054 vehementer
850 1988 1122 2054 continuationem
1137 1987 1294 2054 hacteuus
1309 1989 1429 2054 arsisse
1445 1989 1642 2076 significare
1713 2022 1714 2028 ι

315 2112 402 2174 mus,
436 2101 621 2158 reverenter
651 2101 798 2179 petentes
824 2102 874 2175 ut,
909 2093 1063 2180 quoniam
1090 2091 1143 2158 lllu
1163 2092 1204 2158 V.
1229 2093 1262 2158 in
1285 2092 1433 2159 omnibus
1455 2091 1645 2158 mtiesscere

317 2196 464 2282 cupiant,
494 2194 527 2258 in
557 2193 619 2260 hoc
636 2217 724 2266 ,vero
746 2197 881 2282 negocio
904 2196 1076 2262 instantiae
1098 2195 1140 2260 D.
1163 2194 1358 2261 marchionis
1379 2205 1412 2262 at
1432 2205 1564 2284 patrum
1587 2219 1644 2283 pro

315 2299 428 2364 maiori
450 2307 541 2384 parte
563 2297 721 2366 voluntati
741 2298 898 2385 refragari
920 2321 985 2364 non
1007 2300 1178 2386 potuerint,
1200 2298 1267 2366 Ma.
1278 2297 1320 2366 V.
1343 2297 1404 2364 hoc
1426 2299 1504 2386 ipsis
1520 2299 1643 2366 factum

317 2404 351 2468 in
372 2400 537 2468 meliorem
558 2411 684 2488 partem
707 2402 911 2490 interpretari
933 2401 1020 2470 velit.

421 2503 520 2587 Quod
541 2527 601 2572 nos
622 2504 673 2570 Ma
696 2506 737 2572 V.
760 2503 924 2572 humilime
946 2505 1130 2593 significare
1153 2505 1323 2573 debuimus
1328 2557 1339 2589 ,
1368 2517 1437 2574 tum
1466 2505 1558 2594 quod
1586 2506 1647 2573 hoc

318 2610 359 2675 D.
384 2609 566 2696 legatorum
587 2610 780 2695 promissum
809 2619 842 2676 et
869 2610 914 2674 ita
941 2610 1150 2674 constitutum
1177 2632 1242 2676 non
1269 2611 1332 2676 nisi
1359 2609 1469 2698 alique
1496 2609 1647 2698 prudenti

318 2712 379 2778 Mo.
408 2712 448 2779 V.
480 2709 612 2778 coneilio
639 2723 695 2778 aut
726 2714 811 2780 seria
839 2715 1070 2801 protestatione
1097 2712 1259 2801 perhiberi
1289 2721 1414 2802 posset,
1448 2724 1517 2779 tum
1547 2715 1646 2780 etiam

321 2816 409 2906 quod
431 2825 467 2882 ut
489 2817 703 2884 scriberemus
725 2816 781 2884 1³³¹
795 2815 837 2884 D.
854 2815 953 2904 legati
974 2840 1033 2884 nos
1055 2827 1224 2904 rogarunt3
1247 2826 1417 2906 praeterea
1438 2817 1527 2908 quod
1550 2817 1646 2884 velse-

320 2929 445 2988 menter
465 2930 698 3003 metueremus,
727 2942 769 2986 ne
797 2921 824 2985 si
852 2929 919 2986 tarn
948 2919 1135 3009 simpliciter
1160 2921 1237 2986 huic
1257 2921 1478 3009 Hispanorum
1498 2922 1647 3009 petitioni

320 3033 352 3090 et
372 3021 414 3090 D.
437 3022 617 3108 legatorum
641 3033 773 3090 coactae
803 3022 962 3092 voluntati
990 3024 1281 3110 subscriberemus,
1308 3025 1359 3090 M*
1386 3025 1427 3091 V.
1457 3025 1488 3090 S.
1515 3023 1648 3114 aliquod

320 3125 553 3216 praeiudicium
574 3127 666 3194 lieret
688 3138 720 3195 et
737 3150 757 3193 a
771 3127 1022 3215 protestantibus
1038 3126 1212 3216 aliquando
1228 3129 1326 3195 obiici
1340 3137 1457 3216 posset,
1479 3127 1541 3194 Mn.
1556 3127 1599 3194 V.
1615 3125 1648 3193 S.

321 3252 457 3296 assensu
479 3229 607 3298 concilii
630 3233 902 3298 continuationem
925 3231 1105 3298 institutam
1127 3254 1207 3314 esse,
1228 3242 1264 3297 ut
1286 3231 1366 3320 ipsis
1389 3231 1494 3298 aditus
1514 3230 1558 3297 ad
1575 3255 1647 3297 con·

322 3333 432 3401 cilium
452 3333 724 3420 praecluderetur.
755 3337 857 3402 movit
884 3357 943 3401 nos
973 3336 1070 3400 etiam
1096 3357 1209 3402 recens
1237 3345 1268 3402 et
1290 3334 1456 3402 luctuosus
1477 3357 1586 3423 nuper
1607 3357 1647 3402 ex

322 3437 431 3504 Gallia
454 3436 570 3504 allatus
597 3440 734 3506 nuncius
764 3438 804 3504 de
834 3436 1062 3506 catholicorum
1093 3437 1193 3505 caede
1221 3439 1263 3505 ab
1293 3438 1465 3506 haereticis
1492 3437 1646 3524 Lugduni

322 3551 471 3629 patrata.
489 3591 520 3606 ..

424 3645 463 3714 Iu
493 3644 544 3712 his
576 3645 723 3712 omnibus
753 3647 779 3712 si
808 3644 887 3735 quid
913 3653 1024 3712 contm
1050 3643 1111 3712 Mo.
1138 3644 1179 3712 V.
1208 3643 1406 3712 voluntatem
1423 3694 1430 3709 .
1447 3693 1479 3710 ..
1507 3667 1527 3710 a
1553 3644 1648 3712 nobis

322 3757 493 3837 peccatum
516 3758 574 3834 est,
597 3750 774 3836 praesentis
795 3751 842 3815 rei
864 3750 1024 3836 gravitate
1047 3757 1079 3814 et
1100 3750 1194 3816 novis
1215 3749 1393 3816 rationibus
1416 3748 1449 3813 in
1465 3747 1533 3815 dies
1549 3771 1648 3814 emer-

322 3852 482 3940 gentibus,
506 3875 590 3942 quae
612 3875 671 3920 uos
692 3862 727 3919 ut
743 3852 775 3918 id
789 3853 968 3920 faceremus
983 3851 1191 3935 induxerunt,
1212 3851 1296 3918 bene
1311 3853 1489 3940 perpensis,
1512 3849 1647 3917 clemen·

323 3965 373 4024 ter
393 3955 487 4024 uobis
510 3958 678 4043 ignoscere
705 3967 738 4024 et
765 3979 858 4022 suam
885 3955 1084 4024 voluntatem
1106 3957 1211 4042 primo
1234 3977 1363 4043 quoque
1385 3965 1530 4043 tempore
1552 3957 1648 4042 signi·

323 4059 414 4128 ficari
434 4058 542 4128 facere
565 4058 737 4146 dignetur.
754 4107 786 4124 ..

888 4254 1036 4264 ...—.--·
1053 4255 1081 4262 --

426 4376 621 4466 Scripsimus
643 4376 713 4444 heri
728 4375 761 4444 S.
778 4376 813 4444 Ο.
830 4375 880 4442 ΜΙΙ
897 4375 937 4441 V.
961 4397 1025 4463 quo
1047 4374 1085 4440 in
1104 4382 1188 4442 statu
1209 4374 1379 4462 negocium
1403 4372 1649 4441 contemtionis

327 4479 454 4550 concilii
474 4482 539 4550 sit.
557 4527 588 4548 ..
612 4480 700 4568 quod
722 4480 749 4546 si
771 4481 880 4569 itaque
903 4477 935 4546 S.
958 4478 1024 4543 ΜΝ
1047 4479 1087 4544 V.
1110 4481 1238 4563 metuit,
1270 4488 1305 4544 ut
1335 4487 1384 4546 est
1410 4499 1519 4544 rerum
1549 4485 1648 4542 status

324 4584 503 4668 mutabilis,
538 4582 718 4653 Germanos
753 4581 880 4650 concilii
916 4582 1155 4649 continuatione
1189 4581 1376 4666 absterreri,
1411 4603 1472 4648 uec
1503 4579 1648 4646 temris

324 4689 512 4776 protestatio
536 4686 624 4775 apud
645 4685 816 4754 concilium
838 4687 1012 4776 quicquam
1041 4685 1174 4771 efficiet,
1204 4708 1278 4752 cum
1299 4686 1364 4752 iam
1386 4685 1433 4752 ita
1452 4683 1547 4752 nobis
1570 4683 1646 4750 eius-

326 4791 415 4860 modi
435 4789 515 4856 nihil
537 4791 753 4877 cogitantibus
767 4789 923 4879 Hispanis
944 4791 1140 4877 promissum
1161 4790 1211 4875 sit,
1235 4799 1268 4856 et
1287 4789 1369 4856 forte
1392 4788 1534 4878 aliquam
1549 4786 1648 4875 suspi-

328 4897 453 4962 cionem
474 4893 515 4960 de
529 4893 584 4960 M²⁸
599 4893 640 4962 V.
664 4894 752 4982 apud
774 4903 904 4962 exteras
925 4894 1072 4960 natones
1093 4894 1281 4982 protestatio
1303 4891 1375 4958 talis
1398 4913 1511 4981 parere
1532 4891 1647 4979 possit3

328 4999 355 5070 si
377 5019 459 5092 Vuae
481 5019 556 5088 spes
579 5007 627 5064 est
641 4997 693 5064 M²¹
710 4997 749 5066 V.
773 4997 931 5085 quosdam
953 4995 1066 5066 saltem
1089 5020 1132 5066 ex
1153 4996 1324 5065 Germanis
1347 5006 1380 5063 et
1400 4993 1646 5085 protestantibus
