3512 5838
333 486 394 554 ttl

402 673 521 742 (Mendb.
538 675 605 739 6953
624 669 739 725 Beccad.
758 675 806 737 96;
823 671 863 724 Le
880 667 941 726 Plat
958 675 984 737 6,
1002 673 1064 738 18ος
1082 669 1149 724 Pell.
1169 671 1219 724 848
1237 669 1333 741 sequ),
1350 669 1416 726 ruer
1434 669 1477 724 die
1496 669 1639 742 allgenoine

401 761 539 813 Annahme
556 760 618 812 dass
634 776 684 811 nur
701 759 770 812 noch
787 761 852 810 awei
876 759 1018 826 Sitaunpen
1041 758 1193 810 stattfiuden
1217 759 1324 811 wllrden
1348 759 1562 825 (Beccad114)‚
1583 761 1641 812 dbsr

400 847 451 899 den
468 849 574 898 weitern
592 845 703 898 Verlauf
719 846 765 897 der
782 845 970 912 Verhandlung
988 846 1020 896 de
1039 851 1203 897 sacramento
1222 847 1377 897 matrimonii
1405 843 1481 911 (Pali.
1500 846 1640 907 aaa-eon

399 933 437 985 Le
455 933 516 985 Plat
533 935 557 996 d,
577 933 639 996 1723
657 933 773 984 Beccad.
793 932 860 997 loo).

465 1019 539 1070 Nach
557 1017 718 1084 Absendung
737 1019 827 1084 obiger
845 1017 984 1084 Depesche
1003 1017 1130 1068 erhielten
1155 1015 1197 1068 die
1215 1017 1367 1070 Gesandten
1386 1017 1443 1068 eine
1460 1017 1585 1084 Weieung
1601 1015 1641 1067 des

398 1107 505 1158 Kaiaers
522 1120 582 1157 vom
601 1106 617 1156 8
635 1105 737 1170 August
755 1104 886 1168 (Concept
903 1105 930 1154 in
949 1103 1000 1154 deu
1017 1101 1160 1169 Idomenei:
1188 1103 1226 1154 sie
1250 1103 1346 1155 sollten
1363 1105 1390 1154 in
1404 1101 1483 1169 jeder
1499 1103 1588 1153 Weiss
1603 1103 1641 1152 die

397 1191 510 1255 Reform,
528 1189 716 1242 insbesondere
734 1189 803 1240 auch
822 1189 868 1240 der
886 1188 1027 1240 Cardiniile
1044 1189 1098 1240 und
1117 1189 1164 1240 des
1183 1188 1318 1242 (lonclare
1335 1190 1473 1241 betreiben
1489 1189 1545 1240 und
1556 1188 1642 1240 sollten

398 1278 453 1329 sich
472 1279 519 1328 mit
536 1278 612 1328 Luna
629 1277 829 1343 verstilndigen:
857 1279 886 1326 ut
904 1277 930 1325 in
958 1279 1081 1325 eventum
1108 1291 1161 1340 quo
1180 1275 1211 1330 R.
1231 1275 1260 1328 C.
1278 1275 1361 1341 legati
1378 1275 1411 1325 ad
1431 1276 1642 1340 conscriptionem

396 1363 565 1415 articulorum
582 1363 774 1415 reformationis
792 1367 952 1428 conpatres
970 1378 1003 1412 ex
1021 1362 1142 1412 omnibus
1160 1361 1311 1412 nationibus
1330 1360 1456 1424 delectos,
1481 1359 1529 1411 sed
1546 1365 1639 1411 tantum

289 1481 292 1488 ·
396 1441 544 1504 canonistas
563 1449 663 1514 aliquot
681 1447 843 1512 adhiberent,
861 1449 1019 1499 unanimiter
1036 1453 1116 1514 atque
1134 1453 1288 1498 constanter
1304 1449 1409 1513 petatis,
1432 1453 1461 1498 nt
1480 1463 1512 1498 ex
1532 1445 1643 1498 omnibus

396 1536 546 1589 nationibus
565 1541 637 1586 certo
660 1549 769 1586 numero
793 1535 865 1586 docti
887 1537 924 1600 pii
948 1542 975 1585 et
995 1549 1081 1584 rernm
1104 1535 1182 1599 periti
1205 1541 1292 1600 patres
1318 1534 1465 1601 deligantur
1482 1535 1530 1600 qui
1546 1539 1599 1584 tans
1615 1547 1643 1581 ex

396 1622 513 1676 articulis
530 1637 577 1688 per
593 1621 695 1688 legatos
713 1622 891 1687 proponendis
910 1636 989 1687 quarn
1007 1637 1039 1672 ex
1057 1621 1098 1672 his
1110 1637 1175 1686 qnos
1194 1636 1285 1672 omnes
1298 1626 1415 1674 oratores
1422 1617 1569 1672 'exhibituri
1582 1623 1642 1679 sunt

315 1726 319 1743 ·
396 1716 496 1762 certum
514 1708 646 1777 quoddam
665 1725 759 1776 corpus
777 1709 947 1760 articulorum
965 1709 1157 1760 reformationis
1175 1709 1350 1762 conscribant.
1368 1735 1402 1746 ·—
1419 1707 1525 1760 Darauf
1540 1711 1642 1757 antwor·

395 1802 467 1848 teten
486 1795 529 1846 die
548 1794 677 1847 Oratoren
695 1805 738 1846 arn
757 1798 791 1846 24
808 1795 849 1862 (C.
868 1796 908 1858 A.‚
927 1797 981 1849 int
1001 1797 1016 1844 2
1035 1795 1132 1862 Sept.):
1151 1795 1203 1846 Die
1221 1793 1363 1846 cardinale
1381 1793 1528 1845 betrellend
1539 1809 1569 1843 so
1581 1791 1644 1858 pelte

392 1881 423 1948 ja
440 1881 509 1934 auch
529 1881 569 1933 fur
586 1883 623 1932 eie
643 1880 689 1932 der
707 1880 808 1945 Canon,
829 1881 875 1932 der
891 1896 944 1932 von
963 1881 1013 1931 den
1030 1881 1173 1932 Biaehbfen
1191 1882 1300 1949 gewisse
1317 1879 1523 1946 Eigenschaften
1536 1877 1590 1929 ond
1602 1877 1645 1928 das

395 1970 469 2021 Alter
484 1985 537 2021 von
555 1970 589 2020 30
605 1967 707 2019 Jahrsn
724 1966 857 2032 verlange.
876 1968 927 2017 Die
945 1965 1154 2032 Bescbrtnlrnng
1172 1965 1218 2016 der
1230 1964 1295 2016 zahl
1308 1965 1355 2016 der
1367 1964 1507 2016 Cardinllle
1527 1965 1565 2014 sei
1577 1963 1644 2014 nicht

395 2069 429 2107 an
448 2055 588 2107 erreichen.
619 2053 678 2104 Alls
701 2053 783 2104 ther
805 2052 859 2104 und
883 2053 1021 2116 Oratores,
1045 2052 1114 2104 auch
1132 2049 1216 2116 Luna
1239 2053 1312 2103 selen
1330 2051 1377 2102 der
1396 2051 1536 2118 lleinung:
1555 2065 1644 2116 magur

394 2141 561 2195 incommoda
580 2141 719 2192 ecclesiam
745 2140 787 2191 dei
810 2144 979 2206 accepturam
1003 2153 1075 2200 esse,
1098 2138 1227 2190 ainulfus
1250 2139 1308 2203 pius
1327 2143 1354 2188 et
1371 2137 1466 2189 doctus
1483 2139 1526 2188 vir
1543 2153 1576 2188 er
1593 2136 1642 2186 ulla

394 2229 502 2280 cadone
519 2229 547 2278 in
565 2226 725 2278 cardinalem
744 2227 827 2278 creari
845 2227 936 2292 possit,
955 2225 1040 2276 donec
1058 2224 1085 2275 hi
1103 2226 1149 2292 qui
1166 2226 1259 2276 vivum
1277 2223 1331 2275 fere
1348 2225 1383 2278 60
1402 2219 1552 2276 cardinales
1570 2223 1603 2275 ad
1614 2226 1641 2272 24

393 2315 437 2366 vel
455 2317 488 2366 26
505 2330 558 2365 non
576 2313 742 2376 reducantur,
759 2311 831 2379 quod
849 2312 950 2378 aliquot
966 2309 1119 2377 pontificum
1143 2316 1261 2378 tempore
1283 2310 1328 2360 vix
1352 2309 1468 2360 futurum
1485 2314 1638 2376 speraretur.

394 2399 516 2452 Darllber
532 2400 582 2451 wie
600 2401 666 2451 llber
685 2399 731 2450 das
750 2399 883 2451 conclave
901 2397 1034 2462 behaopte
1057 2396 1180 2448 llberdiee
1203 2395 1312 2448 Morene
1335 2395 1393 2446 sich
1414 2397 1513 2446 bereita
1532 2397 1559 2447 in
1578 2396 1642 2446 lons·

394 2486 477 2538 hruck
500 2489 547 2538 mit
571 2487 631 2537 dem
654 2485 747 2536 Kaisar
770 2484 934 2550 versltndigt
960 2499 992 2534 ru
1009 2483 1103 2534 haben.
1134 2483 1172 2532 Er
1194 2481 1351 2548 versprecbe
1370 2480 1452 2532 daher
1468 2497 1520 2532 nur
1537 2497 1585 2533 aus
1601 2483 1639 2532 be-

393 2573 501 2624 sondrer
518 2571 664 2622 Rllclrsiclrt
685 2572 726 2622 fiir
749 2570 801 2622 den
823 2571 917 2622 Kaiser
940 2569 1001 2622 dass
1023 2571 1050 2620 in
1074 2569 1120 2620 der
1142 2567 1376 2636 ntchstfolgenden
1402 2570 1512 2636 Sitnung
1536 2569 1579 2620 die
1595 2585 1641 2619 von

394 2660 458 2712 Pina
475 2659 542 2710 liber
560 2659 607 2709 das
626 2657 760 2710 Gouolave
779 2658 894 2709 erlassne
911 2657 989 2708 Bulla
1007 2661 1084 2708 unter
1107 2657 1287 2722 Zustimmunp
1313 2654 1360 2708 dee
1383 2655 1491 2706 Coocils
1509 2656 1640 2708 vertifeut

397 2745 464 2796 lioht
479 2744 534 2796 und
552 2746 577 2795 in
596 2745 639 2794 die
657 2746 742 2796 Acten
759 2743 962 2809 anigenomrnen
979 2742 1084 2794 werden
1103 2742 1177 2794 selle.

457 2831 507 2882 Am
517 2833 532 2881 6
543 2829 697 2896 September
714 2828 850 2881 berichten
867 2829 910 2879 die
929 2829 1058 2880 Oratoren
1075 2829 1165 2880 weiter
1182 2826 1594 2894 llbsrdieVorverhandlungen:
1612 2841 1639 2877 ex
1737 2891 1738 2896 Ἰ

394 2917 585 2970 reformationis
604 2915 761 2968 articulis...
780 2918 813 2966 21
832 2917 920 2981 capita
942 2920 1121 2981 proponuntur
1133 2931 1165 2965 eo
1184 2913 1240 2966 fere
1258 2915 1349 2965 ordine
1367 2914 1530 2966 numeranda
1547 2913 1640 2981 quoad

391 3005 460 3054 Mun
474 3004 505 3055 V.
524 3002 551 3056 S.
570 3004 641 3053 missi
658 3003 771 3065 fuerunt,
789 3016 821 3053 ac
839 3003 944 3053 tametsi
962 3001 1070 3054 eaedem
1089 3002 1143 3053 fere
1155 3004 1208 3052 sint
1219 3003 1354 3065 materiae,
1372 3001 1472 3052 formae
1489 3007 1638 3053 tamennon

392 3105 481 3157 parom
491 3091 585 3155 partim
595 3091 621 3140 in
631 3089 731 3153 melius,
741 3089 835 3154 partim
845 3090 871 3140 in
879 3091 954 3155 peius
965 3093 1139 3140 commutatae
1148 3090 1207 3139 etin
1215 3088 1271 3139 dies
1283 3087 1411 3154 quasdam
1423 3088 1640 3154 metamorphosee

391 3179 533 3244 patiuntur.
543 3173 592 3226 1s=¹¹
603 3177 636 3228 ll.
647 3175 729 3244 legati
739 3174 918 3226 desiderarent
927 3175 961 3226 ad
971 3175 1160 3242 praescriptum
1171 3176 1309 3225 terminum
1320 3175 1462 3226 sessionem
1480 3175 1581 3238 haberi,
1598 3174 1640 3225 sed

391 3279 444 3316 nen
463 3263 558 3314 desunt
574 3264 618 3330 qui
637 3262 806 3314 vehementer
824 3261 946 3314 dubitant
963 3263 990 3313 id
1002 3261 1056 3312 lieri
1067 3276 1153 3327 posse,
1170 3263 1297 3313 imovero
1310 3277 1358 3313 nos
1371 3276 1476 3328 quoque
1488 3276 1543 3313 non
1554 3275 1640 3326 parum

392 3350 579 3401 addubitamus
593 3387 598 3399 .
613 3388 619 3401 .
634 3386 641 3401 .
659 3351 850 3401 reformationis
868 3349 1023 3400 universalis
1042 3351 1131 3416 capita
1148 3349 1179 3398 21
1198 3349 1236 3399 ita
1253 3353 1353 3400 mutata
1370 3363 1440 3399 nnnc
1452 3353 1514 3398 sont
1525 3353 1556 3399 ot
1566 3362 1639 3414 quae·

393 3435 453 3487 darn
471 3436 548 3488 nobis
566 3435 637 3499 satie,
656 3434 786 3501 quaedam
803 3451 867 3487 vero
885 3435 968 3486 multo
987 3436 1072 3486 minus
1090 3449 1169 3502 quam
1187 3439 1265 3486 antea
1282 3435 1415 3500 placeant,
1436 3451 1523 3501 neque
1543 3450 1639 3487 correc-

390 3523 468 3575 tionis
487 3537 575 3574 eorum
593 3519 664 3574 ullus
683 3521 771 3574 adhue
788 3521 847 3574 finis
866 3529 912 3578 est.
932 3529 1059 3588 cuperent
1075 3520 1125 3572 ΒΙΙΙΙ
1142 3523 1176 3574 D.
1194 3523 1275 3590 legati
1293 3525 1427 3588 negotium
1450 3521 1639 3572 reformationis

391 3609 468 3660 citius
486 3607 632 3672 absolvere,
651 3613 730 3676 atque
748 3609 808 3661 ideo
826 3615 914 3675 patres
936 3609 964 3660 ln
988 3615 1072 3660 certas
1094 3609 1221 3677 quasdam
1239 3607 1337 3660 classes
1356 3609 1553 3672 distribuerant,
1580 3621 1637 3673 qua·

390 3709 446 3747 rum
465 3693 598 3760 praesides
617 3695 721 3746 fuerunt
738 3696 928 3763 archiepiscopi
946 3695 1128 3762 ilydruntinus
1147 3701 1172 3746 et
1190 3695 1346 3746 Tarentinus
1370 3700 1397 3745 et
1424 3696 1564 3761 episcopus
1580 3692 1640 3743 Par·

390 3784 492 3846 mensis,
512 3781 607 3848 quibus
626 3783 735 3848 siugulis
753 3782 871 3833 adiuncti
890 3783 993 3834 fuerant
1010 3785 1043 3832 20
1060 3783 1104 3833 vel
1121 3782 1210 3848 plmes
1227 3783 1307 3833 etiam
1324 3787 1412 3847 patres
1430 3781 1465 3831 ad
1482 3779 1637 3831 revidendos

391 3875 418 3920 st
436 3869 605 3938 corrigendos
622 3867 682 3920 illos
700 3869 891 3920 reformationis
909 3869 1041 3932 articulos,
1066 3869 1136 3920 unde
1153 3867 1183 3919 fit
1199 3874 1230 3919 ut
1246 3869 1336 3920 variae
1359 3869 1411 3919 sint
1433 3869 1461 3918 iu
1482 3868 1565 3919 variis
1582 3867 1638 3916 arti-

390 3953 455 4007 enlie
473 3962 576 4022 patrum
600 3961 626 4006 et
650 3961 781 4007 oratorum
805 3957 958 4007 sententiae.
982 3971 1035 4006 non
1058 3959 1158 4006 tantum
1181 3971 1243 4019 noa,
1270 3955 1317 4006 sed
1340 3957 1419 4005 etiam
1442 3951 1492 4004 R'¹²¹
1510 3954 1544 4004 D.
1563 3952 1637 4018 legati

389 4043 467 4094 avide
486 4046 625 4108 expectant
643 4057 796 4108 responsum
815 4047 843 4092 et
859 4041 1045 4094 resolutionem
1068 4041 1094 4096 S.
1114 4043 1143 4096 C.
1163 4041 1216 4092 Ml·
1233 4041 1265 4092 V.
1288 4057 1367 4108 super
1390 4039 1501 4092 articulo
1520 4039 1637 4090 reforma·

388 4129 467 4182 tionis
484 4129 638 4196 principum.
