3532 5832
329 493 369 566 ts

328 692 429 757 mium
452 689 609 755 ecelesiae
633 685 738 752 denuo
761 683 846 751 flecti
871 697 902 775 et
922 683 1034 752 reduci
1056 709 1094 752 ac
1110 685 1288 752 istiusmodi
1305 697 1440 773 paterna
1456 685 1666 776 indulgentia

328 796 484 876 (maxime
506 794 539 856 in
561 792 640 857 locis
662 791 719 856 ubi
740 789 853 874 religio
877 789 1035 855 catholica
1057 791 1201 856 nondum
1223 813 1354 876 prorsus
1377 791 1498 858 abolita
1521 794 1584 879 est)
1608 817 1664 858 sa-

331 897 478 962 cerdotes
500 895 758 982 praedicaturos,
782 893 882 956 laicos
905 915 982 956 vero
1006 893 1183 958 credituros
1213 915 1426 981 quaecunque
1457 897 1666 982 praescribet

328 999 473 1082 ecclesia,
498 999 644 1084 adeoque
667 995 903 1060 multitudinem
926 995 1020 1059 simul
1036 1004 1068 1060 et
1084 995 1159 1060 cleri
1182 1006 1215 1060 et
1229 996 1341 1082 populi
1356 997 1483 1064 Christo
1500 1009 1533 1064 et
1552 1000 1665 1065 eccle-

329 1104 395 1166 siae
419 1125 497 1166 suae
509 1101 670 1183 lucrifieri,
692 1097 924 1186 petulantiores
939 1121 1017 1162 vero
1033 1109 1100 1162 tum
1116 1099 1317 1163 commodius
1332 1101 1365 1163 in
1381 1101 1527 1166 ordinem
1542 1103 1663 1190 redigi,

328 1205 399 1268 aliis
422 1205 560 1290 denique
582 1202 783 1289 principibus
806 1211 838 1266 et
860 1200 1027 1266 ordinibus
1050 1211 1116 1265 tam
1138 1201 1237 1287 lapsis
1267 1225 1362 1290 quam
1394 1206 1582 1271 nutantibus
1612 1207 1662 1270 ad

328 1306 489 1371 salubrem
513 1307 755 1372 conversionem
776 1304 980 1391 praeclarum
1004 1304 1187 1391 exemplum
1209 1305 1359 1392 praeberi
1382 1308 1578 1396 tandemque
1600 1333 1663 1373 an-

327 1409 406 1474 xilio
430 1410 538 1474 divino
561 1419 703 1475 veterem
725 1407 914 1492 religionem
936 1406 1091 1492 paulatim
1114 1409 1174 1473 rite
1196 1410 1378 1488 instaurari,
1402 1421 1434 1474 et
1455 1411 1536 1476 forte
1559 1414 1663 1477 etiam

326 1511 388 1578 hoc
410 1513 506 1578 modo
530 1510 657 1578 concilii
678 1510 857 1598 periculum
881 1509 916 1594 (a
938 1532 1002 1595 quo
1027 1509 1106 1574 alias
1129 1521 1266 1598 utraque
1281 1533 1357 1598 pars
1373 1512 1547 1579 abhorrere
1561 1516 1662 1582 vidc-

326 1615 397 1702 tur)
438 1617 551 1680 evitari
585 1615 756 1700 omniaque
788 1612 870 1678 haec
904 1613 1138 1678 interveniente
1172 1616 1363 1680 auctoritate
1401 1626 1532 1682 sanctae
1567 1620 1660 1684 sedis

326 1718 605 1806 apostolicae’rite
628 1717 696 1782 fieri
719 1727 751 1781 et
773 1715 914 1780 ordinari
937 1737 1042 1801 posse.

431 1821 561 1909 Alioqui
584 1820 761 1885 verendum
784 1819 928 1904 profecto
949 1841 990 1884 na
1003 1831 1159 1906 perpetuo
1181 1831 1291 1887 nostro
1307 1821 1380 1886 lusu
1396 1845 1435 1888 ac
1451 1826 1659 1890 cunctatione

327 1925 421 1990 simul
443 1935 540 2013 atque
563 1925 662 1988 nimia
682 1925 849 2008 reciproca
883 1921 1056 1986 obstinatia
1089 1921 1228 1988 afflictae
1259 1925 1406 2010 religioni
1439 1925 1512 2012 plus
1547 1927 1659 1993 damni

328 2029 516 2112 afferamus,
541 2039 573 2093 et
595 2028 673 2091 dum
694 2035 797 2091 totum
819 2022 983 2107 volumus,
1017 2035 1120 2090 totum
1146 2027 1336 2113 perdamus,
1367 2029 1508 2117 dumque
1541 2054 1656 2096 omnes

326 2131 490 2218 religionis
506 2141 614 2218 partes
628 2139 660 2194 at
681 2129 899 2194 caeremonias
916 2129 993 2191 satis
1008 2138 1157 2214 suspecto
1173 2153 1212 2194 ac
1234 2131 1471 2198 inconsiderato
1494 2135 1655 2220 nimisque

326 2234 476 2300 affectato
500 2232 569 2299 zelo
593 2231 764 2298 defendere
787 2231 950 2316 pergimus
975 2227 1064 2316 [th
1094 2253 1204 2296 omnes
1227 2233 1321 2298 simul
1345 2237 1543 2318 amittamus,
1567 2239 1657 2324 quod

325 2335 444 2401 malum
468 2337 547 2402 deus
570 2357 664 2400 omen
687 2343 829 2416 avertat,
864 2355 903 2398 ao
925 2334 1056 2398 tandem
1078 2336 1111 2398 in
1134 2335 1302 2420 neglectae
1335 2337 1498 2423 religionis
1532 2362 1655 2424 poenas

325 2463 406 2528 quas
430 2441 509 2506 deus
531 2439 650 2504 nedum
673 2437 810 2503 subditis
833 2437 891 2502 sed
913 2447 945 2500 et
967 2439 1045 2523 ipsis
1067 2439 1252 2524 pastoribus
1276 2441 1498 2506 sacerdotibus
1521 2443 1654 2529 regibus

324 2553 357 2609 et
379 2542 579 2629 principibus
600 2542 723 2628 passim
746 2541 828 2604 serio
852 2541 1043 2619 cominatur,
1073 2542 1262 2607 incidamus.
1287 2547 1498 2630 nequeenim
1522 2567 1654 2634 speran-

326 2646 402 2710 dum
425 2646 574 2732 neglecta
595 2645 749 2730 religione
772 2642 895 2728 aliquid
917 2645 950 2707 in
972 2645 1139 2732 republica
1161 2645 1320 2733 praeclan'
1344 2648 1395 2712 vel
1418 2649 1510 2714 solidi
1526 2649 1569 2714 ad
1584 2673 1655 2737 per·

323 2751 511 2834 petuitatem
535 2750 685 2813 constitui
708 2769 813 2834 posse,
837 2747 1018 2812 affirmante
1040 2749 1110 2834 ipso
1134 2747 1262 2814 Christo
1277 2752 1416 2836 primum
1433 2753 1653 2838 quaerendum

324 2869 395 2916 esse
417 2875 552 2938 regnum
575 2852 627 2917 dei
655 2861 687 2916 et
714 2851 874 2914 iusticiam
903 2851 971 2915 eius
1001 2860 1033 2916 et
1065 2861 1133 2916 tum
1160 2852 1228 2918 fore
1258 2863 1294 2917 ut
1322 2857 1430 2920 omnia
1458 2856 1653 2922 adiiciantur

323 2953 428 3019 nobis.
480 2972 484 2980 ·

426 3057 592 3124 Postremo
615 3067 741 3122 constat
762 3079 804 3121 ex
826 3057 926 3120 sacris
949 3057 1127 3122 canonibus
1150 3069 1295 3124 sanctam
1316 3061 1426 3127 sedem
1443 3062 1653 3150 apostolicam

321 3183 481 3226 canonum
496 3172 704 3248 paternorum
728 3159 858 3224 decreta
880 3160 928 3224 sic
949 3157 1068 3226 librare
1090 3184 1202 3247 posse,
1226 3174 1261 3227 ut
1283 3187 1321 3229 ea
1337 3189 1420 3252 quae
1436 3169 1653 3252 praesentium

318 3273 498 3351 temporum
514 3265 689 3328 necessitas
701 3265 804 3348 pietas
821 3284 879 3325 seu
894 3261 1014 3326 utilitas
1029 3265 1062 3326 in
1074 3265 1294 3330 restaurandis
1310 3267 1455 3332 ecclesiis
1472 3269 1651 3336 relaxanda.

320 3366 475 3454 deposcit,
499 3367 643 3453 diligenti
667 3375 822 3452 quantum
849 3364 919 3430 fieri
949 3375 1055 3451 potest
1085 3369 1341 3435 consideratione
1370 3381 1588 3459 temperentur
1617 3385 1650 3438 et

317 3493 375 3556 pro
397 3473 589 3536 necessitate
605 3468 656 3534 vel
679 3467 815 3532 utilitate
838 3467 994 3532 ecelesiae
1018 3471 1173 3534 canonica
1195 3485 1371 3560 praecepta
1392 3475 1553 3541 laxentur.
1598 3499 1648 3542 re-

315 3572 411 3659 gulae
445 3575 529 3639 enim
558 3581 742 3638 sanctorum
765 3571 898 3657 'patrum
929 3593 985 3657 pro
1014 3581 1158 3659 tempore
1186 3573 1258 3641 loeo
1287 3599 1426 3663 persona
1457 3591 1488 3644 et
1510 3582 1648 3665 negocio

315 3678 455 3743 instante
478 3677 669 3742 necessitate
692 3675 830 3748 traditae
853 3683 935 3738 sunt.
970 3675 1017 3740 sic
1040 3678 1135 3740 etiam
1158 3675 1191 3742 S.
1207 3677 1245 3742 R.
1269 3680 1406 3745 eeclesia
1429 3705 1487 3746 sua
1509 3686 1647 3748 auotori-

315 3791 382 3846 tate
405 3790 603 3866 congregata
623 3778 712 3843 valet
734 3776 917 3863 disiungere
933 3787 965 3842 et
981 3778 1141 3844 disiuncta
1157 3763 1365 3868 congregare,
1389 3787 1522 3850 rationis
1538 3795 1648 3852 tamen

318 3885 480 3971 aequitate
505 3882 716 3964 considerata,
741 3880 825 3945 unde
847 3879 901 3945 vel
923 3883 1053 3967 pietatis
1068 3881 1120 3947 vel
1144 3886 1345 3950 necessitatis
1369 3889 1484 3952 intuitu
1507 3887 1605 3954 semel
1628 3915 1648 3955 a

317 4009 351 4052 se
372 3977 541 4052 =concessa
570 3985 657 4050 valet
679 3983 733 4050 vel
760 3985 793 4048 in
821 3993 925 4048 totum
952 3984 1004 4048 vel
1034 3986 1067 4048 iu
1094 3997 1217 4071 partem
1252 3998 1459 4056 commutare.
1504 3993 1646 4078 quinimo

315 4112 517 4157 successores
545 4090 690 4152 instituta
719 4086 1004 4172 praedecessorum
1038 4090 1134 4154 etiam
1160 4088 1248 4154 bona
1276 4101 1400 4157 mutare
1434 4105 1582 4180 possunt,
1620 4099 1645 4160 si

314 4203 429 4280 postea
451 4217 490 4259 ea
511 4193 651 4259 viderint
673 4213 745 4256 esse
767 4191 957 4276 perniciosa.

418 4297 488 4363 Nec
510 4291 761 4384 reprehensibile
790 4293 927 4358 iudicari
956 4294 1066 4379 debet,
1101 4298 1127 4360 si
1156 4297 1334 4362 secundum
1355 4301 1544 4368 varietatem
1567 4311 1644 4368 tem·

312 4423 428 4489 porum
451 4410 571 4466 statuta
593 4398 787 4486 quandoque
803 4399 968 4462 varientur
981 4397 1138 4480 humana,
1161 4404 1351 4486 praesertim
1368 4425 1440 4468 cum
1456 4407 1507 4471 vel
1523 4431 1642 4494 urgens

312 4507 488 4570 necessitas
510 4503 563 4569 vel
587 4503 719 4569 evidens
752 4501 872 4566 utilitas
904 4500 939 4566 id
973 4505 1129 4589 exposcit.
1175 4504 1314 4570 charitas
1344 4509 1427 4571 enim
1462 4520 1494 4574 et
1522 4510 1642 4575 utilitas

312 4607 443 4694 publice
466 4608 506 4673 de
530 4609 700 4673 severitate
723 4628 883 4670 canonum
906 4628 1032 4692 semper
1054 4606 1178 4692 aliquid
1206 4611 1337 4674 remittit
1359 4621 1391 4675 et
1415 4619 1550 4676 exactae
1572 4637 1641 4677 ver-

312 4710 427 4776 borum
450 4711 667 4777 observationi
696 4712 836 4776 universi
865 4708 951 4776 orbis
973 4733 1088 4796 pacem
1118 4712 1268 4797 praefert.
1313 4735 1373 4778 nec
1401 4735 1466 4780 non
1495 4738 1553 4802 per
1580 4716 1641 4782 dis·

312 4815 510 4901 pensationis
532 4813 709 4880 remedium
732 4813 870 4880 eeclesia
892 4815 974 4899 agit,
1003 4836 1067 4878 non
1089 4812 1177 4899 leges
1200 4816 1245 4878 ita
1268 4827 1373 4880 certas
1397 4828 1540 4884 statuens
1564 4822 1640 4908 qnin

312 4929 408 5005 prout
428 4929 556 5006 tempus
579 4920 640 4984 fert
662 4941 745 5006 quae
769 4918 884 4984 decent
907 4929 939 4982 et
962 4917 1131 4983 commode
1159 4919 1221 4982 sint
1253 4918 1360 4985 faciat.
1406 4922 1510 4988 isthac
1533 4933 1638 4989 autem

312 5025 501 5090 auctoritate
531 5034 563 5088 et
595 5023 742 5088 libertate
769 5022 937 5088 ecclesiam
968 5043 1199 5110 saepenumero
1231 5045 1320 5088 usam
1351 5047 1421 5094 esse
1452 5049 1491 5094 ac
1521 5027 1637 5094 nedum
