3468 5820
345 529 406 592 tat

344 725 467 783 tantum
491 720 598 783 curiae
621 716 715 782 luxui
737 726 769 782 et
792 715 953 804 splendori
977 715 1168 783 consuletur.
1201 739 1266 784 non
1289 719 1373 784 enim
1402 727 1451 784 est
1473 715 1606 784 difficile
1628 739 1670 782 ex

343 821 524 910 praeteritis
546 821 652 886 futura
674 843 757 906 quae
781 823 844 886 sint
865 821 1019 888 iudicare.
1042 841 1107 886 non
1127 822 1283 887 minorem
1306 843 1377 887 esse
1398 823 1432 886 iu
1453 822 1517 887 hoc
1531 819 1669 886 concilio

343 925 522 991 libertatem
544 927 642 1006 aiunt,
666 947 764 1012 quam
787 926 814 991 si
836 927 868 989 in
890 925 998 990 media
1026 923 1171 990 Saxonis
1193 923 1417 991 celebraretur.
1446 925 1589 990 fatemur
1609 947 1670 990 nos

344 1029 474 1118 quidem
497 1051 567 1094 esse
589 1027 776 1094 nonnullam
798 1030 832 1092 in
854 1027 990 1094 concilio
1014 1028 1142 1094 dicendi
1164 1027 1361 1110 libertatem,
1392 1027 1449 1093 sed
1471 1026 1669 1094 decernendi

344 1143 375 1198 et
398 1132 559 1198 statuendi
581 1155 620 1197 ae
642 1131 856 1198 concludendi
877 1132 1024 1208 libertate
1046 1155 1127 1219 opus
1150 1142 1212 1215 est,
1247 1153 1310 1220 qua
1339 1154 1471 1219 prorsus
1493 1130 1669 1217 spoliatum

343 1246 393 1302 est
415 1235 603 1319 concilium,
627 1257 700 1300 cum
722 1237 841 1300 nemini
870 1257 1049 1322 proponere
1079 1235 1255 1324 quidquam
1282 1235 1379 1301 liceat
1407 1234 1495 1322 quod
1522 1233 1566 1298 ad
1596 1256 1669 1299 con·

344 1338 534 1405 stituendam
556 1338 787 1426 rempublicam
812 1338 1017 1403 christianam
1040 1347 1071 1404 et
1092 1340 1243 1426 privatim
1265 1338 1308 1404 ad
1330 1339 1485 1426 cuiusque
1509 1337 1669 1402 ecelesiae

342 1445 568 1508 necessitatem
589 1443 749 1529 pertinere
772 1443 980 1526 existimaret,
1004 1442 1061 1507 sed
1084 1463 1194 1508 omnes
1216 1463 1236 1506 a
1258 1441 1299 1507 D.
1323 1439 1502 1528 legatorum
1518 1464 1576 1507 ore
1592 1464 1669 1528 pen·

344 1547 420 1612 dere
443 1556 474 1611 et
496 1546 537 1611 ad
559 1545 697 1612 leviores
720 1545 878 1633 quasdam
903 1568 1011 1611 eorum
1033 1547 1268 1634 propositiones
1290 1543 1486 1632 respondere
1509 1545 1600 1609 etin
1622 1568 1668 1610 re·

344 1650 406 1716 bus
429 1658 485 1715 aut
505 1649 646 1714 minimis
668 1658 724 1714 aut
746 1671 810 1715 non
832 1659 899 1714 tam
921 1650 1113 1716 necessariis
1136 1669 1210 1714 cum
1231 1649 1330 1715 totius
1353 1649 1440 1714 orbis
1463 1647 1621 1714 scandalo
1638 1659 1667 1713 et

341 1753 479 1820 ludibrio
502 1763 629 1842 tempus
651 1763 755 1820 terere
778 1763 943 1840 cogantur.

443 1875 538 1960 Quod
562 1875 641 1941 nihil
663 1898 684 1940 a
706 1897 740 1940 se
762 1884 932 1962 peccatum
955 1897 1025 1940 esse
1049 1875 1165 1959 dicant,
1189 1879 1215 1940 si
1239 1876 1282 1941 ad
1303 1876 1485 1963 pontificem
1509 1874 1667 1940 derebus

342 1977 525 2046 diffieilimis
546 1980 697 2057 referant,
719 1987 815 2068 atque
831 1977 865 2044 id
880 1978 941 2044 sibi
952 1977 1048 2045 licere
1071 1979 1271 2046 comitiorum
1285 1978 1498 2067 imperialium
1514 1979 1666 2065 exemplo

341 2083 565 2172 comprobent,
593 2083 689 2168 longe
719 2082 784 2148 alia
811 2083 1011 2149 comitiorum
1018 2134 1026 2166 ,
1056 2082 1120 2148 alia
1149 2082 1355 2150 conciliorum
1384 2084 1666 2149 oecumenicorum

341 2198 390 2254 est
410 2191 501 2254 ratio.
526 2187 640 2253 deinde
663 2189 761 2253 etiam
783 2187 1029 2275 protestantium
1053 2197 1228 2254 conventus
1251 2209 1310 2274 pro
1333 2186 1482 2274 exemplo
1505 2186 1664 2266 adtenunt,

340 2315 404 2382 quo
428 2293 572 2358 indicant
594 2315 691 2380 quam
713 2291 805 2358 bonis
829 2293 1027 2381 antiquitatis
1050 2300 1083 2358 et
1109 2292 1292 2379 primitivae
1321 2290 1477 2357 ecclesiae
1504 2288 1665 2376 exemplis

340 2407 469 2484 egeant,
493 2419 565 2463 cum
589 2399 675 2462 omni
696 2395 887 2485 probatione
910 2393 1053 2460 destituti
1083 2394 1127 2461 ad
1155 2395 1413 2461 adversariorum
1441 2393 1527 2460 iacta
1556 2395 1664 2460 coniit-

338 2501 427 2587 giant
449 2509 544 2566 etex
566 2499 692 2566 illorum
715 2499 893 2566 actionibus
916 2523 1045 2565 suorum
1067 2500 1224 2565 factorum
1248 2498 1521 2565 confirmationem
1539 2507 1663 2585 petant.

340 2601 428 2690 quod
450 2626 492 2670 ex
515 2603 650 2670 concilio
674 2603 931 2670 Chalcedonensi
953 2614 985 2669 et
1001 2603 1356 2690 Constantinopolitano
1370 2601 1522 2682 adlertur,
1545 2600 1584 2666 id
1599 2611 1663 2664 tan-

339 2715 407 2771 tum
429 2706 521 2773 abest
543 2717 578 2772 ut
600 2730 711 2774 eorum
734 2729 866 2772 causam
888 2707 1033 2789 adiuvet,
1057 2707 1285 2794 utplurimum
1313 2707 1409 2772 etiam
1432 2713 1555 2791 gravet.
1591 2726 1661 2768 nam

339 2809 460 2876 Leonis
483 2820 515 2876 et
536 2810 716 2896 Agathonis
739 2809 893 2898 epistolae
917 2833 981 2876 non
1002 2809 1045 2876 ad
1066 2810 1191 2898 legatos
1214 2810 1271 2875 sed
1294 2809 1336 2875 ad
1359 2807 1530 2875 concilium
1544 2809 1662 2872 missae

338 2922 442 2992 erant,
476 2937 580 3002 neque
608 2917 653 2980 ita
681 2917 796 2980 missae
827 2916 919 3002 quasi
946 2914 1093 3002 patribus
1122 2916 1293 3002 quiequam
1322 2911 1583 3000 praescriberent
1611 2919 1662 2975 aut

340 3017 428 3101 ipsos
451 3039 528 3082 suae
552 3020 727 3083 sententiae
752 3016 953 3084 subscribere
977 3027 1143 3105 cogerent,
1178 3017 1234 3082 sed
1256 3027 1292 3082 ut
1314 3019 1340 3081 si
1361 3016 1525 3082 videretur
1546 3015 1659 3102 proba·

339 3129 417 3185 rent.
441 3143 524 3208 quae
548 3121 625 3208 quia
647 3119 803 3186 eiusmodi
827 3129 918 3186 erant
933 3131 968 3186 ut
983 3121 1214 3208 approbatione
1237 3121 1354 3206 dignae
1376 3119 1574 3202 viderentur,
1597 3128 1659 3183 tum

338 3245 435 3289 voees
457 3221 530 3290 illae
554 3223 681 3292 auditae
703 3237 778 3291 sunt
800 3249 882 3314 quae
906 3225 1199 3312 comprobationem
1221 3224 1445 3311 significarent

440 3343 532 3411 Haec
556 3357 630 3412 sunt
652 3371 735 3436 quae
759 3348 800 3414 ad
823 3350 949 3436 potiora
964 3347 1004 3412 D.
1020 3345 1198 3433 legatorum
1213 3345 1377 3412 literarum
1404 3346 1511 3430 capita
1526 3365 1657 3430 respon·

340 3447 416 3514 dere
438 3451 542 3514 visum
565 3461 623 3534 est,
646 3475 721 3516 nam
745 3452 772 3516 si
794 3449 921 3538 singula
942 3450 1094 3538 prosequi
1124 3449 1289 3534 vellemus,
1312 3449 1486 3514 iniustum
1508 3445 1656 3512 volumen

341 3563 552 3618 excresceret.
576 3577 659 3642 quae
683 3558 791 3620 omnia
812 3553 967 3620 eiusmodi
991 3577 1062 3620 esse
1092 3553 1299 3636 confidimus,
1334 3563 1370 3618 ut
1395 3575 1489 3616 nemo
1518 3551 1656 3616 veritatis
1721 3599 1722 3630 ,

338 3677 450 3721 amans
473 3659 634 3723 contraria
656 3659 763 3724 dicere
785 3661 896 3745 possit.
919 3661 952 3723 in
974 3657 1058 3723 hanc
1081 3655 1216 3722 eandem
1246 3657 1436 3721 sententiam
1464 3656 1533 3720 sinc
1564 3652 1656 3719 dubio

339 3759 580 3847 respondebunt
603 3762 698 3829 etiam
721 3761 858 3850 Hispani
881 3771 912 3828 et
935 3759 1022 3828 Galli
1046 3761 1189 3850 episcopi
1218 3770 1249 3825 et
1279 3761 1305 3824 si
1334 3761 1389 3846 qui
1415 3758 1469 3823 alii
1492 3759 1654 3824 veritatem
1721 3809 1722 3814 ,

338 3865 431 3936 fateri
453 3865 569 3936 volent.

474 4061 528 4111 Aus
546 4060 593 4110 der
609 4060 728 4110 Antwort
746 4059 792 4108 des
810 4057 918 4107 Kaisers
936 4057 1067 4122 (Concept
1084 4057 1112 4104 in
1131 4055 1181 4104 den
1193 4053 1324 4118 Romana)
1342 4067 1403 4103 vom
1421 4051 1537 4116 5April:
1555 4051 1653 4100 Erret·

412 4146 494 4198 wahrt
512 4147 568 4197 sicli
588 4145 757 4196 entechieden
776 4159 860 4210 gagen
878 4143 929 4192 den
946 4157 999 4192 von
1018 4141 1069 4192 den
1081 4141 1208 4206 Spaniam
1221 4139 1352 4206 gehegten
1363 4137 1505 4188 Vardacht
1524 4136 1651 4188 Nachderu

407 4235 460 4283 ihm
478 4232 566 4284 Delfin
584 4233 627 4283 die
645 4231 742 4284 Sohriit
760 4231 793 4281 de
815 4229 891 4280 titulo
909 4231 1001 4280 summi
1027 4227 1158 4294 pontificis
1181 4225 1331 4278 tiberreiebt
1354 4225 1408 4276 und
1433 4223 1480 4274 der
1501 4223 1586 4290 Papst
1605 4222 1650 4270 itm

408 4322 472 4370 tiber
490 4319 634 4370 donselben
652 4317 822 4383 Gegenstand
839 4315 1010 4381 gescbrieben
1029 4314 1117 4377 hatte,
1144 4327 1197 4362 war
1215 4328 1244 4362 es
1268 4309 1354 4362 salnes
1376 4309 1555 4360 kaiserlieben
1571 4310 1650 4360 Antea

408 4407 539 4458 awisohen
557 4406 608 4456 den
625 4404 721 4454 beiden
738 4402 950 4467 Ansehauungen
972 4400 1027 4450 und
1045 4399 1217 4466 Anspriichen
1240 4398 1283 4448 die
1306 4396 1395 4447 rechte
1412 4395 1489 4446 Mitte
1512 4411 1546 4446 au
1564 4393 1650 4450 haitan,

407 4495 462 4544 und
480 4494 513 4544 da
531 4493 575 4558 lag
592 4491 646 4540 ihm
665 4490 747 4540 daran
764 4489 815 4539 den
843 4485 1056 4538 einsichtsvollen
1074 4485 1142 4536 Rath
1162 4485 1208 4535 der
1224 4481 1380 4550 spaniselren
1397 4480 1523 4533 Bisohtie
1541 4498 1574 4533 au
1600 4495 1647 4529 rer·

408 4581 519 4630 nahmen
537 4579 591 4628 und
610 4579 659 4626 wie
677 4575 765 4626 bisher
782 4591 811 4625 ao
830 4574 898 4624 auch
916 4575 943 4623 in
963 4573 1048 4623 dieser
1065 4571 1150 4638 Frage
1169 4571 1224 4621 sich
1242 4571 1289 4620 mit
1306 4571 1385 4620 ihnen
1397 4571 1438 4619 ins
1449 4567 1648 4620 Einvernehmeu

409 4681 441 4715 au
460 4671 554 4716 setaen.
575 4661 672 4713 Dorum
691 4660 809 4710 wtlnscht
828 4677 856 4710 er
873 4659 943 4710 arach
957 4658 1025 4723 jetat
1035 4659 1105 4708 noch
1123 4658 1179 4708 ihre
1196 4658 1322 4722 Meinung
1338 4657 1442 4706 konnen
1460 4671 1493 4705 au
1511 4653 1606 4706 lernen.
1620 4677 1647 4688 -

409 4753 446 4802 Ει
463 4750 596 4801 vermerlrt
618 4765 646 4800 es
669 4748 729 4798 sehr
751 4747 813 4797 ilbel
837 4747 899 4796 dass
922 4745 967 4795 die
988 4745 1107 4810 Legaten
1129 4743 1199 4796 euch
1222 4759 1313 4810 wegen
1337 4743 1384 4794 der
1406 4743 1569 4809 Emenuung
1589 4740 1647 4790 eina

409 4840 518 4890 aweiten
537 4836 669 4888 Secretars
688 4838 741 4886 erst
758 4833 855 4884 wieder
872 4832 1034 4898 Weisungen
1050 4847 1103 4881 von
1116 4831 1181 4880 Rom
1195 4830 1315 4881 ainbolen
1328 4829 1430 4882 wellen.
1450 4856 1482 4866 -
1500 4829 1568 4880 Vom
1579 4827 1646 4890 Papst

411 4923 503 4975 erhielt
522 4939 550 4973 er
567 4937 616 4972 nur
634 4923 675 4971 ein
694 4921 787 4970 kuraes
807 4918 950 4970 Schreiben
968 4915 1037 4984 [vom
1056 4919 1089 4966 25
1108 4915 1205 4983 Marah
1229 4915 1257 4966 in
1281 4915 1339 4966 dem
1363 4932 1391 4966 er
1413 4915 1462 4965 aui
1482 4913 1526 4965 die
1545 4907 1645 4965 solunt

410 5029 462 5061 von
480 5011 589 5060 Morene
606 5011 747 5058 vertrbstet
764 5006 861 5057 wrrrde.
890 5033 921 5042 -
948 5005 985 5054 Er
1002 5003 1113 5069 spondet
1132 5003 1178 5054 der
1196 5003 1384 5067 Erwiederung
1402 5001 1448 5051 der
1466 5001 1593 5052 Oratoren
1608 4991 1646 5046 aas

411 5097 455 5149 die
472 5093 684 5162 Atrlslagoschrist
703 5093 749 5147 der
766 5093 885 5160 Legaten
903 5091 968 5146 allos
986 5090 1052 5143 Lob.
1081 5117 1112 5126 -
1140 5091 1190 5144 Die
1208 5089 1260 5142 itm
1280 5087 1376 5140 auletut
1393 5087 1521 5158 gesandte
1552 5080 1643 5138 tomulo
