3450 5818
350 481 412 544 ³02

343 669 378 731 in
399 666 488 732 hune
510 675 661 734 eventum
683 666 867 733 faciendum
889 669 939 751 sit,
968 667 1178 734 recordamur
1199 665 1287 756 qnod
1309 677 1407 734 antee
1430 689 1559 756 quoquc
1580 668 1671 734 vobis

345 767 522 836 clementer
550 771 847 858 significaverimus,
879 772 906 835 si
927 771 962 835 in
985 769 1122 839 concilio
1150 771 1292 857 legitimo
1321 769 1419 837 modo
1449 766 1673 836 decerneretur

346 873 595 938 continuationis
617 873 814 942 mentionem
837 873 1082 962 exprimendam
1105 897 1187 952 esse,
1209 898 1269 940 noe
1291 873 1426 942 ulterius
1437 897 1502 941 non
1517 897 1672 962 repugna·

346 987 445 1060 turos,
469 978 608 1044 scientes
630 1001 696 1046 non
718 1001 790 1044 esse
811 981 953 1066 partium
974 989 1157 1046 nostrornm
1184 1002 1277 1047 sacro
1301 977 1437 1046 concilio
1460 975 1595 1046 modum
1621 989 1672 1042 eut

346 1077 451 1166 legem
478 1082 711 1167 praescribere.
743 1105 820 1148 nam
842 1081 930 1170 quod
959 1083 1065 1150 scrius
1093 1081 1180 1150 hanc
1205 1083 1453 1150 continuationis
1487 1103 1672 1168 expressam

347 1181 597 1250 declarationem
620 1186 925 1273 oppugnaverimus,
950 1207 988 1252 eo
1010 1189 1152 1252 maxime
1174 1185 1295 1252 fectum
1318 1196 1367 1251 est
1389 1207 1410 1250 a
1430 1184 1533 1268 nobis,
1557 1205 1620 1248 nec
1641 1191 1673 1247 ut

348 1283 541 1351 arbitremur
568 1289 726 1355 malerei
749 1291 818 1356 sine
842 1311 949 1366 causa,
979 1289 1068 1378 quod
1095 1288 1264 1354 molestum
1292 1287 1386 1354 nobis
1408 1288 1505 1353 fuerit
1531 1308 1672 1374 eaquae

348 1389 390 1456 ad
412 1393 628 1476 cognitionem
659 1401 691 1458 et
724 1391 1024 1460 determinationem
1050 1393 1220 1460 universae
1249 1391 1364 1480 synodi
1392 1401 1555 1480 spectant,
1585 1399 1674 1455 extre

347 1493 452 1580 ipsam
484 1493 643 1580 synodum
677 1505 709 1562 et
742 1507 871 1584 praeter
904 1495 1168 1564 consuetudinem
1202 1505 1299 1584 etque
1337 1495 1521 1562 libertatem
1550 1491 1674 1560 concilii

346 1618 540 1684 omnemque
561 1599 718 1666 rationem
732 1600 866 1668 trectsri
881 1609 914 1666 et
927 1599 1068 1668 decerni.
1091 1622 1193 1688 quare
1208 1602 1237 1666 si
1251 1599 1405 1686 deinceps
1420 1621 1515 1666 secra
1530 1597 1669 1684 synodus

346 1701 485 1786 ipsemet
505 1701 689 1770 huiusmodi
712 1705 961 1770 continuationis
985 1703 1237 1770 declarationem
1259 1702 1443 1770 indendam
1473 1723 1548 1768 csse
1570 1699 1672 1766 debito

346 1811 378 1868 et
399 1803 542 1890 legitimo
565 1814 695 1872 servato
718 1805 831 1873 ordine
853 1805 1042 1886 decreverit
1066 1806 1155 1895 quod
1175 1817 1284 1872 tamen
1305 1805 1525 1871 necessarium
1547 1803 1671 1868 minime

346 1915 414 1972 est.
431 1956 465 1972 ..
488 1931 553 1974 non
577 1905 736 1976 debebitis
758 1919 933 1999 propterea
961 1907 1002 1976 ab
1025 1908 1154 1976 actibus
1176 1907 1315 1998 publicis
1338 1906 1500 1974 abstinere
1516 1956 1525 1972 .
1542 1955 1575 1972 ..

447 2009 569 2080 Datum
591 2013 625 2080 in
647 2037 723 2082 arce
745 2023 856 2080 nostra
876 2011 1074 2084 Poidenbrot
1097 2011 1149 2080 dis
1172 2012 1215 2080 26
1237 2011 1317 2080 Julii
1341 2011 1434 2080 1562.

478 2202 531 2254 Eia
549 2204 670 2258 weiterer
687 2203 734 2258 des
752 2202 1019 2258 Rctcrmetionslibell
1036 2203 1213 2258 betreffender
1230 2204 1329 2256 Passus
1347 2205 1383 2254 im
1400 2199 1498 2254 Archiv
1526 2201 1571 2252 fflr
1597 2205 1666 2252 oster.

415 2287 729 2356 ceremonensem,
748 2308 788 2344 wo
807 2291 877 2342 euch
895 2292 956 2344 eine
972 2291 1102 2360 Wenung
1127 2306 1163 2344 an
1178 2291 1248 2343 Areo
1266 2307 1328 2342 vom
1352 2287 1474 2358 gleichen
1496 2287 1573 2356 Tege
1597 2287 1668 2352 abge

413 2373 508 2424 druckt
525 2377 566 2426 ist.
583 2375 637 2430 Die
656 2376 873 2430 Conciloratoren
896 2377 1002 2430 werden
1025 2377 1149 2430 iibsrdies
1172 2375 1309 2430 nocbmels
1331 2377 1382 2428 wis
1404 2376 1431 2426 in
1452 2374 1498 2428 Nr.
1518 2371 1666 2426 CLXXXIV

414 2459 601 2527 ausgeiordert,
619 2461 676 2514 sich
693 2464 721 2514 in
740 2463 786 2514 der
803 2463 1112 2532 Reiormnngelegenhsit
1129 2465 1176 2516 mit
1189 2463 1240 2516 den
1253 2461 1411 2529 spaniscben
1423 2460 1550 2512 Prileten
1562 2461 1602 2510 ins
1613 2459 1666 2508 Ein-

412 2546 571 2598 vernsbmen
588 2564 622 2598 zu
639 2553 729 2600 setaeu
746 2548 801 2600 und
818 2551 1006 2602 iusbssonders
1023 2552 1072 2602 mit
1089 2550 1149 2600 dem
1167 2549 1338 2604 Grsnatensis
1361 2563 1439 2616 quem
1463 2560 1518 2598 nou
1536 2547 1620 2596 miuus
1636 2544 1667 2593 is·

412 2632 517 2682 cultatis
537 2639 564 2684 et
577 2633 695 2686 mandati
713 2635 831 2686 obtinere
850 2636 980 2688 credimus
997 2653 1044 2704 pro
1062 2637 1181 2704 negociis
1199 2634 1272 2688 Seri·
1291 2635 1346 2686 eins
1365 2629 1496 2702 [Philippi]
1516 2632 1545 2682 in
1563 2629 1666 2682 concilio

411 2717 555 2784 dirigendis
572 2725 600 2772 et
617 2720 770 2786 tractandis,
789 2737 868 2790 quum
885 2728 1016 2774 oratorem
1034 2728 1080 2776 aut
1099 2725 1155 2776 sius
1173 2722 1319 2775 ediunctos.
1338 2719 1383 2772 Sis
1401 2718 1486 2770 sollen
1505 2716 1612 2768 endlicb
1628 2717 1665 2766 be·
1700 2773 1701 2782 p

409 2804 529 2866 nenton,
553 2808 602 2858 sris
619 2806 677 2858 sich
696 2807 738 2860 die
757 2807 886 2860 Orstorcn
903 2826 955 2862 von
973 2809 1108 2878 Venedig,
1133 2810 1259 2877 Portugul
1282 2807 1337 2862 und
1355 2807 1406 2862 den
1424 2804 1609 2872 Eidgonouen
1626 2819 1665 2854 ¹1¹1
1700 2805 1701 2855 i

409 2889 590 2959 Reiormirage
609 2893 712 2946 stellsn.

912 3179 1105 3268 CXCIV.

584 3395 692 3470 Thur
721 3397 795 3471 und
825 3397 1057 3474 Drsskovtcs
1085 3419 1131 3473 sn
1159 3398 1233 3472 den
1262 3396 1413 3492 itatem

814 3551 945 3618 'I'rient‚
964 3553 1003 3605 i'!
1020 3551 1093 3606 Juii
1112 3555 1200 3608 1662.

661 3731 838 3788 Concilactca.
864 3733 1012 3806 Orips‘ncl5
1040 3735 1071 3790 in
1093 3741 1181 3808 tcryo:
1204 3739 1223 3790 4
1246 3733 1359 3805 Aapmt.

436 3869 488 3936 Ac
508 3874 646 3957 primum
670 3874 798 3962 quidem
831 3879 919 3967 quod
941 3877 984 3944 ad
1007 3879 1132 3946 concilii
1154 3878 1336 3946 libertatem
1360 3877 1514 3946 tuendam
1543 3877 1653 3942 attinet

339 3994 399 4043 nos
420 3974 501 4042 nibil
529 3978 561 4044 in
583 3977 669 4046 bunc
691 4003 794 4069 usque
817 3983 903 4050 diem
925 3985 1208 4070 praetermisimus,
1239 3995 1277 4052 nt
1297 4007 1337 4052 ea
1360 4005 1457 4074 quem
1480 3981 1547 4048 ΜΝ
1568 3979 1606 4044 V·
1627 3974 1653 4038 S·

339 4082 456 4147 merito
487 4092 620 4168 cuperet
648 4093 680 4149 et
706 4083 788 4152 haec
814 4095 961 4173 tempore
988 4090 1151 4176 requirere
1179 4089 1342 4173 videntur,
1371 4085 1507 4156 concilio
1536 4084 1653 4150 libertas

340 4193 511 4250 constaret
541 4208 581 4252 ac
607 4190 754 4272 quamvis
777 4213 877 4276 opera
904 4199 936 4257 et
958 4191 1088 4260 assidue
1115 4191 1284 4278 diligentie
1305 4201 1416 4260 nostra
1437 4187 1581 4258 nonnihil
1602 4185 1652 4252 for·

344 4297 432 4356 tasse
458 4289 491 4352 in
513 4287 576 4356 hac
597 4301 690 4375 perte
713 4293 863 4363 effectum
884 4296 934 4378 sit,
967 4294 1055 4364 nullo
1083 4306 1191 4364 tamen
1225 4307 1344 4366 conatu
1370 4303 1480 4362 nostro
1510 4293 1651 4382 perficere

340 4399 396 4458 sut
417 4392 578 4476 potuimus
606 4403 702 4460 antea
731 4405 787 4461 aut
808 4397 961 4485 deinceps
994 4401 1091 4466 etiam
1119 4423 1214 4487 posse
1241 4400 1408 4484 videmur,
1442 4409 1479 4466 ut
1505 4396 1649 4464 concitato

338 4502 448 4560 teutee
470 4493 682 4562 multitudinis
712 4499 818 4566 studio
845 4523 905 4587 per
933 4523 993 4568 nos
1021 4503 1107 4572 solos
1134 4506 1310 4572 resistatur.
1345 4505 1463 4570 etenim
1491 4499 1648 4590 quodiam

339 4607 436 4665 antee
458 4621 586 4688 quoque
608 4600 660 4666 Μ*ι
681 4601 721 4664 V.
744 4601 778 4668 S.
799 4603 964 4672 bumilime
986 4607 1201 4674 indicavimus
1225 4617 1257 4674 et
1278 4610 1351 4696 ipsa
1372 4631 1432 4695 per
1445 4627 1481 4674 se
1504 4599 1645 4685 inmisit

337 4697 434 4787 longe
455 4704 600 4768 maxima
621 4704 748 4772 concilii
766 4729 841 4792 pars
855 4706 988 4776 Italicae
1003 4711 1142 4778 nationis
1158 4711 1386 4798 episcoporum
1400 4721 1458 4794 est,
1481 4711 1537 4798 qui
1552 4723 1645 4774 omnes

337 4805 570 4890 propemodum
598 4809 644 4874 its
666 4827 789 4875 summo
819 4811 964 4897 pontifici
994 4813 1116 4880 addicti
1145 4837 1218 4882 csse
1244 4816 1348 4882 rideri
1369 4814 1502 4892 volunt,
1529 4823 1563 4877 ut
1581 4801 1645 4874 nihil

335 4909 472 4995 aggredi
501 4909 585 4978 velle
609 4910 781 4978 videantur
806 4913 841 4978 in
863 4937 943 5000 quo,
973 4917 1000 4982 si
1022 4940 1087 4986 uon
1117 4941 1306 5006 expressam
1335 4917 1368 4988 S.
1391 4917 1441 4986 Sc.
1464 4915 1643 4986 voluntatem

336 5009 487 5094 babeam,
521 5011 636 5080 saltem
657 5015 738 5082 oern‘
759 5017 824 5082 siut
843 5015 926 5084 nihil
951 5039 986 5086 se
1008 5030 1121 5088 contra
1141 5023 1211 5088 eius
1232 5022 1434 5090 voluntatem
1455 5021 1642 5092 committere*
