3498 5818
955 825 1055 912 CLI.

705 1040 936 1117 Draakovica
963 1063 1010 1114 an
1038 1040 1112 1115 den
1143 1041 1297 1134 Kainon

782 1195 914 1258 Trisnt,
931 1195 948 1244 d
967 1193 1117 1245 Februar
1136 1192 1228 1247 issa.

637 1393 818 1449 Goacilucten.
845 1392 990 1464 Origine&
1012 1391 1041 1446 ia
1064 1398 1155 1462 torpa:
1179 1393 1219 1446 12
1242 1391 1377 1448 Februur.

441 1571 549 1654 Quum
572 1593 613 1636 ex
635 1573 819 1660 praecipuis
849 1569 1041 1660 quibusdam
1071 1569 1304 1636 intellexissem
1331 1569 1414 1634 Ill¹'¹⁰'
1442 1567 1565 1654 legatos
1597 1565 1675 1631 deli·

338 1674 483 1760 berasse,
517 1684 552 1740 ut
585 1675 617 1738 in
646 1677 793 1761 proxime
824 1674 931 1739 firtura
961 1673 1104 1738 sessione
1135 1673 1175 1738 de
1203 1672 1387 1739 nominibus
1410 1670 1598 1737 indictionis
1623 1669 1677 1732 vel

296 1803 299 1810 ¹
338 1777 587 1844 continuationis
609 1799 675 1842 non
699 1777 829 1865 quidem
851 1776 960 1864 aliqua
982 1777 1172 1864 disceptatio
1195 1777 1398 1859 instituatur,
1428 1774 1485 1839 sed
1507 1783 1617 1839 tamen
1642 1796 1678 1837 re

337 1882 409 1969 ipsa
431 1881 629 1947 continuatio
651 1880 708 1944 iiat
730 1879 985 1968 decernaturque
1008 1879 1049 1944 de
1071 1889 1278 1946 sacrosancto
1302 1879 1459 1943 sacrificio
1480 1877 1601 1941 missae
1615 1874 1676 1960 (ibi

339 1983 497 2070 siquidem
531 1984 688 2070 superiori
721 1983 857 2052 concilio
886 1984 1081 2051 intermissio
1109 1983 1195 2050 facta
1222 1980 1315 2068 tirit),
1344 1981 1485 2068 cogitavi
1514 2001 1575 2065 ego
1601 2001 1677 2042 cum

337 2084 410 2152 Ill¹²⁰
432 2085 474 2150 D.
498 2084 577 2152 Osio
605 2109 645 2152 ea
672 2085 712 2152 de
741 2109 776 2152 re
807 2086 1007 2154 familiariter
1034 2086 1189 2154 consenc.
1223 2109 1296 2152 cum
1318 2086 1429 2173 itaque
1452 2105 1495 2150 ex
1517 2105 1576 2148 sna
1600 2081 1677 2146 Ill'·

337 2188 396 2254 D⁶⁸
418 2187 503 2259 hanc
525 2187 659 2254 eandem
683 2188 951 2256 deliberationem
972 2197 1143 2256 tractatam
1174 2208 1245 2256 csse
1274 2189 1488 2275 accepissem,
1522 2186 1594 2252 dixi
1625 2209 1678 2250 mc

337 2292 371 2360 S.
394 2291 454 2358 Mn.
476 2291 516 2358 V.
540 2291 692 2358 mandata
713 2300 746 2358 et
767 2292 1009 2358 instructionem
1031 2292 1075 2358 ad
1096 2315 1211 2358 manns
1232 2315 1298 2358 non
1320 2291 1450 2372 babere,
1472 2289 1617 2377 ideoque
1639 2311 1678 2354 ea

338 2415 421 2483 quas
443 2393 584 2462 dicerem
607 2393 641 2460 S.
663 2392 737 2460 Ill⁰⁸
759 2393 820 2463 D¹‘⁰
849 2404 1003 2483 tanquam
1034 2417 1054 2460 a
1081 2395 1208 2482 privato
1236 2393 1366 2460 homine
1392 2393 1479 2459 dicta
1500 2394 1678 2479 acciperet.

337 2497 489 2564 subiunxi
511 2499 620 2586 itaque
641 2521 693 2564 me
715 2507 783 2564 tum
803 2497 882 2564 alibi
904 2509 973 2564 tum
994 2519 1073 2566 vero
1095 2498 1149 2564 hic
1164 2498 1311 2565 Tridenti
1334 2521 1377 2563 err
1399 2497 1431 2564 S.
1454 2495 1527 2562 111²·
1542 2497 1604 2562 D¹²⁸
1620 2519 1678 2561 au·

337 2597 470 2684 divisse,
491 2621 610 2675 nomen
639 2601 888 2668 continuationis
917 2601 1003 2667 idem
1033 2601 1215 2688 significare
1245 2602 1324 2689 ipsis
1350 2599 1605 2688 protestantibus
1637 2623 1678 2664 ac

336 2703 364 2768 si
385 2701 562 2770 diceretm:
597 2727 656 2770 vos
678 2703 850 2791 Germani,
881 2703 968 2770 Galli
996 2714 1029 2770 et
1058 2704 1124 2770 alia
1144 2705 1240 2772 turba
1260 2705 1506 2791 protestantium
1530 2702 1573 2768 ad
1597 2726 1676 2768 con-

336 2805 446 2872 cilium
469 2829 533 2874 non
555 2808 709 2892 venutis3
731 2808 848 2875 mnam
871 2807 980 2896 itaque
1003 2808 1082 2874 mihi
1103 2808 1217 2892 videri,
1240 2809 1269 2873 si
1290 2808 1399 2874 statim
1421 2808 1455 2873 in
1474 2808 1546 2894 ipso
1561 2805 1676 2872 limine

333 2907 462 2978 aoncilii
485 2910 520 2977 id
540 2910 620 2995 fieri,
644 2921 799 3000 quantum
822 2914 855 2980 in
877 2935 912 2978 se
933 2921 1028 2996 esset,
1050 2914 1259 2999 permitteret,
1283 2911 1372 2999 quod
1392 2919 1491 2977 antea
1510 2933 1552 2977 ne
1567 2913 1672 2976 nomi·

336 3014 407 3080 nari
429 3013 560 3102 quidem
588 3017 728 3082 maxime
751 3017 784 3082 in
813 3015 876 3084 hoc
906 3016 1040 3082 exordio
1073 3015 1252 3102 expediens
1286 3037 1358 3080 esse
1391 3013 1572 3080 videbatur.
1604 3023 1676 3080 turn

334 3118 504 3203 suspirans
533 3117 770 3204 quodammodo
799 3119 899 3186 dixit:
923 3142 958 3184 se
981 3117 1113 3208 quidem
1135 3120 1311 3184 etiamnum
1333 3127 1366 3184 st
1387 3115 1547 3204 quendam
1568 3115 1675 3183 alium

334 3217 495 3307 (legatum
517 3219 659 3309 aliquem
681 3221 896 3309 intelligebat)
926 3224 959 3288 in
982 3245 1021 3288 ea
1043 3245 1114 3290 esse
1137 3223 1297 3289 sententia
1316 3230 1354 3287 ut
1375 3220 1428 3288 vel
1451 3220 1565 3286 saltem
1588 3220 1673 3286 haec

333 3323 436 3390 sessio
468 3323 502 3391 in
529 3323 627 3390 alium
658 3323 800 3412 aliquem
826 3328 1000 3393 terminum
1022 3327 1223 3409 reticeretur,
1252 3347 1365 3390 rerum
1396 3323 1478 3390 alios
1498 3323 1674 3410 refragari3

334 3435 445 3493 nmen
467 3426 572 3514 inquit
599 3451 659 3496 vos
689 3451 818 3516 quoque
841 3439 984 3496 oratores
1005 3437 1149 3494 vestram
1172 3428 1364 3494 sententiam
1386 3425 1494 3493 dicere
1515 3427 1674 3512 poteritis.

334 3526 446 3597 dilatio
469 3539 579 3596 autam
601 3531 674 3616 ipsa
696 3530 749 3596 rel
772 3530 948 3597 saltam'ea
970 3531 1011 3598 de
1032 3552 1130 3596 causa
1144 3531 1309 3596 videretur
1323 3531 1515 3608 necessaria,
1531 3551 1572 3592 ne
1588 3528 1672 3594 hacc

334 3631 424 3720 quod
446 3631 532 3699 absit
547 3631 676 3700 concilii
690 3634 851 3721 praecisio
867 3657 887 3700 a
902 3634 979 3700 solis
994 3634 1167 3722 pontificiis
1182 3632 1298 3720 legatis
1314 3643 1347 3698 et
1359 3631 1420 3698 Mn.
1432 3631 1472 3696 V.
1489 3631 1672 3696 oratoribus

331 3734 419 3802 facta
453 3734 624 3803 diceretur.
660 3757 734 3802 cum
767 3745 875 3802 antam
903 3738 1148 3806 instructionem
1177 3736 1239 3802 ΜΨ
1261 3736 1302 3803 V.
1326 3735 1359 3801 S.
1375 3783 1384 3800 .
1400 3783 1434 3800 ..
1457 3755 1555 3822 quam
1584 3733 1671 3800 idern

332 3837 375 3904 D.
397 3839 572 3926 Pragensis
594 3838 676 3906 mihi.
696 3838 868 3926 legendam
888 3840 1122 3914 humanissime
1150 3839 1313 3922 exhibuit,
1343 3838 1479 3904 eandem
1506 3837 1575 3903 fere
1599 3859 1670 3902 sen-

333 3942 466 4008 tentiam
489 3944 653 4010 continere
675 3943 818 4028 videam,
847 3967 889 4010 ne
911 3943 1065 4010 videlicet
1086 3942 1299 4029 abrumpandi
1323 3939 1451 4008 concilii
1473 3940 1542 4006 sine
1565 3940 1673 4006 fructu

333 4046 522 4112 occasiones
555 4045 622 4114 ullo
654 4048 750 4114 modo
781 4049 1014 4136 praebeantur,
1047 4050 1156 4114 visum
1183 4057 1235 4112 ast
1259 4045 1353 4112 uobis
1382 4045 1596 4112 communiter
1627 4053 1671 4124 ut,

336 4158 494 4234 quantum
516 4150 550 4216 in
571 4149 666 4218 nobis
688 4153 758 4230 erit,
782 4153 815 4218 in
838 4174 876 4220 eo
900 4151 1102 4218 elaboremus
1124 4173 1190 4238 quo
1213 4149 1296 4216 haec
1315 4149 1417 4216 sessio
1432 4157 1488 4214 aut
1501 4146 1670 4216 differatur

334 4260 391 4316 ant
419 4249 533 4317 saltem
561 4275 621 4339 pro
651 4255 757 4325 forma
784 4253 865 4348 talia
892 4256 928 4320 in
956 4256 1029 4342 ipsa
1055 4263 1235 4322 dannatur
1263 4275 1347 4340 quae
1374 4250 1511 4318 alicnim
1539 4249 1672 4318 odiosae

335 4354 583 4423 continuationis
606 4357 748 4445 speciem
770 4381 836 4423 nou
858 4357 1022 4423 referant.
1040 4405 1072 4422 ..

475 4544 531 4596 Aua
550 4545 610 4595 dem
629 4551 716 4598 ersten
734 4547 822 4597 Brieia
842 4546 889 4598 des
907 4547 1007 4614 Preger
1018 4544 1190 4598 Embischois
1208 4560 1262 4597 von
1279 4542 1409 4611 gleicham
1422 4542 1508 4609 Tage:
1529 4541 1558 4596 G.
1574 4543 1672 4595 Hosius

405 4629 491 4681 fidelis
509 4635 550 4682 ast
567 4631 638 4696 apud
655 4637 743 4698 panes
762 4631 886 4684 defensor
902 4631 957 4683 Ma.
975 4632 1017 4696 V„
1035 4636 1064 4682 ut
1082 4632 1127 4698 qui
1145 4645 1232 4682 rarum
1255 4633 1283 4680 st
1307 4629 1487 4680 calamitatum
1510 4629 1669 4680 Germaniae

403 4732 458 4769 non
478 4725 517 4770 est
533 4719 648 4786 ignarus.
668 4747 700 4756 -
724 4718 814 4770 Uabsr
838 4719 889 4769 den
906 4717 1039 4785 Empiang
1063 4717 1110 4768 das
1127 4713 1299 4766 Erabisclrois
1321 4713 1376 4764 und
1400 4713 1447 4766 des
1470 4713 1501 4766 Β,
1519 4729 1575 4765 von
1591 4715 1671 4766 Funi-

403 4803 514 4857 kircban
532 4807 560 4858 in
577 4806 624 4858 der
643 4804 839 4873 congregation
862 4821 924 4856 vom
946 4807 962 4856 6
979 4805 1100 4856 Februar
1117 4821 1137 4855 s.
1156 4804 1195 4856 Le
1214 4801 1276 4853 Plat
1293 4803 1318 4864 δ,
1338 4802 1447 4853 ia-aa.
1482 4801 1515 4850 In
1528 4799 1670 4868 Ermangs·

403 4889 468 4958 lang
485 4894 571 4944 seines
589 4892 712 4945 Mandata
729 4895 800 4960 lsgts
819 4893 941 4944 letatcrsr
963 4892 1093 4942 aunttchst
1116 4891 1164 4942 das
1187 4889 1333 4942 Schraibsn
1351 4905 1400 4940 vor
1421 4889 1448 4938 in
1472 4887 1602 4938 walchem
1628 4886 1672 4937 dor

402 4978 499 5030 Kaisar
515 4979 568 5030 ihm
586 4979 713 5031 beiohlan
729 4980 804 5032 batte
822 4978 892 5030 nach
910 4979 1003 5029 Trisnt
1026 4994 1059 5030 au
1078 4977 1158 5044 gehn.
1194 4976 1284 5027 Ueber
1307 4973 1350 5026 die
1369 4973 1567 5040 congregation
1584 4974 1670 5039 liegen

403 5066 469 5118 awai
478 5065 602 5118 Bariahta
615 5065 662 5118 der
672 5066 803 5119 Oratoren
815 5081 876 5118 vom
890 5067 922 5118 10
931 5065 1051 5117 Febrnar
1060 5064 1254 5132 (Concilaatsn.
1273 5063 1361 5129 Orig.;
1373 5062 1400 5113 in
1410 5065 1484 5128 tergo
1502 5061 1534 5111 18
1544 5059 1669 5111 Februar.
