3450 5818
1354 485 1417 552 288

91 669 184 736 litoris
215 669 273 738 δ”
300 670 343 738 Ι).
366 671 406 738 N.
437 671 658 760 significatura
686 681 719 740 et
740 671 1007 740 commendatura
1033 673 1094 752 sit,
1121 671 1283 740 voluimus
1310 681 1419 738 umen

91 781 141 838 tua
162 796 300 864 quoque
322 798 516 862 operosam
538 775 582 842 sd
603 775 666 842 8¹³²
692 777 761 842 eius
789 775 909 842 deferri
938 775 1063 863 tibique
1084 785 1258 863 propterea
1279 774 1420 862 benigne

91 877 333 960 committimus,
363 886 400 943 ut
425 877 476 943 his
498 878 648 944 omnibus
671 878 783 945 ordine
806 880 963 966 expositis
986 877 1051 944 S‘·ln
1070 879 1140 946 sius
1163 901 1288 946 summo
1312 877 1420 944 studio

91 977 197 1043 verbis
220 980 342 1046 nostris
362 1003 473 1068 roges,
505 989 541 1046 ut
563 981 713 1068 dignetur
735 981 898 1048 antedicto
921 981 1166 1071 archiepiscopo
1187 982 1344 1069 Pragensi
1367 1003 1423 1049 ess

91 1103 170 1168 quas
201 1104 303 1170 supra
330 1085 652 1151 commemoravimus
681 1085 803 1172 gratias
832 1095 865 1152 et
891 1083 1062 1152 facultates
1095 1107 1154 1172 pro
1188 1084 1358 1152 commodo
1391 1093 1424 1150 et

90 1183 227 1251 utilitate
250 1185 395 1254 fidelium
416 1187 619 1256 subditorum
640 1199 824 1256 nostrorum
847 1191 881 1254 in
894 1188 958 1256 hoc
972 1211 1073 1276 regno
1088 1197 1198 1256 nostro
1215 1189 1422 1256 existentium

91 1286 176 1354 haud
206 1291 370 1376 geruum
398 1291 587 1358 concedere.
616 1315 681 1379 qua
711 1293 745 1358 in
766 1315 802 1360 re
825 1291 907 1358 sciat
929 1290 985 1358 δ”·
1007 1292 1076 1357 eius
1098 1313 1134 1358 se
1155 1290 1236 1356 nihil
1257 1291 1336 1358 novi
1357 1289 1422 1356 fac·

91 1401 204 1475 turam,
229 1395 384 1480 quoniam
403 1394 466 1460 hoc
487 1397 594 1483 ipsum
615 1405 713 1462 antea
735 1417 864 1483 quoque
885 1404 923 1461 ut
945 1393 1068 1460 dictum
1090 1405 1139 1461 est
1160 1417 1235 1461 cum
1256 1392 1359 1460 felicis
1374 1415 1422 1460 re

92 1493 291 1562 cordationis
312 1519 401 1584 papa
421 1497 522 1564 Paulo
544 1497 611 1582 111,
640 1507 758 1585 agente
780 1508 857 1565 tnnc
885 1499 918 1564 in
940 1497 1018 1564 aula
1038 1508 1150 1566 nostra
1171 1499 1324 1564 nuncium
1346 1518 1423 1583 apo·

93 1595 245 1664 stolicum
267 1599 329 1664 ΒΜ
350 1599 393 1666 D.
414 1600 573 1688 Prospero
597 1599 637 1667 de
661 1599 695 1666 S.
707 1600 821 1686 Oruce,
844 1611 1017 1668 tractatum
1039 1626 1079 1670 ac
1096 1601 1196 1670 ferme
1210 1600 1308 1689 plane
1323 1609 1425 1666 trans·

91 1711 200 1767 actum
222 1702 284 1768 fuit
306 1703 542 1770 conditionibus
563 1726 630 1786 non
651 1704 698 1770 ita
719 1705 897 1772 commodis
931 1728 1030 1794 quam
1060 1727 1147 1772 nuuc
1169 1705 1285 1770 confici
1306 1711 1425 1789 posset,

92 1815 189 1890 prout
212 1807 312 1872 stiam
332 1816 478 1896 tempore
500 1806 604 1875 felicis
625 1807 859 1876 recordationis
880 1807 961 1876 Julii
982 1809 1035 1874 III
1056 1807 1100 1876 ad
1121 1807 1156 1873 id
1176 1809 1284 1897 ipsum
1299 1805 1427 1872 invitati

90 1908 219 1994 fuimus,
242 1909 301 1976 ubi
322 1919 431 1976 umen
452 1935 518 1978 non
540 1935 581 1978 ea
600 1914 649 1980 rei
670 1912 754 1979 bene
770 1910 934 1999 gerendae
949 1913 1078 1981 occasio
1094 1909 1325 1978 ostendebatur
1340 1929 1425 1996 quac

92 2013 155 2078 iam
179 2021 329 2099 apparet

196 2115 373 2184 Praeterea
393 2116 612 2186 intelleximus
635 2119 757 2186 dicarm
778 2119 817 2186 R„
840 2121 994 2186 nuncium
1015 2117 1230 2204 apostolicum
1252 2114 1309 2181 8²⁰
1328 2114 1371 2180 D.
1385 2113 1426 2180 N.

93 2221 304 2307 proposuisse
326 2229 364 2287 ut
385 2220 441 2288 δ”·
462 2223 532 2290 eius
555 2223 706 2311 dignetur
728 2223 917 2312 dispensare
939 2245 1013 2289 cum
1035 2222 1075 2288 iis
1098 2223 1154 2309 qui
1175 2223 1210 2286 in
1235 2218 1299 2287 hoc
1325 2239 1427 2306 regno

93 2332 206 2389 nostro
228 2323 406 2392 Bohemiae
427 2323 481 2392 vel
502 2327 738 2415 archiepiscopi
760 2325 814 2393 vel
835 2326 969 2414 capituli
998 2323 1050 2392 vel
1078 2323 1143 2392 alia
1167 2324 1256 2390 bona
1277 2321 1428 2390 ecclesia

94 2427 179 2492 stica
200 2427 379 2515 possident,
402 2437 435 2494 et
449 2427 514 2496 8²⁸¹·
538 2432 607 2498 eius
628 2429 846 2517 respondisse,
869 2431 896 2494 si
909 2451 1046 2516 regnum
1060 2427 1123 2494 hoc
1136 2435 1283 2494 nostrum
1297 2425 1426 2514 penitus

98 2539 130 2596 et
152 2531 282 2615 integre
304 2529 499 2600 catholicum
521 2543 606 2600 esset
628 2555 804 2621 omnesque
826 2541 933 2600 sectas
965 2531 1147 2620 relinquere
1169 2529 1281 2614 vellet,
1303 2527 1430 2595 facilius

96 2631 163 2698 8²⁸¹·
185 2655 279 2700 suam
301 2656 545 2721 concessuram,
575 2637 633 2704 sed
659 2660 725 2704 non
751 2638 856 2704 videri
878 2636 940 2703 sibi
962 2659 1036 2704 cum
1057 2635 1229 2702 haereticis
1250 2633 1432 2718 transigen-

96 2735 176 2802 dnm
197 2759 306 2825 neque
328 2739 375 2806 eis
397 2740 593 2827 apostolicas
620 2741 744 2827 gratias
766 2738 980 2826 elargiendas.
1012 2739 1088 2826 quia
1108 2759 1187 2804 vero
1211 2737 1319 2822 agitur
1339 2744 1376 2800 nt
1397 2733 1432 2800 id

95 2839 205 2928 ipsum
228 2841 317 2928 quod
340 2841 395 2908 8²⁸¹
418 2866 478 2910 sua
498 2844 552 2931 pie
573 2842 726 2931 proponit
740 2853 950 2932 exoptatque,
972 2863 1086 2908 verum
1101 2841 1255 2908 sortiatur
1269 2839 1430 2920 effectum,

97 2945 154 3032 qui
179 2943 314 3010 effectus
335 2954 405 3012 tum
426 2948 630 3034 potissimum
652 2947 714 3014 deo
744 2946 874 3014 volente
902 2955 1073 3035 sequetur,
1097 2943 1227 3032 quando
1249 2964 1315 3010 non
1336 2939 1433 3008 modo

98 3045 268 3132 catholici,
298 3071 410 3116 verum
437 3051 535 3118 etiam
557 3050 604 3116 illi
625 3052 683 3136 qui
704 3050 882 3117 servabunt
903 3058 1108 3138 compactata
1129 3070 1165 3115 se
1187 3046 1433 3134 archiepiscopo

97 3149 272 3216 subiiciunt
298 3161 395 3240 atque
416 3152 587 3242 parebunt,
609 3152 791 3220 istiusmodi
813 3163 921 3218 autem
944 3153 1100 3219 subiectio
1124 3160 1157 3218 ct
1178 3149 1364 3218 obedientia
1385 3170 1433 3213 ar

101 3253 313 3342 chiepiscopo
335 3257 534 3342 praestanda
547 3259 664 3326 minori
677 3259 815 3345 negocio
831 3257 970 3324 obtineri
983 3255 1101 3339 valeat,
1125 3256 1153 3320 si
1167 3253 1435 3340 impedimentum

100 3356 189 3445 quod
211 3360 369 3424 oriturum
391 3359 520 3428 videtur
541 3383 585 3426 ex
606 3363 814 3448 usurpatione
832 3360 991 3427 bonorum
1006 3357 1301 3426 ecclesiasticorum
1314 3364 1434 3422 retrac-

100 3461 142 3526 tis
165 3463 261 3528 snnis
282 3461 369 3528 facta
390 3465 520 3530 omnino
543 3474 742 3549 amoveatur,
765 3464 896 3551 quando
920 3463 1051 3552 quidem
1073 3461 1216 3550 potiores
1229 3459 1326 3524 huius
1341 3457 1435 3544 regni

100 3565 205 3630 nostri
226 3587 389 3652 proceres,
412 3567 568 3653 quamdiu
588 3567 779 3634 facultatum
802 3589 935 3634 sumum
956 3566 1161 3634 amissionem
1176 3560 1344 3646 timebunt,
1366 3570 1435 3626 tam

103 3667 159 3734 diu
182 3669 281 3734 ctiam
304 3669 497 3736 concordiae
519 3681 552 3737 et
572 3670 649 3758 paci
675 3669 834 3738 ecclesiae
861 3691 901 3738 ac
929 3669 1092 3736 autoritati
1120 3667 1205 3733 sedis
1235 3663 1435 3754 apostolieae

103 3779 135 3834 et
162 3769 400 3861 archiepiscopi
426 3773 615 3841 reluctaturi
643 3784 732 3859 sunt,
760 3774 833 3842 ideo
863 3772 1012 3842 volumus
1042 3771 1106 3840 8¹⁸²
1135 3791 1227 3836 suam
1248 3769 1312 3834 hac
1335 3769 1375 3835 de
1396 3791 1433 3834 re

103 3876 234 3939 nomine
256 3885 365 3943 nostro
389 3899 455 3965 qua
476 3900 538 3965 par
558 3887 608 3944 est
629 3879 812 3945 reverentia
833 3877 990 3961 edoceas,
1013 3875 1131 3964 quibus
1154 3882 1187 3940 et
1207 3871 1288 3939 illud
1309 3870 1437 3939 accedit

106 3976 194 4064 quod
216 3977 416 4066 dispensatio
439 4003 524 4070 quae
546 3980 714 4048 catholicis
737 3981 909 4048 dumtaxat
934 3977 1121 4047 huiusmodi
1149 3976 1309 4044 bonorum
1337 3996 1438 4040 causa

107 4080 321 4167 concedatur,
348 4106 415 4151 non
442 4085 547 4152 solum
569 4085 613 4152 ad
634 4087 897 4174 consequendum
919 4093 1065 4152 nostrum
1086 4088 1299 4146 memoratum
1320 4098 1437 4166 propo·

107 4183 202 4250 sibam
224 4188 501 4254 communicantes
530 4188 590 4254 sub
619 4198 756 4277 utraque
785 4189 828 4256 ad
855 4188 1013 4276 geroium
1035 4185 1068 4251 S.
1089 4184 1128 4250 It
1159 4181 1315 4248 ecclesiae
1343 4178 1437 4246 redu·

109 4287 202 4354 cendi
229 4311 298 4356 non
318 4313 437 4378 magno
459 4293 533 4358 usui
553 4292 678 4378 futura,
701 4293 760 4360 sed
781 4316 847 4361 non
868 4291 1005 4358 multum
1025 4287 1171 4355 utilitatis
1193 4285 1331 4352 allatura
1353 4291 1438 4350 esset

109 4390 159 4457 rel
180 4392 340 4480 Pragensi
367 4395 420 4462 vel
448 4396 519 4462 aliis
549 4397 795 4487 quibuscunque
828 4398 862 4462 in
893 4395 957 4464 hoc
989 4416 1090 4481 regno
1122 4401 1233 4459 nostro
1263 4387 1439 4455 Bohemiae

111 4495 269 4582 ecclesiis,
299 4500 363 4565 nisi
389 4499 424 4566 in
451 4521 492 4568 ea
513 4502 611 4568 etiam
632 4499 944 4590 comprehendantur
965 4498 1013 4564 illi
1035 4497 1091 4584 qui
1111 4495 1174 4562 sub
1196 4502 1332 4581 utraque
1354 4513 1439 4558 com·

111 4603 275 4674 nument
295 4615 429 4691 propter
450 4627 601 4692 magnam
628 4604 891 4693 inaequalitatem
921 4601 1049 4690 aliaque
1078 4595 1299 4680 incommoda,
1326 4594 1439 4661 habita

113 4708 237 4774 ratione
259 4707 356 4796 quod,
379 4710 408 4774 si
429 4708 581 4777 catholici
602 4707 798 4776 eiuscemodi
819 4706 907 4774 bona
928 4706 1078 4791 exigente
1093 4702 1285 4770 necessitate
1300 4699 1441 4768 alienare

113 4820 142 4876 et
163 4812 476 4880 communicantibus
497 4811 558 4878 sub
580 4822 717 4901 utraque
737 4811 881 4878 vendere
901 4807 1032 4888 vellent,
1054 4806 1216 4872 neminem
1239 4825 1282 4870 ex
1303 4801 1366 4868 illis
1389 4823 1438 4868 re·

114 4915 234 4999 portum
256 4926 365 4984 essent
386 4919 443 5005 qui
464 4940 504 4985 ea
525 4927 659 5004 emeret,
695 4917 767 5005 quis
797 4916 883 4982 enim
913 4920 1061 4999 erogaret
1086 4909 1259 4998 pecuniam
1286 4927 1378 4972 suam
1406 4905 1440 4969 in

115 5019 308 5106 emptionem
329 5021 487 5090 bonorum
509 5023 551 5090 de
573 5043 708 5113 quorum
738 5019 876 5108 pacifica
904 5017 1110 5105 possessione
1137 5033 1302 5100 nunquam
1329 5015 1441 5096 posset

1188 5131 1236 5184 ts*
