3512 5838
416 719 494 771 qnam
511 706 567 757 sine
582 705 639 757 ulla
654 721 702 772 spe
718 705 850 773 profectus
868 721 928 756 curn
945 711 1018 757 metu
1036 707 1114 758 etiam
1132 707 1258 758 maiorum
1275 704 1403 757 malorum
1422 705 1556 758 innb’liter
1573 709 1681 773 ternpus

415 795 507 843 terere.
526 793 702 860 superioribus
720 791 826 858 quidem
844 791 935 843 diebus
953 807 1067 844 summus
1085 793 1203 860 pontifex
1221 793 1341 856 ostendit,
1360 795 1382 843 si
1400 807 1433 844 ea
1450 807 1492 844 res
1514 793 1589 844 forte
1608 794 1679 858 prin·

417 878 518 944 cipibus
536 878 682 930 christianis
702 879 863 944 probaretur,
881 894 910 930 ae
927 877 1040 930 libenter
1058 895 1118 930 curu
1144 878 1249 931 consilii
1274 879 1462 946 approbatione
1487 895 1558 945 qnos
1581 881 1682 944 poterit

413 965 649 1029 praestantissimos
667 966 766 1030 pietate
783 966 913 1030 sapientia
932 969 958 1015 et
977 967 1137 1032 experientia
1154 967 1231 1029 viros,
1256 965 1417 1031 principibus
1435 965 1515 1016 etiam
1535 970 1632 1032 gratos
1650 969 1677 1016 et

415 1051 539 1116 probatos
557 1050 727 1114 delectarum,
746 1067 811 1116 quos
830 1052 857 1101 in
875 1051 991 1116 singulas
1007 1053 1157 1117 provincias
1175 1067 1236 1102 cum
1255 1051 1325 1102 omni
1343 1051 1484 1102 autoritate
1495 1052 1598 1112 mittat,
1613 1066 1677 1116 quo·

414 1149 472 1186 rum
489 1135 586 1188 indicio
605 1137 668 1204 quid
687 1139 782 1203 cuique
799 1138 951 1203 provinciae
969 1138 1048 1188 tribui
1067 1144 1095 1188 et
1114 1136 1225 1188 consedi
1244 1139 1384 1188 conveniat
1402 1137 1509 1189 omnino
1533 1135 1681 1186 relicturus

418 1223 460 1287 sit,
477 1228 507 1273 nt
525 1239 557 1274 eo
575 1237 658 1289 usquc
675 1223 875 1289 progrediantur
892 1222 980 1290 quoad
997 1221 1062 1273 tides
1080 1225 1193 1289 ipsorum
1218 1229 1245 1274 et
1267 1223 1430 1274 conscientia
1456 1228 1484 1273 et
1507 1221 1680 1272 orthodoxas

415 1308 547 1374 religionis
565 1311 729 1360 conservatio
748 1311 890 1375 permittet.
909 1308 972 1374 quid
991 1323 1024 1358 ea
1041 1307 1074 1358 de
1092 1323 1121 1359 re
1139 1307 1183 1360 Mt*
1202 1307 1229 1361 S.
1246 1309 1374 1370 videatur,
1398 1309 1429 1359 iis
1453 1309 1560 1374 aperire
1588 1307 1679 1374 digna·

415 1393 486 1445 bitur
503 1396 547 1460 qui
565 1394 632 1446 haee
650 1394 688 1445 illi
706 1395 876 1461 proponenda
896 1400 1026 1446 curarunt.
1045 1396 1067 1444 ai
1086 1400 1175 1445 tamen
1193 1394 1261 1446 haee
1277 1397 1344 1446 rutio
1363 1397 1449 1446 minus
1466 1393 1512 1444 bl¹¹
1534 1395 1564 1445 S.
1584 1396 1680 1460 proba·

413 1484 492 1539 retur.
519 1480 581 1546 qnid
599 1485 686 1530 tamen
704 1481 795 1531 melius
813 1479 868 1530 tisri
885 1482 970 1546 possit
987 1481 1038 1532 hoc
1061 1485 1178 1546 tempore
1201 1496 1254 1532 non
1275 1481 1379 1544 vident,
1404 1481 1454 1530 nisi
1479 1481 1544 1530 Mt·-
1571 1480 1598 1532 S.
1621 1497 1681 1532 eon·

416 1566 512 1616 iunctis
529 1567 579 1618 sibi
597 1566 704 1632 reliquis
723 1567 897 1632 principibus,
919 1581 980 1617 nam
998 1567 1025 1616 id
1043 1581 1147 1632 quoque
1165 1567 1342 1618 neceesarium
1361 1572 1443 1630 esset,
1466 1567 1564 1616 msiori
1591 1565 1678 1631 aliquo

415 1651 502 1704 studio
521 1657 548 1702 et
565 1653 706 1704 autoritate
723 1657 805 1702 totam
825 1652 930 1704 concilii
948 1665 1055 1704 cauum
1067 1653 1276 1718 amplecteretur,
1295 1667 1373 1719 quam
1385 1653 1411 1702 in
1425 1655 1590 1703 senteutiam
1602 1651 1678 1716 plura

417 1736 469 1788 disi
485 1743 600 1803 possent,
618 1738 641 1788 si
658 1753 725 1804 quae
743 1737 776 1788 de
795 1739 882 1790 animo
900 1737 955 1789 Mi·
974 1737 1001 1789 8.
1018 1739 1095 1790 nobie
1120 1738 1283 1804 pollicemur,
1302 1737 1393 1788 eadem
1413 1737 1446 1788 de
1463 1737 1605 1789 nonnullis
1623 1736 1679 1788 aliia

415 1824 576 1889 principibus
593 1839 698 1890 sperare
716 1838 862 1889 possemus.
880 1823 946 1874 haec
963 1829 1052 1874 tamen
1070 1827 1157 1876 omnia
1175 1831 1201 1875 et
1218 1824 1272 1874 xlia
1288 1823 1416 1875 nonnulla
1433 1839 1501 1890 quae
1521 1821 1570 1874 Mi*
1583 1821 1610 1874 S.
1624 1838 1680 1872 rer·

414 1909 456 1961 bia
474 1909 607 1960 declarata
624 1915 693 1974 sunt,
711 1926 779 1977 qnae
796 1912 893 1978 scripto
912 1909 1132 1978 comprehendere
1149 1925 1258 1962 necesse
1269 1925 1323 1962 non
1336 1910 1393 1973 mit,
1411 1910 1613 1977 sapientissimo
1625 1907 1679 1958 M*

415 1994 444 2049 S.
460 1995 558 2048 indieio
576 1997 755 2048 subiicinntur.

906 2434 1110 2522 CCLXX.

580 2653 659 2730 Der
686 2655 816 2730 llaiaer
843 2675 889 2730 an
918 2656 1050 2731 seinen
1080 2651 1223 2731 Orator
1249 2653 1284 2728 in
1314 2651 1426 2742 ltom;

819 2825 926 2891 Wien,
944 2827 984 2877 28
1001 2825 1072 2876 Jnli
1097 2825 1190 2877 1563.

774 3005 845 3062 Aroe
866 3004 900 3061 A.
927 3004 1056 3078 Oripiuul
1076 3005 1133 3059 aod
1157 3002 1246 3076 Cupie.

451 3183 654 3252 Arbitramur
683 3194 715 3250 te
741 3187 862 3252 recenti
884 3194 992 3250 tenere
1025 3184 1179 3250 memoria
1208 3204 1248 3248 ea
1278 3204 1362 3272 quae
1392 3181 1560 3269 superiore
1588 3201 1663 3246 anno

348 3311 459 3356 manse
480 3289 597 3356 Martio
620 3285 687 3376 [Νι.
710 3287 812 3376 CLX]
836 3287 894 3354 tibi
918 3289 1115 3354 iniunximus
1136 3286 1306 3352 tractanda
1327 3309 1400 3352 eum
1423 3284 1479 3352 8⁰⁰
1503 3283 1546 3350 D.
1569 3284 1607 3350 N.
1628 3282 1663 3348 de

350 3392 554 3460 concedendo
577 3391 729 3458 facultate
750 3392 787 3457 lt
810 3391 1052 3480 archiepiscopo
1074 3390 1240 3474 Pragensi,
1264 3388 1351 3476 quod
1372 3391 1474 3476 possit
1496 3390 1599 3456 sacris
1613 3387 1662 3452 ini·

349 3499 431 3563 tiare
454 3519 511 3563 seu
534 3493 683 3562 ordinum
704 3497 738 3560 in
759 3517 859 3582 reguo
881 3503 990 3561 nostro
1013 3494 1188 3559 Bohemiae
1210 3492 1281 3559 illos
1303 3494 1399 3559 etiarn
1415 3493 1600 3560 sacerdotes
1614 3491 1662 3579 qui

350 3597 470 3690 populo
493 3602 749 3667 communionem
772 3599 831 3664 sub
854 3609 991 3686 utraque
1014 3599 1121 3685 specie
1145 3595 1401 3684 dispensant...
1423 3598 1530 3662 risum
1552 3591 1657 3662 fuitS'¹

350 3703 522 3772 eiuaillud
544 3705 705 3770 remittere
727 3702 913 3790 adlegatos
936 3699 1074 3786 concilii,
1097 3711 1133 3766 ut
1154 3699 1194 3766 de
1218 3722 1256 3765 eo
1280 3722 1354 3766 eum
1381 3697 1466 3766 dioto
1495 3699 1658 3787 archiepis

350 3831 431 3896 copo
454 3816 594 3894 agerent
617 3808 724 3896 itaque
745 3808 777 3872 in
799 3805 885 3872 hanc
906 3827 1009 3893 usque
1038 3804 1123 3872 diem
1149 3805 1251 3891 petita
1276 3802 1413 3870 facultas
1440 3802 1580 3870 obtineri
1605 3823 1659 3866 non

350 3913 463 4001 potuit
485 3933 558 3978 cum
568 3933 646 3978 vero
661 3933 712 3977 res
727 3911 836 3998 magni
859 3911 900 3976 eit
921 3909 1073 3975 momenti
1095 3931 1135 3973 ac
1155 3907 1354 3974 nullomodo
1368 3907 1615 3995 postponenda.
1629 3951 1636 3968 .
1650 3953 1656 3968 .

350 4037 553 4105 nequaquam
587 4012 737 4079 duximus
773 4011 984 4078 omittendum
1012 4012 1089 4097 quin
1121 4009 1179 4075 tibi
1210 4010 1243 4075 id
1263 4013 1390 4097 negocii
1419 4011 1524 4076 denuo
1562 4010 1654 4075 iniun·

350 4141 499 4206 geremus
532 4117 619 4205 apud
652 4117 716 4183 sen
740 4118 807 4182 eius
830 4114 990 4202 agendum
1013 4124 1045 4180 et
1067 4111 1174 4202 quoad
1196 4115 1264 4180 eius
1287 4137 1428 4202 unquam
1450 4113 1519 4180 fieri
1552 4110 1656 4202 poterit

351 4221 589 4311 perficiendum.
612 4221 750 4310 ideoque
771 4219 829 4286 tibi
851 4218 991 4304 benigne
1015 4215 1242 4283 committimus
1265 4227 1302 4282 ut
1316 4265 1324 4280 .
1340 4265 1348 4282 .
1367 4264 1399 4282 ..
1435 4215 1520 4282 hanc
1541 4239 1608 4282 rem
1621 4210 1653 4278 S*

352 4327 420 4392 eius
442 4327 475 4390 in
496 4327 682 4392 memoriam
713 4323 849 4389 reducas
879 4323 974 4409 eique
999 4321 1132 4386 ulterius
1163 4320 1340 4407 significes,
1370 4318 1435 4385 8¹⁶¹*
1464 4321 1534 4386 eius
1555 4319 1653 4385 hucus-

354 4451 417 4517 que
457 4428 624 4496 manifecte
658 4427 879 4514 perspexisse,
917 4447 981 4511 qua
1017 4445 1095 4489 cura
1132 4432 1164 4488 et
1200 4422 1400 4488 solicitudine
1428 4446 1487 4489 nos
1521 4423 1596 4489 inde
1620 4418 1651 4484 ab

353 4533 513 4598 initio...
537 4531 684 4620 gubernii
704 4532 805 4597 nostri
828 4527 1042 4595 studuerimus
1066 4548 1257 4592 conservare
1286 4525 1474 4592 catholicam
1503 4537 1536 4592 et
1564 4523 1652 4594 ortho-

354 4635 473 4703 doxam
494 4635 681 4722 religionem
701 4644 842 4702 nostram
865 4631 1150 4719 inobedientesque
1166 4631 1198 4694 in
1214 4639 1369 4719 quantum
1384 4627 1454 4696 fieri
1468 4633 1572 4718 potuit
1586 4647 1651 4694 corn·

352 4737 583 4829 poscuerimus,
607 4737 765 4828 collapsas
787 4737 993 4805 fundationes
1015 4735 1251 4803 ecclesiasticas
1262 4735 1494 4800 restituerimus
1505 4749 1650 4818 novasque

354 4842 398 4910 ad
417 4841 553 4930 gloriam
577 4843 628 4908 dei
650 4845 920 4910 erexerimus...
943 4842 1021 4929 quin
1043 4842 1138 4906 etiam
1163 4837 1334 4924 collegium
1357 4839 1518 4904 societatis
1534 4833 1648 4904 Jesuiu

354 4946 468 5014 eodem
498 4968 598 5033 reguo
619 4957 729 5014 nostro
751 4945 926 5013 Bohemiae
955 4945 1047 5010 sicuti
1075 4944 1109 5007 in
1131 4940 1202 5007 aliis
1229 4941 1376 5029 pluribus
1404 4939 1485 5007 locis
1518 4935 1647 5006 maximit
1729 5003 1730 5010 ,

356 5051 536 5142 sumptibus
555 5053 673 5118 nostrie
695 5053 889 5118 erexerimus
912 5049 1005 5137 eique
1029 5055 1133 5114 certos
1150 5055 1182 5111 et
1195 5044 1372 5114 loculentos
1388 5045 1531 5112 redditus
1547 5055 1647 5110 annuos
