3512 5838
194 746 381 799 tnsbesondere
398 759 432 796 an
448 739 537 794 Dellin
553 742 608 794 und
625 741 687 794 liess
704 741 787 796 dureh
803 744 849 795 iim
867 743 925 796 dein
942 745 1037 797 Ksiser
1053 747 1213 801 remsnlieh
1229 764 1323 818 sager:
1392 756 1442 808 ohe

193 849 222 887 se
246 833 272 885 S.
289 832 340 884 Mu
362 831 426 882 dara
442 831 558 882 tomento
576 843 594 879 s
610 829 635 879 le
653 828 765 880 iantaeie
784 829 828 880 del
847 836 926 882 eonte
944 832 971 882 di
993 832 1082 897 Luna,
1111 851 1164 885 non
1186 835 1243 888 fars
1266 839 1294 889 in
1322 845 1443 894 sostenes

192 919 259 972 ultio
278 919 327 971 ohe
349 919 487 969 ritrsttsrsi
507 917 676 966 tariumsnte
694 920 720 967 et
739 918 884 968 consentire
909 917 958 968 olis
981 924 1073 984 questa
1095 920 1188 972 sinodo
1210 925 1272 974 resti
1296 925 1441 992 desperata

192 1005 251 1057 eliel
270 1005 341 1056 detto
352 1007 428 1056 eunte
445 1017 562 1070 propone
580 1016 643 1052 sose
660 1001 735 1052 luera
747 1001 773 1052 di
783 1007 870 1069 tempo
882 1019 936 1054 nou
950 1006 1107 1068 necessarie,
1119 1013 1242 1072 suggesta
1255 1008 1289 1062 da
1306 1011 1441 1082 theologhi

191 1092 365 1154 melnnnolioi,
383 1096 410 1141 et
427 1089 477 1140 ohe
495 1089 539 1140 del
557 1103 586 1138 re
603 1102 651 1139 suo
669 1087 821 1152 medesimo,
839 1091 859 1138 s'
871 1090 923 1156 egli
940 1095 1045 1156 potesse
1062 1091 1144 1142 veder
1161 1093 1180 1142 il
1198 1100 1267 1145 stete
1285 1096 1318 1147 de
1335 1097 1362 1150 le
1379 1115 1442 1152 sose

191 1183 219 1231 et
235 1195 287 1230 non
304 1176 376 1228 insse
393 1178 420 1226 in
437 1174 533 1226 tinibus
550 1172 649 1238 mundi,
666 1174 827 1226 sarrebbouo
845 1176 990 1227 bissimnte.
1019 1177 1068 1230 elis
1092 1179 1120 1228 in
1137 1181 1190 1230 mia
1216 1183 1373 1236 eomoieuna
1400 1187 1442 1238 eol

191 1271 269 1318 oonte
286 1279 338 1316 non
356 1269 470 1329 tergono
488 1276 522 1312 ne
540 1260 666 1311 Frnnoesi
683 1274 718 1310 ue
736 1265 809 1325 parte
836 1261 933 1314 alenus
959 1262 985 1314 di
1003 1265 1087 1330 questi
1105 1265 1187 1330 padri,
1213 1266 1318 1333 laquale
1344 1271 1443 1325 habbis

189 1354 218 1403 in
235 1367 264 1404 se
280 1367 316 1402 un
333 1347 441 1400 minimo
459 1347 601 1413 vantaggio
619 1361 654 1397 ne
673 1345 700 1396 di
719 1346 834 1398 dottrina
851 1363 884 1398 ne
903 1348 930 1398 di
946 1349 1087 1414 prudenza.
1107 1351 1156 1402 elie
1168 1369 1222 1403 non
1239 1355 1262 1404 si
1279 1359 1359 1408 tratta
1376 1357 1442 1411 hora

190 1439 218 1490 di
235 1436 365 1489 dieliiarsr
380 1434 480 1502 parole,
497 1447 541 1484 ma
559 1434 582 1483 si
599 1436 680 1484 trstts
697 1431 725 1483 di
741 1433 816 1484 voler
833 1438 959 1485 mostrare
978 1435 1026 1488 ohe
1044 1438 1066 1486 ei
1083 1452 1136 1502 pue
1153 1440 1199 1504 piu
1211 1438 1254 1490 del
1267 1444 1439 1496 conveniente

192 1525 241 1576 elie
259 1527 279 1576 s'
288 1523 324 1575 hs
351 1524 473 1589 ogn'uno
491 1519 535 1571 nel
551 1533 653 1585 pugno,
678 1517 728 1570 ohe
750 1520 772 1568 si
794 1518 822 1571 ia
846 1519 901 1570 dire
918 1521 940 1570 si
959 1526 985 1572 et
1001 1537 1068 1586 non,
1092 1529 1118 1574 et
1136 1539 1197 1575 oose
1220 1526 1297 1578 simili
1320 1529 1346 1580 le
1368 1531 1439 1596 quali

188 1626 336 1680 presupono
354 1609 404 1660 ohe
421 1607 454 1662 V.
473 1605 499 1658 d.
517 1603 625 1656 intends
644 1609 670 1654 et
687 1619 798 1672 sappera
816 1605 880 1658 dire.
900 1605 927 1656 ls
944 1605 985 1656 θ’·
1008 1607 1051 1659 del
1068 1623 1145 1676 papa,
1163 1611 1213 1662 elie
1231 1611 1266 1664 lie
1282 1613 1349 1666 tatto
1367 1622 1441 1669 tanto

187 1703 214 1750 et
230 1702 302 1750 tauto
316 1702 371 1752 ete
388 1691 590 1763 periareperls
606 1689 655 1740 Ml·
675 1689 709 1755 S„
726 1692 854 1758 potrebbe
863 1693 916 1743 ben
925 1695 1045 1744 meritare
1056 1695 1104 1745 ohe
1115 1695 1151 1747 lei
1169 1698 1290 1748 seriressi
1307 1700 1333 1750 al
1351 1708 1437 1770 conte,

73 1791 77 1800 ’
188 1801 260 1838 esser
277 1787 350 1836 oerts
367 1782 417 1833 ohe
443 1781 488 1831 noi
505 1781 514 1829 i
531 1778 589 1830 suoi
615 1778 697 1845 legati
719 1793 753 1828 ne
775 1777 801 1828 le
825 1793 887 1829 sose
904 1776 1014 1830 honeste
1032 1779 1057 1831 lo
1077 1781 1265 1848 consolareme,
1296 1791 1322 1836 et
1340 1790 1394 1840 eosi
1413 1789 1440 1844 S.

186 1871 237 1924 Ml·
260 1876 338 1940 potrs
354 1868 478 1934 sbrigarsi
496 1870 524 1916 et
540 1880 593 1915 non
611 1865 631 1915 s’
641 1878 835 1930 accompagnati
853 1880 903 1914 oon
916 1879 974 1915 esso
987 1870 1065 1916 conte
1076 1868 1104 1916 in
1115 1869 1272 1935 travagliare
1285 1871 1312 1922 S.
1324 1872 1377 1928 Si&
1391 1875 1441 1927 eho

186 1965 281 2027 questa
297 1955 397 2024 synodo
410 1952 553 2006 benedisoe
572 1951 598 2003 S.
616 1949 666 2001 Μ’*
683 1955 709 2001 et
725 1949 825 2016 preghs
842 1965 889 2018 per
905 1950 932 2001 la
949 1951 1050 2003 felicita
1067 1954 1212 2022 susdoppo
1223 1956 1250 2007 la
1262 1964 1338 2010 santa
1348 1960 1440 2013 ultima

186 2046 323 2098 risolution
341 2043 375 2094 ds
391 2041 427 2092 lei
444 2040 519 2103 satta,
538 2042 565 2090 et
583 2036 631 2089 ohe
657 2038 683 2089 io
700 2036 782 2104 perho
809 2038 835 2087 iu
853 2038 999 2089 visceribus
1017 2039 1083 2090 Jesu
1101 2041 1196 2094 Christi
1213 2045 1311 2111 prsgho
1330 2046 1357 2101 s,
1374 2048 1438 2115 Mn,

187 2133 236 2186 ohe
253 2148 306 2184 uon
323 2131 346 2183 si
363 2143 441 2180 mora
458 2131 539 2194 punto
557 2139 592 2175 ue
609 2124 698 2175 seriva
716 2138 778 2175 eoss
796 2122 924 2189 implicita
947 2141 962 2174 o
987 2125 1116 2192 explicita,
1143 2143 1190 2193 per
1212 2130 1239 2180 le
1262 2133 1340 2197 quale
1358 2149 1437 2201 appa.

185 2234 261 2271 reses
279 2215 339 2270 ohel
357 2213 429 2267 detto
449 2217 526 2264 conte
544 2211 560 2262 l'
570 2210 670 2262 habbia
687 2207 755 2260 satta
771 2214 880 2261 mutare.
912 2215 939 2261 et
956 2227 1033 2278 sopra
1055 2217 1122 2263 tutto
1144 2223 1313 2280 procurarete
1337 2220 1385 2271 ohe
1404 2221 1439 2273 dn

186 2321 256 2358 novo
276 2303 303 2356 S.
320 2298 370 2354 M*
390 2300 474 2354 ordini
492 2315 509 2351 s
526 2297 560 2366 gl¹
571 2297 760 2348 ambasciateri
777 2297 835 2347 suoi
854 2295 903 2348 ohe
922 2297 996 2348 siano
1017 2314 1067 2350 oon
1085 2301 1130 2350 noi
1148 2301 1175 2352 al
1192 2299 1273 2366 finire,
1292 2307 1368 2358 secio
1388 2307 1437 2359 ohe

186 2406 239 2444 non
255 2392 318 2458 paia
336 2389 385 2441 che
403 2386 517 2455 qualehe
533 2385 606 2436 bons
622 2382 715 2449 parola
733 2381 784 2434 ohe
802 2381 872 2434 iorse
890 2381 917 2434 S.
934 2382 985 2434 Me
1001 2383 1105 2436 rolesse
1130 2385 1177 2438 dsr
1199 2387 1225 2439 al
1249 2395 1334 2454 cente,
1357 2394 1437 2461 impe.

186 2479 255 2530 disse
273 2494 289 2529 o
309 2477 436 2529 alterasse
453 2474 472 2524 il
489 2473 574 2540 primo
593 2469 693 2533 ordine,
711 2485 764 2519 uon
781 2468 808 2518 vi
826 2468 973 2520 soordando
992 2470 1018 2520 di
1036 2471 1168 2524 ricordare
1187 2474 1236 2525 che
1255 2476 1281 2526 di
1299 2479 1436 2543 quantos,

185 2565 236 2616 Me·
251 2565 309 2616 isra
326 2565 353 2614 in
370 2562 408 2613 tel
427 2576 497 2625 ease,
514 2573 568 2610 non
586 2556 643 2608 solo
661 2556 689 2606 la
707 2553 747 2606 Sl·
772 2553 798 2606 S.
816 2569 859 2606 ma
876 2554 903 2606 lo
927 2555 990 2606 sede
1008 2559 1156 2624 apostoliea
1172 2568 1387 2628 perpetunmente
1402 2582 1437 2617 „0

186 2657 258 2704 terra
275 2654 354 2702 oonto
373 2647 434 2699 oola
450 2646 578 2713 pesterita
596 2643 622 2694 di
640 2641 666 2693 S.
683 2640 748 2692 W.

253 2751 404 2806 Perdinaud
422 2753 577 2802 antwortete
595 2748 654 2800 dem
674 2747 773 2799 Grat'en
790 2762 833 2798 em
852 2748 867 2796 6
884 2746 1035 2798 November
1053 2746 1093 2814 (0.
1111 2749 1150 2814 A„
1169 2749 1297 2820 concept)
1316 2772 1382 2824 ganz
1400 2763 1436 2814 im

187 2841 266 2893 Sinna
284 2839 331 2891 der
347 2839 468 2906 Legaten
484 2836 539 2887 und
557 2835 670 2886 riohtete
688 2833 811 2901 zugleieh
829 2835 872 2884 ein
890 2832 996 2884 itlmlieh
1013 2833 1152 2886 lautendes
1170 2836 1314 2891 Sohreiben
1332 2860 1366 2895 an
1384 2847 1435 2900 den

185 2929 218 2980 K.
236 2925 340 2994 Philipp
359 2924 499 2991 (Buoholts
517 2924 542 2986 8,
562 2921 632 2989 ⁰23),
649 2923 679 2972 in
696 2920 756 2972 dem
775 2937 803 2972 es
821 2925 899 2972 untes
915 2920 1024 2972 anderrn
1041 2921 1136 2972 heisst:
1289 2928 1366 2990 Quod
1386 2935 1434 3001 igi.

184 3021 228 3067 tur
243 3015 280 3066 sd
295 3017 392 3066 statum
411 3016 438 3064 et
449 3009 528 3062 finem
540 3009 646 3062 ooneilii
659 3011 762 3072 affluet,
780 3007 921 3076 diiigenter
932 3022 996 3058 sane
1006 3008 1126 3060 discussa
1138 3017 1165 3060 et
1175 3015 1322 3068 examinata
1331 3019 1436 3076 fuerunt

184 3103 274 3156 omnia
290 3100 337 3152 illa
349 3115 419 3167 quse
436 3097 514 3150 δυτψ
532 3098 565 3148 V.
582 3096 665 3148 literis
683 3097 737 3148 suis
760 3095 795 3147 sd
814 3095 912 3146 dietum
937 3100 1066 3146 oratorem
1088 3113 1163 3148 suum
1187 3098 1218 3148 F.
1241 3101 1342 3170 Vargas
1366 3108 1433 3162 datis

184 3205 236 3242 nou
253 3189 340 3240 minus
357 3187 489 3250 sapienter
506 3198 585 3251 quam
604 3182 702 3234 diserte
727 3186 754 3231 et
777 3181 885 3246 copiose
908 3183 1047 3232 recensuit
1074 3183 1120 3233 ubi
1147 3184 1250 3249 quidem
1270 3193 1300 3238 ut
1317 3189 1379 3242 Ser*
1400 3196 1432 3250 V,

185 3277 359 3332 ...mimum
375 3275 493 3322 nostrum
510 3271 623 3334 ingenue
643 3274 669 3318 et
686 3265 768 3318 libere
786 3269 948 3332 aperiamus,
972 3265 1035 3318 lieet
1052 3272 1178 3323 nonnulle
1204 3274 1281 3324 nobis
1300 3281 1432 3334 cumulate

184 3361 365 3423 satisfecerint,
383 3360 410 3409 in
427 3355 584 3424 quibusdam
603 3359 690 3404 tamen
708 3369 760 3404 uon
779 3354 988 3406 contemnendae
1002 3355 1171 3408 difficultates
1182 3370 1361 3420 occurrerunt
1379 3382 1433 3420 non

182 3463 320 3517 possumus
338 3447 407 3497 enim
425 3443 512 3496 Ser-e
535 3442 566 3493 V.
586 3441 673 3492 celare
691 3439 763 3505 quod
781 3440 834 3490 iem
851 3439 939 3505 plures
962 3439 1110 3494 effluxerint
1132 3447 1302 3512 septimanae,
1329 3466 1361 3502 ex
1378 3469 1431 3520 quo

182 3537 218 3588 ad
233 3540 370 3602 paternam
387 3537 414 3584 et
430 3530 646 3582 inst-tutissimum
664 3528 862 3594 requisitionem
880 3529 974 3578 summi
992 3529 1123 3594 pontificis
1145 3536 1304 3590 assensimus
1323 3542 1430 3594 oonelu.

123 3621 126 3626 ’
183 3625 283 3676 sionem
301 3621 378 3672 huius
397 3617 504 3670 ooneilii
520 3631 573 3667 nou
591 3614 717 3681 impedire
730 3653 736 3666 .
750 3649 776 3664 ..
796 3614 869 3680 quod
887 3613 1025 3666 eonsilium
1037 3622 1066 3666 ut
1079 3632 1240 3685 caperemus,
1259 3627 1430 3688 gravisdmas

183 3715 209 3762 et
226 3708 425 3776 urgentissimae
442 3705 558 3755 rstiones
575 3717 623 3753 uos
646 3700 813 3766 impulerunt,
842 3700 912 3768 qnod
934 3718 1005 3752 nuno
1027 3709 1129 3754 mutere
1146 3706 1220 3757 salva
1238 3711 1429 3766 existimatione

181 3801 272 3849 nostra
289 3809 342 3844 uon
358 3807 504 3857 possumus.
523 3789 681 3841 arbitremur
697 3792 794 3852 sutem,
813 3789 864 3838 imo
883 3795 955 3840 oerto
973 3790 1072 3839 seimus
1091 3789 1179 3841 Serum
1199 3793 1230 3846 V.
1248 3795 1313 3846 nihil
1326 3801 1428 3852 anobis

181 3882 311 3948 requirere
330 3877 399 3944 quod
416 3891 574 3944 quoeunque
596 3873 673 3926 modo
697 3875 731 3925 sit
753 3890 770 3926 s
788 3873 917 3941 dignitate
940 3881 967 3926 et
985 3879 1176 3930 existimatione
1200 3886 1290 3932 nostra
1306 3883 1429 3938 alienum.

181 3971 244 4036 quin
262 3967 364 4018 etiamsi
382 3979 423 4015 res
441 3963 529 4015 adhue
547 3965 650 4028 integra
667 3967 745 4026 esset,
764 3977 815 4013 non
834 3961 990 4014 haberemus
1017 3979 1125 4014 oausam
1141 3965 1292 4018 ulteriorem
1309 3985 1428 4038 progrss.

180 4073 237 4108 sum
254 4055 332 4106 huius
349 4052 455 4104 ooueilii
472 4050 585 4116 amplius
602 4049 782 4116 promovendi.
810 4065 879 4112 nam,
897 4051 968 4116 quod
987 4050 1148 4104 confidenter
1165 4057 1193 4103 et
1209 4061 1310 4108 seereto
1330 4057 1429 4112 dietum

179 4145 221 4207 sit,
238 4145 261 4194 is
279 4146 320 4192 est
336 4143 420 4192 statue
443 4137 550 4190 concilii
576 4141 603 4187 et
619 4135 713 4188 modus
738 4137 765 4186 in
793 4152 824 4188 eo
842 4136 1004 4202 procedendi
1031 4138 1103 4205 quod
1129 4139 1206 4206 longe
1231 4148 1377 4206 praestaret
1400 4149 1428 4199 id

178 4243 311 4296 uunquam
329 4226 410 4278 luisse
427 4226 569 4291 inceptum.
587 4239 723 4290 possemus
741 4222 792 4274 hoo
811 4221 874 4272 derli
899 4223 930 4276 V.
954 4223 1073 4288 plurimis
1096 4226 1243 4293 iisdemque
1267 4231 1426 4294 gravissimis

179 4322 206 4367 et
223 4313 425 4366 evidentissimis
443 4310 587 4361 rationibus
606 4309 790 4371 demonstrare,
808 4308 856 4358 sed
873 4308 994 4360 uolumus
1013 4310 1075 4360 Serss
1087 4312 1119 4362 V.
1130 4312 1280 4377 prolixitate
1292 4315 1427 4368 literarum

176 4403 324 4454 molestiam
344 4398 476 4459 exhibere,
493 4395 647 4461 praesertim
666 4409 724 4444 eum
744 4409 776 4444 ea
793 4409 862 4460 quae
879 4394 1004 4446 hocloco
1024 4403 1112 4447 essent
1124 4397 1281 4450 adducenda
1290 4401 1354 4452 talia
1366 4404 1427 4468 sint,

177 4494 208 4540 ut
220 4487 321 4540 ealsmo
339 4501 393 4537 non
410 4487 508 4549 queant
525 4484 582 4532 tuto
602 4481 736 4532 eommitt'u
753 4480 805 4532 hoo
823 4495 904 4532 unum
915 4481 1037 4533 volumus
1048 4483 1164 4548 prolerre
1182 4484 1215 4535 de
1233 4500 1284 4550 quo
1303 4485 1382 4538 Sere·
1394 4490 1425 4541 V.

177 4588 343 4640 nequaquam
361 4572 482 4623 dubitare
500 4568 588 4632 debet,
605 4569 717 4633 negocia
735 4567 840 4619 nonulli
859 4568 994 4635 hueusque
1011 4571 1050 4620 ite
1067 4569 1145 4620 inisse
1163 4575 1276 4622 tractate
1294 4579 1321 4622 et
1338 4575 1426 4628 adhue

176 4663 285 4712 unctui
300 4665 338 4722 ut,
356 4659 379 4710 si
394 4659 422 4709 in
439 4657 535 4707 multos
544 4670 649 4720 quoque
658 4653 808 4704 extrahetur
818 4669 908 4716 anuos,
926 4670 1089 4720 nequaquam
1107 4657 1264 4722 sperandum
1282 4662 1316 4710 sit
1328 4661 1426 4726 collap-

177 4762 233 4798 sam
250 4745 405 4812 religionem
426 4741 582 4793 cathelioem
601 4756 648 4806 per
664 4739 692 4789 id
709 4741 847 4790 restaurari
864 4755 950 4804 posse,
968 4742 1031 4805 quin
1048 4744 1135 4806 potius
1154 4743 1297 4794 verendum
1316 4761 1373 4796 esse
1391 4763 1425 4797 ne

176 4832 268 4884 maiori
285 4832 313 4881 in
331 4829 388 4880 dies
406 4827 547 4879 deieotioni
564 4841 655 4876 ansam
673 4827 808 4890 praebeat.
837 4841 918 4890 quare
943 4827 1097 4876 arbitramur
1124 4830 1265 4878 etiamnum
1287 4829 1351 4880 nihil
1369 4830 1426 4882 lieri

174 4933 253 4986 posse
269 4915 321 4967 hoo
338 4919 455 4980 tempore
474 4911 644 4976 commodius,
664 4925 741 4977 quam
759 4917 788 4962 ut
807 4911 948 4961 concilium
966 4913 1051 4976 ipsum
1064 4912 1189 4965 adfinem
1202 4913 1356 4980 deducatur,
1373 4934 1424 4968 neo

175 5019 233 5057 esse
250 5001 383 5054 meliorem
407 5002 534 5052 rationem
553 5005 580 5050 et
596 5001 669 5051 viam
686 4997 829 5050 reducendi
841 4999 929 5064 lapsos
942 5005 968 5050 et
980 5000 1157 5065 praecavendi
1170 5016 1204 5051 ne
1219 5003 1271 5054 hon
1285 5005 1424 5072 religionis

161 5089 309 5144 'dissidium
322 5127 328 5142 .
341 5123 368 5141 ..
385 5087 464 5140 latius
481 5087 661 5157 progredietur
678 5091 705 5140 et
720 5085 844 5154 reliquias
862 5087 942 5138 etiam
960 5085 1107 5142 ratholieae
1126 5087 1259 5158 religionis
1287 5106 1356 5160 quae
1375 5089 1422 5148 sd·

156 5229 247 5280 Elektl
259 5243 279 5278 1.
296 5231 322 5277 o.
336 5227 358 5274 d.
372 5223 463 5272 cesum
1221 5214 1254 5266 41
