3512 5838
99 678 243 764 imperii.
259 689 341 766 opto
363 701 424 766 ego
446 679 525 747 volit
545 682 739 748 universum
755 682 926 748 concilium
947 683 1048 750 ΜΨ.
1073 683 1230 751 auxilinm
1250 707 1315 752 non
1336 685 1430 752 detri-

96 791 248 847 mentum
271 781 394 868 afferre,
417 802 522 872 neque
543 805 620 856 voro
638 785 789 873 estquod
813 787 985 874 quicquam
1005 798 1164 871 vereatur,
1187 811 1228 854 ne
1250 788 1333 854 male
1354 789 1429 854 hinc

95 883 199 950 rehus
226 886 291 952 suis
314 889 557 974 prospiciamus.
592 890 619 953 si
648 889 727 977 quid
757 891 840 954 enim
872 912 931 974 pro
960 889 1189 956 reformatione
1217 891 1429 959 saecularium

96 996 271 1072 statuetur,
294 990 328 1056 id
352 989 412 1056 erit
433 993 606 1059 eiusmodi:
644 994 782 1080 primum
811 993 943 1080 quidem
970 1003 1006 1058 ut
1027 993 1107 1058 nihil
1129 994 1320 1060 decernatur
1342 994 1429 1082 quod

94 1114 162 1156 non
187 1092 338 1180 pluribus
360 1097 500 1183 antiquis
529 1096 708 1163 canonibus
738 1098 803 1162 imo
831 1095 959 1184 legibus
988 1097 1086 1164 etiam
1113 1097 1333 1184 imperialibus
1355 1121 1428 1164 con·

94 1195 254 1279 timeatur,
278 1197 394 1264 deinde
416 1221 494 1266 vero
516 1223 582 1266 non
605 1221 716 1266 omnes
737 1200 864 1287 priscae
885 1200 975 1288 leges
996 1201 1251 1285 renovabuntur,
1276 1201 1334 1269 sed
1354 1201 1428 1269 illae

93 1299 304 1384 potissimum
327 1301 443 1389 quibus
466 1304 623 1390 neglectis
645 1313 700 1368 aut
721 1325 786 1370 non
807 1302 949 1370 residere
963 1313 1019 1371 aut
1040 1304 1194 1370 inutiliter
1214 1306 1354 1372 residere
1377 1328 1428 1373 eo·

93 1412 257 1487 gerentur
279 1405 432 1494 episcopi.
458 1407 517 1474 sed
539 1410 616 1495 quia
636 1406 873 1496 universahac
896 1407 936 1474 de
968 1431 1004 1474 re
1027 1407 1197 1496 diligenter
1223 1431 1296 1474 cum
1324 1419 1426 1476 orato·

92 1505 188 1572 ribus
213 1507 274 1573 Mn.
295 1507 336 1575 V.
358 1513 564 1597 pertractavi,
587 1526 652 1576 non
675 1531 729 1576 ero
752 1513 822 1598 'rpse
845 1509 979 1598 longior.
1002 1535 1082 1600 rogo
1098 1521 1220 1578 tantum
1236 1512 1311 1577 M‘⁶m
1335 1513 1375 1578 V.
1392 1523 1428 1578 ut

92 1633 133 1674 ea
157 1633 229 1698 qua
258 1611 352 1678 decet
376 1615 497 1700 pietate
530 1616 646 1680 summi
677 1614 839 1702 pontilicis
873 1624 1066 1703 nostrosque
1095 1626 1228 1683 conatus
1257 1625 1426 1706 protegere

90 1712 175 1780 velit
200 1724 236 1780 et
257 1715 414 1784 adiurare
438 1716 630 1807 conciliique
652 1739 859 1808 progressum
880 1727 1107 1808 maturumque
1123 1730 1155 1787 et
1170 1731 1315 1808 optatum
1330 1722 1426 1789 linem

92 1840 285 1904 procurare.
318 1844 471 1908 urgemus
499 1824 564 1890 iam
585 1824 824 1892 reformationis
850 1825 1031 1912 negocium,
1060 1827 1167 1891 curiae
1194 1825 1231 1890 R.
1254 1823 1333 1891 nihil
1354 1849 1425 1914 par·

90 1922 212 2006 cimus,
236 1924 388 2010 praelatis
410 1925 512 1992 multa
534 1926 764 2004 conceduntur,
787 1929 850 2014 ipsi
871 1929 948 1992 satis
971 1936 1086 1994 exacte
1107 1928 1329 2012 reformantur,
1357 1951 1425 1995 sae·

91 2025 228 2094 culares
250 2030 307 2094 vix
329 2031 536 2116 attinguntur,
555 2029 623 2098 «nisi
644 2039 753 2098 tamen
779 2031 842 2118 ipsi
869 2030 1053 2098 saeculares
1080 2031 1173 2097 nobis
1195 2031 1424 2118 impedimento

90 2131 168 2196 sint.
195 2131 379 2198 reformatio
411 2134 483 2222 ipsa
515 2133 608 2199 brevi
641 2143 678 2200 ut
699 2157 881 2223 speramus,
917 2134 1087 2202 concilium
1108 2135 1215 2221 ipsum
1235 2157 1302 2200 non
1322 2135 1424 2202 multo

86 2242 171 2318 post
194 2237 314 2322 poterit
337 2235 482 2321 absolvi,
511 2246 547 2308 ut
567 2237 635 2304 ΜΨ
656 2238 696 2305 V.
721 2237 754 2306 S.
784 2237 884 2304 latius
904 2237 1061 2324 intelliget
1088 2261 1130 2304 ex
1152 2237 1296 2304 eiusdem
1316 2240 1425 2304 nuncii

91 2337 257 2427 Delphini
278 2355 435 2424 sermone,
459 2343 516 2430 qui
537 2351 667 2429 praeter
687 2363 729 2408 ea
751 2365 835 2430 quae
856 2365 878 2408 a
900 2363 1023 2408 summo
1046 2341 1195 2428 pontifice
1217 2341 1316 2409 habet
1336 2363 1424 2408 man·

95 2440 180 2510 data
202 2443 359 2512 nonnulla
380 2445 478 2512 etiam
499 2446 627 2512 nomine
649 2467 721 2512 meo
742 2445 861 2512 referet
880 2444 932 2511 M‘*
948 2444 989 2510 V.

203 2564 374 2653 Reliquum
396 2573 446 2631 est
466 2574 505 2632 ut
526 2565 568 2632 de
589 2568 799 2632 coronatione
823 2565 911 2633 Ser¹¹²¹
933 2565 1124 2654 Hnngariae
1152 2569 1239 2654 regis
1261 2587 1300 2632 ao
1322 2564 1426 2632 Ser”“

90 2670 232 2756 reginae
248 2668 347 2736 silv.
370 2668 580 2756 gratuler...
603 2669 728 2757 quodsi,
753 2669 791 2736 n't
813 2691 918 2757 spero,
941 2669 1086 2736 ciusdem
1107 2669 1169 2735 Mi·
1191 2671 1231 2736 V.
1255 2671 1423 2736 numento

88 2773 317 2840 reformationi
339 2774 436 2839 edam
458 2782 492 2838 et
512 2771 650 2839 coneilio
677 2772 793 2840 ultima
822 2773 1006 2860 imponetur
1026 2795 1154 2852 manus,
1188 2772 1267 2838 nihil
1290 2773 1424 2840 restabit

88 2879 156 2944 nisi
178 2886 219 2942 at
231 2879 353 2966 paratis
373 2877 513 2964 iamper
526 2875 664 2942 undem
682 2879 932 2966 compositisque
948 2876 1185 2944 christianitatis
1200 2875 1297 2943 rebus
1312 2884 1424 2942 contra

93 2980 245 3048 eiusdem
267 2980 509 3050 christianitatis
530 2989 705 3068 perpetuos
734 2980 844 3047 hostes
875 2981 999 3047 mneos
1026 3003 1047 3046 a
1068 2979 1160 3046 Ser¹²⁰
1183 2981 1249 3046 filio
1277 2979 1423 3046 victricia

93 3105 191 3151 arma
210 3086 397 3152 inferantur.

236 3291 292 3344 dui
306 3293 403 3360 chigsn
420 3293 495 3344 Briei
512 3291 631 3344 uthailta
648 3291 799 3344 Fordinand
823 3304 871 3343 aus
887 3287 1035 3358 Presshurg
1060 3305 1103 3342 am
1120 3294 1137 3342 2
1158 3288 1276 3342 October
1293 3291 1423 3359 (Goucspt

161 3384 193 3434 in
211 3379 262 3432 den
280 3379 310 3432 G.
322 3378 366 3446 A.)
384 3378 427 3430 die
444 3381 472 3432 in
483 3379 528 3432 Νι.
548 3378 728 3430 ccnxxxix
739 3376 875 3428 mehrfach
894 3376 1027 3428 maante
1043 3377 1169 3430 Antwort
1187 3377 1322 3430 Zuntchst
1340 3378 1423 3431 dankt

167 3466 274 3518 erdem
293 3465 417 3516 cardinal
436 3466 479 3516 fiir
497 3465 539 3516 die
557 3463 747 3530 Bemiihuugen
764 3465 792 3513 in
810 3463 857 3514 der
874 3462 1084 3529 Angelegsnheit
1101 3463 1287 3515 Maximilians.
1366 3465 1422 3516 Nos

163 3549 286 3619 equidem
309 3551 465 3602 arbitramur
488 3549 548 3600 1³²⁰m
570 3547 603 3600 V.
621 3547 651 3600 B„
680 3565 712 3600 ex
734 3551 767 3599 iis
790 3547 872 3599 literis
899 3545 940 3616 [12
959 3547 1129 3616 Septembris]
1142 3585 1149 3600 .
1162 3587 1190 3602 ..
1221 3551 1377 3615 cognovisse
1396 3556 1422 3600 et

165 3655 236 3690 nunc
254 3640 348 3689 iterum
373 3641 536 3705 cognituram
555 3651 626 3699 esse,
645 3636 770 3703 quioquid
787 3635 916 3687 hactenus
938 3635 1122 3687 admonuimus
1145 3653 1223 3704 super
1245 3634 1356 3688 articulo
1373 3636 1420 3688 illo

163 3724 354 3776 reformationis
371 3723 520 3790 principum
538 3722 712 3774 saecularium
725 3759 732 3773 .
745 3759 772 3773 ..
800 3737 849 3772 nos
874 3737 1040 3788 nequaquam
1058 3723 1224 3774 admonuisse
1243 3722 1420 3774 obstinatione

164 3816 211 3864 aut
226 3809 405 3862 contendendi
421 3809 466 3860 rsl
484 3808 683 3862 conmadioendi
705 3807 793 3858 studio
821 3807 921 3872 ductos,
945 3824 996 3860 nso
1012 3809 1100 3860 animo
1118 3809 1281 3874 impediendi
1297 3808 1420 3859 reforma-

162 3899 262 3948 tionem
279 3898 308 3948 in
323 3897 486 3964 principibus
505 3903 532 3948 et
549 3896 684 3948 ordinibus
701 3893 892 3956 saecularibus,
910 3894 945 3946 ad
963 3909 1041 3962 quam
1060 3895 1140 3946 etiam
1152 3896 1179 3944 in
1189 3910 1304 3962 persona
1316 3896 1422 3960 propria

162 3982 327 4048 subeundam
345 3999 393 4034 uos
410 3987 517 4048 paratos
536 3981 686 4043 obtulimus,
709 3995 795 4048 neque
820 3983 898 4031 etiarn
924 3995 955 4032 eo
974 3983 1093 4034 instituto
1118 3981 1190 4048 quod
1211 3982 1339 4032 vellemus
1362 3981 1422 4031 aliis

164 4071 270 4137 regibus
288 4075 334 4120 aut
351 4069 514 4134 principibus
537 4068 636 4117 malum
662 4065 810 4131 exemplum
832 4067 960 4132 praehere
985 4082 1065 4118 eosve
1092 4073 1185 4118 contra
1208 4068 1259 4118 hoc
1285 4065 1420 4117 decretum

163 4152 307 4220 concitare,
324 4170 374 4205 nec
393 4154 464 4220 quod
489 4153 695 4204 ecclesiasticam
720 4153 911 4203 immunitatem
934 4150 1060 4202 violatam
1082 4153 1125 4203 vel
1144 4153 1296 4218 dignitatem
1316 4153 1416 4217 episco-

162 4259 256 4309 porum
275 4245 443 4292 extenuatam
465 4237 509 4290 vel
532 4239 600 4290 sacri
625 4237 731 4290 concilii
754 4237 903 4289 libertatem
925 4239 1087 4289 imminutam
1112 4254 1169 4288 esso
1192 4254 1347 4304 cuperemus
1370 4255 1420 4290 nec

161 4329 236 4396 quod
251 4330 323 4394 prins
341 4328 450 4379 decreta
466 4327 494 4377 in
511 4326 621 4378 dubium
638 4339 764 4376 revocare
783 4339 939 4376 conaremur
956 4329 1003 4376 aut
1019 4324 1091 4392 quod
1108 4323 1240 4390 praelatos
1253 4339 1270 4374 a
1281 4325 1422 4377 residentia

161 4415 293 4468 damnare
310 4413 483 4476 studeremus,
500 4413 597 4466 nedum
615 4411 687 4478 quod
704 4411 756 4462 hoc
774 4415 913 4477 praetextu
931 4410 1072 4462 concilium
1089 4412 1174 4477 ipsum
1193 4411 1220 4460 in
1237 4411 1345 4478 longum
1361 4427 1420 4478 pro·

161 4501 265 4552 trahere
282 4501 431 4554 niteremur.
451 4499 499 4550 sed
517 4501 578 4566 quia
596 4498 648 4550 hoc
665 4499 800 4564 negotium
825 4499 919 4548 summi
942 4502 982 4548 est
1005 4498 1130 4548 momenti
1153 4496 1225 4562 quod
1247 4513 1295 4562 pro
1314 4500 1421 4550 minima

161 4586 268 4654 quidem
285 4590 361 4652 parte
381 4615 410 4623 -
436 4583 554 4635 mandari
577 4589 657 4650 quest
682 4597 732 4634 noo
750 4599 784 4634 ns
809 4581 855 4650 [=
873 4583 913 4634 Le
930 4583 991 4634 Plat
1007 4585 1032 4648 6,
1052 4581 1121 4651 2531.
1147 4584 1329 4648 quamobrem,
1360 4601 1419 4636 cam

159 4677 268 4739 propter
284 4671 414 4738 allegatas
433 4675 459 4722 et
476 4671 542 4722 alias
559 4669 684 4736 plurimas
697 4674 724 4720 et
736 4667 933 4721 efficacissimas
950 4669 1066 4720 rationes
1084 4683 1101 4719 a
1119 4671 1249 4719 sententia
1260 4675 1349 4721 nosue
1368 4671 1419 4722 dis·

162 4759 258 4811 cedere
275 4773 445 4825 nequeamus,
462 4757 525 4808 ΡΜ
543 4755 575 4810 V.
593 4757 625 4807 li.
643 4771 690 4822 pro
707 4761 799 4806 mutua
817 4761 845 4806 et
865 4757 950 4806 veteri
971 4760 1063 4806 uestra
1089 4757 1206 4806 amicitia
1228 4757 1419 4822 impensissime

159 4845 302 4909 hortamur,
319 4849 418 4896 utnon
436 4843 515 4896 modo
532 4845 591 4909 ipsa
608 4843 660 4895 hoo
678 4842 750 4909 quod
769 4843 872 4908 agtimus
888 4858 942 4893 uon
958 4842 987 4892 in
1005 4841 1161 4894 damnarem
1178 4845 1279 4908 partem
1297 4845 1418 4913 accipiat,

160 4931 306 4984 sedetiam
323 4927 394 4998 apud
410 4931 442 4983 R
461 4929 577 4996 collegas
594 4933 622 4980 et
641 4929 672 4986 R
691 4943 725 4980 ac
741 4929 774 4980 V.
798 4933 887 4996 patres
910 4928 1017 4982 concilii
1039 4930 1197 4982 auctoritaie
1220 4943 1269 4982 sua
1290 4928 1417 5001 perficiat,
