3460 5826
338 435 399 500 tlt

407 623 636 690 bberbringenden
659 623 806 689 hiemique.
840 623 893 674 Die
917 639 978 675 vom
995 623 1092 690 Papae
1115 621 1217 674 dsmals
1234 622 1461 690 vorgaschlegene
1487 621 1666 674 Eideaformel

405 711 475 761 habe
493 710 537 760 ich
554 709 643 761 bisher
660 710 696 758 im
713 709 821 760 Wiener
833 708 931 760 Archiv
949 709 1022 759 nicht
1040 708 1181 776 gesundeu.
1200 708 1429 760 Wehrscheinlich
1445 709 1540 776 gehdrt
1557 708 1666 759 diaron

404 797 490 847 Heius
509 797 536 846 in
552 795 664 861 Allgam.
682 795 833 846 zeitschrift
851 795 892 845 filr
911 794 1072 847 Geechichte
1090 795 1115 858 8,
1134 796 1165 844 31
1183 794 1239 844 und
1257 795 1284 844 in
1302 793 1442 861 Dollinger
1460 797 1483 858 1,
1502 797 1554 845 529
1571 796 1666 860 mitge-

405 881 498 933 theilte
515 881 623 932 Formel
640 879 752 932 hierber.
771 881 909 947 Maurique
927 881 1037 932 verlieee
1054 881 1122 931 Rom
1145 895 1188 930 am
1206 881 1237 931 31
1257 881 1416 932 December.
1442 879 1492 932 Am
1510 881 1544 931 25
1563 880 1667 932 danna:

404 968 508 1020 scbrieb
527 981 621 1020 araus
639 966 780 1033 Augsburg
796 983 830 1016 an
852 966 903 1017 dan
921 968 1016 1018 Kaieer
1040 965 1193 1032 (Romanam
1222 983 1257 1032 yo
1275 981 1362 1032 vengo
1385 982 1448 1032 moy
1469 965 1615 1018 satisfecho
1634 965 1667 1015 de

404 1053 432 1108 S.
450 1052 510 1106 SM
528 1071 546 1120 y
564 1053 598 1103 de
615 1052 725 1104 muchos
744 1052 777 1102 de
795 1052 914 1120 aquslles
932 1053 983 1104 8²⁸·
1005 1051 1162 1104 cardinales.
1187 1052 1243 1104 Auf
1267 1051 1318 1103 den
1336 1051 1434 1104 letaten
1451 1052 1528 1103 'Pheil
1548 1052 1596 1104 der
1614 1053 1666 1102 De-

405 1141 504 1208 pescbe
523 1145 678 1192 antwurtete
695 1140 847 1192 Ferdinand
866 1156 909 1192 arn
922 1143 935 1191 1
949 1141 1068 1192 Februar
1086 1140 1216 1206 (Origiual
1227 1143 1255 1190 in
1266 1141 1335 1192 Areo
1350 1140 1404 1204 0.):
1507 1141 1551 1190 De
1563 1139 1664 1191 ducato

407 1228 632 1294 Wirtenbergensi
649 1227 722 1293 quod
739 1227 880 1294 significas,
898 1230 1066 1294 agnoscimus
1083 1228 1111 1276 in
1130 1243 1162 1278 eo
1175 1243 1280 1294 quoque
1298 1226 1343 1278 8⁸¹·
1360 1225 1432 1278 illiue
1449 1231 1587 1293 paternam
1602 1243 1666 1293 erga

405 1331 453 1366 nos
477 1320 504 1365 et
527 1313 617 1364 Ser¹¹¹⁰¹
639 1313 722 1365 libros
745 1320 847 1365 nostros
869 1314 1087 1377 benevolentiam,
1111 1315 1231 1380 cupimus
1253 1319 1342 1365 tamen
1361 1329 1455 1380 pacem
1473 1319 1500 1365 et
1518 1313 1667 1380 tranquilli·

407 1405 488 1452 tatem
505 1401 641 1468 publicam
659 1400 747 1466 quoad
766 1403 822 1452 eius
841 1400 897 1451 fieri
915 1405 1002 1466 potest
1019 1401 1118 1452 servari
1135 1415 1223 1466 neque
1239 1401 1279 1452 its
1296 1400 1428 1452 commodi
1439 1402 1522 1452 nostri
1534 1403 1665 1458 rationem

407 1487 527 1537 ducimus
545 1491 645 1537 utnon
662 1486 744 1537 multo
762 1489 888 1538 maiorem
905 1486 1068 1552 reipublicae
1082 1485 1235 1538 habeamus.
1253 1491 1385 1552 postremo
1403 1486 1475 1553 quod
1487 1487 1584 1538 scribis
1596 1502 1664 1536 snm-

405 1589 475 1624 mum
494 1573 645 1640 pontificem
663 1574 781 1640 cogitare
799 1572 832 1624 de
850 1572 965 1625 flrrieudo
979 1573 1102 1638 concilio,
1120 1573 1148 1624 id
1165 1590 1230 1625 vero
1247 1590 1301 1625 non
1317 1574 1431 1626 libenter
1448 1572 1609 1636 audirimus,
1629 1579 1665 1622 et·

405 1661 474 1710 enim
492 1675 552 1710 cum
570 1661 654 1710 maior
668 1673 738 1710 nunc
756 1659 957 1711 constituendae
975 1659 1105 1710 ecclesiae
1123 1661 1230 1712 occaaio
1249 1676 1308 1710 sese
1326 1659 1427 1722 offerat,
1451 1673 1531 1726 quam
1548 1657 1664 1708 antebac

404 1760 528 1810 unquam,
548 1745 725 1796 existimamus
744 1747 977 1812 congregationem
995 1745 1064 1795 hanc
1081 1761 1134 1796 non
1152 1745 1230 1798 modo
1248 1763 1301 1797 non
1319 1745 1428 1796 dissolvi
1447 1743 1551 1808 debere,
1569 1760 1664 1795 varum

407 1833 486 1882 etiam
498 1847 601 1883 omnem
613 1832 718 1884 obicem
730 1833 906 1885 amovendum
918 1833 963 1898 qui
974 1829 1189 1898 impedimentum
1200 1833 1309 1900 aliquod
1321 1833 1382 1885 huic
1394 1834 1432 1884 rei
1444 1831 1548 1884 adferre
1560 1835 1660 1899 posset

885 2137 1146 2228 OOXXVII.

621 2340 700 2415 Der
729 2339 861 2417 Kaisar
886 2362 933 2417 an
962 2341 1024 2418 die
1053 2339 1388 2432 Ooucitoretoren3

586 2485 755 2554 Freiburg
777 2487 818 2538 im
844 2485 1024 2555 Breisgeu,
1051 2488 1090 2540 tl
1117 2488 1303 2576 December
1331 2491 1421 2545 toea.

635 2694 645 2734 ,
835 2659 1016 2718 Coucitacteu.
1043 2657 1166 2734 Oouccpt

435 2803 532 2885 Quod
561 2812 668 2870 autem
699 2805 872 2892 scripsistis
894 2806 965 2871 R⁰¹⁰¹
988 2807 1170 2874 cardinales
1192 2806 1318 2896 legatos
1350 2807 1446 2876 isthic
1467 2810 1502 2876 in
1526 2808 1659 2874 concilio

340 2908 448 2972 onmia
462 2927 560 2992 agere
575 2907 753 2974 secundum
768 2917 882 2974 nunnn
897 2917 929 2974 et
940 2910 1094 2976 mandato
1108 2913 1224 2978 summi
1238 2912 1409 2999 pontificis,
1425 2921 1459 2979 et
1472 2935 1532 2979 nos
1544 2915 1659 2978 eiusce

338 3009 426 3077 modi
448 3011 585 3097 negocia
606 3033 689 3098 quae
711 3012 873 3101 pertinent
888 3011 930 3077 ad
945 3014 1097 3098 generale
1113 3015 1283 3082 concilium
1298 3017 1420 3082 Romae
1433 3017 1525 3104 prius
1541 3013 1655 3082 debaro

336 3121 485 3196 nectere,
514 3121 548 3178 ct
577 3114 665 3203 quod
690 3114 780 3180 nulla
800 3115 898 3202 plene
925 3138 1000 3203 spes
1022 3117 1257 3186 reformationis
1279 3119 1486 3208 relinquatur,
1509 3119 1543 3186 id
1565 3118 1654 3185 nobis

337 3239 402 3284 non
424 3218 583 3283 immerito
604 3217 833 3305 permolestum
855 3219 984 3298 accidit,
1008 3220 1168 3308 siquidem
1183 3245 1294 3289 omnes
1309 3233 1434 3290 nostrae
1450 3224 1656 3311 cogitationes

339 3321 512 3408 omniaque
539 3321 674 3388 consilia
701 3345 740 3388 eo
769 3325 983 3389 convertimus
1012 3332 1049 3389 ut
1070 3324 1241 3391 concilium
1263 3328 1371 3413 ipsum
1396 3328 1456 3392 rite
1489 3349 1529 3392 ac
1552 3325 1656 3392 ordine

337 3423 563 3512 progrediatur
584 3447 623 3490 ac
645 3425 775 3492 tandem
798 3436 945 3514 optatum
962 3451 1091 3515 quoque
1107 3437 1140 3495 et
1154 3429 1281 3495 felicem
1296 3429 1391 3496 finem
1408 3431 1561 3496 sortiatur
1575 3427 1656 3517 quod

337 3549 415 3593 vern
438 3527 500 3613 piis
515 3529 634 3594 nostrie
652 3529 820 3596 conatibus
835 3553 899 3596 non
916 3530 1027 3596 itidem
1042 3531 1238 3614 respondeat
1252 3556 1349 3621 quarn
1363 3555 1422 3600 nos
1437 3533 1595 3600 vellemus
1609 3582 1617 3598 .
1631 3581 1655 3597 ..

336 3651 469 3696 neccsse
492 3639 599 3696 estut
620 3631 681 3698 deo
698 3633 944 3715 committamus,
968 3642 1000 3700 et
1025 3644 1198 3722 propterea
1218 3636 1424 3704 nihilominus
1441 3659 1614 3724 pergamus
1627 3633 1655 3702 id
1710 3687 1711 3690 ,

337 3757 435 3822 agere
457 3733 545 3823 quod
566 3735 669 3801 nostri
690 3733 789 3801 officii
812 3758 883 3802 esee
906 3735 1128 3824 dignoscitur.
1145 3787 1178 3804 ..
1710 3731 1711 3746 ³

439 3838 605 3904 Humilem
626 3838 874 3924 gratulationem
897 3851 1038 3906 vestram
1061 3840 1101 3906 de
1117 3842 1263 3915 Romana
1277 3845 1369 3930 regia
1384 3843 1541 3910 electione
1565 3852 1596 3910 et
1609 3865 1653 3910 co·

336 3942 504 4008 conatione
526 3942 683 4006 carissimi
704 3941 761 4006 filii
783 3944 885 4009 nostri
907 3942 994 4009 Ser²¹
1016 3946 1102 4030 regis
1124 3944 1338 4011 Maximiliani
1359 3969 1379 4012 a
1401 3946 1495 4013 vobis
1518 3947 1650 4034 benigno

336 4054 369 4112 et
390 4053 484 4130 grato
513 4045 620 4110 animo
642 4035 818 4133 accipimus
847 4069 886 4112 ao
908 4070 1065 4134 perquam
1092 4047 1232 4135 benigne
1253 4050 1429 4137 probamus
1462 4049 1551 4138 quod
1572 4070 1652 4116 cura

336 4149 457 4232 veritis,
479 4156 516 4213 ut
538 4157 670 4235 propter
691 4147 778 4216 hauc
799 4149 989 4217 electionem
1009 4161 1042 4215 et
1057 4152 1297 4219 coronationem
1315 4201 1322 4217 .
1338 4201 1372 4219 ..
1394 4151 1527 4239 publica
1542 4156 1575 4220 in
1590 4176 1651 4221 con·

337 4252 411 4318 cilio
433 4252 607 4339 gratulatio
630 4252 722 4318 fieret
744 4262 777 4318 et
797 4255 922 4342 gratiae
944 4253 1004 4318 deo
1028 4265 1210 4340 agerentur.
1227 4265 1391 4322 caeterum
1413 4233 1490 4345 riuis
1512 4257 1651 4335 scribitis,

336 4357 424 4445 quod
447 4357 566 4424 dictam
589 4353 780 4424 electionem
803 4380 844 4423 ex
859 4357 930 4422 aliis
946 4357 1170 4424 intellexeritis
1193 4360 1248 4447 qui
1265 4381 1304 4426 ea
1326 4359 1424 4426 dere
1447 4361 1490 4426 ad
1512 4382 1651 4448 vesper

336 4467 522 4528 cunctatum
536 4461 693 4543 venerint,
717 4481 782 4526 non
798 4461 867 4525 sine
882 4483 999 4546 magno
1015 4471 1123 4528 vestro
1139 4460 1250 4529 dolore
1266 4462 1353 4551 quod
1369 4464 1558 4530 omniafere
1580 4485 1652 4552 quae

334 4563 424 4651 apud
444 4585 503 4629 nos
527 4572 668 4650 agimtur
689 4563 922 4642 memorabilia,
950 4587 1133 4652 sempereu
1149 4564 1220 4630 aliis
1242 4568 1298 4654 qui
1320 4567 1415 4633 isthic
1429 4577 1505 4633 sunt
1520 4591 1590 4634 cum
1604 4589 1650 4632 ve·

338 4665 495 4732 recundia
510 4677 619 4732 vestra
635 4667 810 4754 accipiatis,
833 4690 951 4754 operae
966 4671 1109 4754 precium
1125 4678 1174 4735 est
1188 4669 1281 4735 vobis
1292 4694 1351 4758 per
1365 4681 1554 4757 praesentes
1566 4671 1648 4757 signi·

336 4770 434 4836 ficare
458 4769 546 4858 quod
573 4771 606 4834 in
629 4769 779 4836 iamdicto
802 4773 937 4856 negocio
965 4771 1054 4836 nulla
1077 4773 1271 4859 contigerint
1297 4772 1506 4860 particularia
1533 4773 1647 4838 maioris

339 4873 500 4954 momenti,
524 4881 652 4959 practer
674 4873 731 4938 illa
753 4872 926 4962 dequibus
948 4875 981 4939 in
997 4875 1138 4941 consiliis
1161 4877 1292 4942 secretis
1313 4874 1465 4944 hincinde
1487 4885 1643 4944 tractatum

337 4976 406 5059 sirit,
429 4975 609 5065 dequibus
631 4979 781 5047 nimirum
804 4979 898 5044 sicuti
924 4978 1025 5044 nostis
1048 4977 1129 5046 nihil
1151 4979 1212 5046 fuit
1234 4979 1449 5048 scribendum.
1473 4981 1574 5069 potuit
1587 4978 1639 5066 qui·
