3512 5838
313 676 422 740 causa,
446 675 544 742 quam
565 653 784 742 praelatorum
807 664 840 722 et
862 653 999 723 aliorum
1023 653 1317 723 ecclesiasticorum
1346 669 1507 746 respectu,
1536 671 1571 727 et
1596 663 1643 728 ri-

311 758 404 825 detur
425 758 488 824 hac
508 758 742 846 propemodum
764 760 940 826 intentione
964 760 1112 826 instituta
1123 759 1223 826 fuisse
1245 769 1312 826 tam
1333 762 1483 848 rigorose
1504 775 1550 844 ut,
1568 788 1642 831 cum

312 869 434 929 certum
456 873 542 930 esset
563 885 635 928 eam
658 863 793 930 anobis
815 864 850 929 in
871 872 975 930 totum
995 862 1086 930 nullo
1108 872 1206 951 pacto
1229 863 1356 930 admitti
1383 866 1437 932 vel
1459 871 1644 936 executioni

311 966 458 1034 mandari
489 989 595 1055 posse,
629 989 740 1032 omnes
773 968 875 1034 nostri
902 976 1038 1034 conatus
1068 990 1149 1054 quos
1177 967 1345 1056 hucusque
1375 969 1584 1037 adhibuimus
1612 974 1644 1038 in

310 1070 532 1159 promovenda
554 1080 586 1137 et
607 1067 755 1158 urgenda
776 1071 1004 1136 reformatione
1027 1071 1061 1135 in
1073 1092 1195 1136 vanum
1211 1071 1373 1158 cederent,
1390 1082 1422 1139 et
1435 1075 1643 1161 postmodum

311 1175 414 1240 omnis
438 1173 532 1261 culpa
553 1172 790 1240 reformationis
812 1195 877 1240 non
899 1173 1005 1240 factae
1020 1175 1053 1239 in
1069 1196 1128 1240 nos
1144 1175 1380 1259 transferreum,
1403 1186 1500 1264 prout
1516 1201 1560 1244 ex
1575 1201 1643 1244 ora-

308 1277 433 1345 toribus
454 1279 573 1344 nostris
597 1276 676 1365 quid
697 1278 730 1342 in
753 1298 872 1363 genere
885 1286 917 1343 et
938 1279 971 1344 in
994 1279 1103 1365 specie
1120 1278 1161 1344 de
1175 1278 1319 1344 articulis
1330 1278 1394 1345 illis
1406 1281 1644 1348 reformationis

309 1383 485 1449 sentiamus
508 1380 604 1447 latias
628 1383 904 1468 cognoscetis...
933 1381 1118 1449 reformatio
1141 1384 1251 1448 curiae
1273 1383 1438 1450 Romanae
1460 1406 1528 1450 non
1551 1385 1644 1452 vide·

308 1508 460 1574 musque
483 1485 580 1552 modo
603 1485 708 1572 possit
729 1493 786 1551 aut
807 1484 926 1551 debeat
948 1509 968 1551 a
990 1485 1087 1551 nobis
1108 1489 1216 1552 aerius
1238 1487 1357 1573 urgeri,
1381 1488 1536 1577 quoniam
1559 1513 1644 1554 sum·

308 1612 380 1657 mus
403 1589 549 1678 pontifex
581 1589 718 1676 ipsemet
744 1611 803 1676 pro
833 1588 1040 1655 reformanda
1062 1590 1159 1656 'curia
1190 1591 1339 1656 Romana
1359 1591 1478 1658 multas
1500 1593 1644 1679 promul·

307 1695 398 1782 gavit
421 1693 675 1777 constitutiones,
700 1714 781 1778 quas
803 1715 862 1759 nos
886 1695 942 1781 qui
962 1716 1030 1760 non
1052 1701 1199 1760 tenemus
1221 1703 1288 1758 tam
1311 1704 1463 1761 exactam
1490 1697 1645 1763 notitiam

307 1800 450 1865 omnium
473 1807 505 1864 et
528 1795 726 1885 singulorum
749 1797 928 1864 officiorum
949 1819 989 1862 ac
1012 1806 1116 1863 status
1145 1807 1178 1864 et
1208 1797 1371 1886 qualitatis
1402 1799 1509 1866 dictae
1534 1803 1646 1868 curiae

305 1903 472 1969 Romanae
495 1923 560 1967 non
583 1901 661 1966 satis
683 1902 886 1989 assequimur
908 1923 970 1967 nec
985 1901 1081 1967 facile
1097 1901 1243 1968 indicare
1257 1923 1439 1990 possumus,
1456 1925 1499 1968 an
1516 1913 1551 1968 et
1567 1903 1645 1991 quid

306 2008 341 2071 in
363 2005 481 2072 talibus
505 2005 787 2071 constitutionibus
811 2013 843 2070 et
864 2004 979 2070 edictis
1001 2002 1109 2070 adhuc
1125 2005 1337 2072 desideretur.
1361 2007 1408 2072 sic
1421 2007 1522 2072 etiam
1539 2007 1583 2072 de
1597 2029 1645 2074 re·

308 2109 498 2176 formatione
521 2108 685 2174 conclavis
709 2115 800 2173 extat
822 2107 910 2173 bulla
941 2111 1057 2173 summi
1083 2109 1247 2196 pontificis
1275 2131 1360 2197 qnae
1387 2107 1482 2176 nobis
1511 2110 1644 2176 abunde

307 2212 473 2296 satisfecit,
496 2211 593 2278 modo
616 2209 787 2298 diligenter
809 2211 1013 2296 observetur,
1036 2213 1070 2276 in
1093 2214 1208 2300 quasi
1232 2212 1311 2300 qnid
1333 2222 1418 2279 esset
1441 2211 1641 2296 addendum,

307 2317 371 2383 hoc
394 2314 652 2383 commodissime
674 2315 857 2394 adderetur,
880 2315 969 2403 quod
990 2337 1084 2403 reges
1107 2325 1140 2382 et
1161 2315 1326 2404 principes
1348 2315 1597 2384 christianitatis
1611 2329 1643 2385 et

306 2423 448 2487 maxime
470 2441 566 2506 reges
588 2419 822 2506 Hispaniarum
844 2427 877 2484 et
904 2417 1104 2486 Galliae...
1141 2420 1281 2507 posthac
1301 2441 1367 2486 non
1393 2431 1642 2509 praesumerent
1737 2431 1738 2466 3

302 2526 436 2592 turbare
459 2533 579 2590 statum
601 2531 634 2588 et
655 2522 799 2589 ordinem
823 2523 986 2589 conclavis
1007 2545 1114 2612 neque
1130 2524 1284 2610 suffragia
1299 2525 1404 2590 lim
1425 2523 1639 2592 cardinalium

303 2629 455 2718 precibus
478 2629 588 2716 precio
611 2636 667 2692 aut
690 2625 937 2714 quibuscunque
959 2626 1082 2692 artibus
1105 2626 1263 2714 impedire
1291 2637 1323 2692 et
1345 2649 1566 2716 corrumpere,
1591 2641 1634 2695 ta·

302 2735 349 2801 les
378 2755 518 2821 namque
546 2734 710 2820 practicae
739 2731 897 2797 hactenus
925 2729 1124 2817 reipublicae
1153 2729 1349 2797 christianae
1375 2730 1556 2819 plurimum
1584 2755 1639 2799 no·

304 2846 449 2905 cuerunt.
495 2834 535 2902 de
575 2835 803 2902 reformatione
841 2833 1052 2899 cardinalium
1089 2834 1375 2900 animadvertimus
1413 2835 1573 2902 nonnulla
1607 2840 1639 2902 in
1737 2893 1738 2916 ,

302 2941 446 3007 articulis
469 2939 532 3006 illis
556 2941 612 3027 qui
634 2962 738 3027 nuper
759 2938 890 3005 fuerunt
910 2939 1069 3026 propositi
1092 2959 1176 3025 quae
1197 2938 1292 3004 nobis
1315 2961 1380 3003 non
1402 2939 1636 3026 improbantur,
1737 2923 1738 2934 ἵ

302 3043 360 3111 illa
381 3065 461 3110 vero
484 3041 580 3130 longe
602 3045 706 3130 magis
729 3042 906 3130 probamus
935 3063 1020 3130 quae
1049 3049 1195 3107 oratores
1217 3043 1304 3128 regis
1326 3039 1421 3108 Ohr³¹
1443 3041 1638 3110 addidenmt

302 3149 342 3214 de
374 3170 508 3214 numero
540 3147 671 3212 natione
705 3156 812 3212 aetate
842 3148 911 3210 vita
943 3144 1088 3210 moribus
1119 3153 1152 3208 et
1183 3143 1255 3210 aliis
1286 3143 1498 3232 qualitatibus
1534 3147 1637 3213 cardi·
1737 3203 1738 3248 ,

301 3253 423 3320 nalium
457 3250 688 3338 eligendorum.
725 3252 759 3314 in
798 3251 902 3336 iisque
939 3247 1159 3315 additionibus
1192 3247 1346 3334 urgendis
1384 3256 1417 3312 et
1444 3271 1637 3336 promoven·
1737 3251 1738 3268 ¹

301 3357 351 3423 dis
373 3357 523 3422 iussimus
546 3365 689 3421 oratores
711 3363 838 3420 nostros
862 3353 956 3418 dictis
979 3351 1161 3418 oratoribus
1185 3349 1290 3416 Gallis
1312 3349 1453 3417 fideliter
1474 3353 1635 3438 assistere,

300 3470 333 3526 et
354 3461 385 3525 id
410 3461 516 3548 ipsum
537 3481 596 3524 vos
620 3479 748 3546 quoque
770 3457 803 3522 in
826 3479 860 3522 re
881 3466 948 3521 tam
970 3457 1025 3543 pia
1047 3455 1131 3520 iusta
1160 3463 1193 3520 et
1222 3453 1359 3522 honesta
1386 3441 1535 3522 facturos
1570 3480 1635 3523 non

302 3563 505 3650 ambigimus.
529 3585 603 3628 cum
626 3583 701 3648 ergo
724 3562 895 3647 negocium
917 3559 1155 3638 reformationis
1178 3556 1398 3646 adpraesens
1421 3561 1454 3623 in
1468 3560 1535 3626 hoc
1549 3571 1635 3627 statu

304 3676 461 3750 versetur,
486 3663 575 3730 aliud
598 3663 762 3750 agendum
783 3686 848 3729 non
869 3672 979 3744 restat,
1005 3683 1101 3750 quam
1123 3671 1160 3728 ut
1182 3671 1394 3749 expectemus
1417 3661 1516 3728 finem
1539 3675 1573 3730 et
1587 3687 1634 3730 re·

304 3768 496 3835 solutionem
512 3769 589 3850 eius,
606 3790 710 3855 neque
725 3770 844 3854 poterit
858 3766 1047 3834 deliberatio
1064 3766 1159 3831 huius
1174 3767 1230 3846 rei,
1248 3787 1332 3853 quae
1347 3768 1417 3832 eius
1439 3777 1488 3832 est
1511 3772 1635 3857 magni·

303 3872 391 3955 tudo,
425 3880 492 3938 tam
523 3871 619 3936 facile
642 3881 674 3936 et
696 3870 837 3938 breviter
859 3869 995 3954 absolvi,
1026 3871 1103 3958 quin
1125 3890 1281 3954 magnum
1308 3872 1463 3956 temporis
1492 3875 1633 3960 spatium

303 3975 492 4060 intercedat,
517 3975 598 4042 adeo
622 3983 659 4040 ut
678 3975 741 4041 hac
762 3996 828 4040 non
851 3973 1002 4041 absoluta
1024 3973 1195 4040 concilium
1218 3974 1303 4039 liniri
1318 3985 1466 4062 nequeat,
1490 3999 1558 4042 non
1573 3999 1632 4063 pu-

301 4091 406 4146 tamus
428 4081 717 4168 inpraesentiarum
733 4079 774 4145 de
789 4078 1017 4166 intempestiva
1032 4085 1085 4142 aut
1099 4099 1319 4165 praepropera
1334 4079 1404 4144 eius
1421 4077 1631 4144 dissolutione

304 4183 402 4252 valde
425 4183 602 4252 timendum
625 4207 704 4250 esse.

404 4288 503 4372 Quod
525 4295 633 4352 autem
656 4287 847 4351 existimatis
870 4285 987 4351 nostris
1010 4291 1044 4364 et
1066 4281 1154 4348 Ser*¹²¹
1182 4287 1268 4372 regis
1290 4287 1390 4350 vestri
1413 4285 1552 4352 subditis
1575 4289 1628 4374 qui

305 4402 380 4458 sunt
401 4395 435 4457 in
457 4389 593 4458 concilio
614 4389 834 4456 mandandum
858 4411 938 4472 esee,
962 4397 998 4454 nt
1019 4390 1118 4454 etiam
1145 4387 1300 4454 dissoluto
1330 4388 1467 4456 concilio
1495 4390 1542 4456 ibi
1564 4411 1628 4454 ma·

304 4504 412 4579 neant,
435 4493 529 4561 nobis
552 4517 630 4560 sane
654 4493 835 4559 consultum
857 4495 987 4558 minime
1010 4493 1147 4576 videtur,
1167 4494 1244 4580 quia
1266 4495 1294 4558 si
1317 4495 1426 4558 omnia
1441 4491 1561 4558 fuerint
1575 4515 1626 4559 ex-

298 4599 417 4688 pedita,
440 4597 519 4663 nihil
542 4619 623 4685 opus
647 4599 707 4663 erit
728 4619 838 4663 corum
860 4598 1060 4685 praesentia3
1084 4597 1132 4660 sin
1159 4597 1276 4679 minue,
1304 4595 1486 4662 istiusmodi
1515 4596 1623 4662 subdi·

300 4714 407 4770 torum
429 4711 610 4796 nostrorum
632 4701 756 4767 mansio
772 4724 837 4766 non
852 4701 947 4766 modo
963 4700 1072 4765 futura
1088 4709 1174 4765 esset
1187 4700 1483 4766 incommodissime
1498 4711 1625 4787 propter

302 4808 442 4895 speciem
467 4805 668 4888 schismatis,
689 4827 802 4870 verum
825 4807 922 4870 etiam
945 4801 1052 4869 multis
1075 4825 1136 4868 nos
1157 4803 1285 4870 ridendi
1308 4813 1340 4870 ct
1364 4803 1539 4870 deludendi
1562 4823 1622 4868 ma
1737 4827 1738 4834 ³

302 4914 417 4976 teriam
442 4907 628 4976 exhibitura
651 4917 744 4991 esset,
779 4931 851 4975 cum
872 4907 951 4973 nulli
974 4929 1105 4994 prorsus
1129 4907 1235 4973 adsint
1257 4906 1427 4994 Germani3
1462 4905 1621 4974 disceden-
1737 4949 1738 4978 ,

299 5014 386 5081 tibus
409 5025 516 5081 autem
538 5009 653 5101 legatis
676 5021 799 5079 certum
826 5021 875 5078 est
902 5012 1101 5078 discessuros
1130 5011 1227 5077 etiam
1261 5010 1362 5078 italos
1385 5021 1418 5078 et
1439 5010 1550 5081 Gallos
1571 5031 1617 5076 ce
1737 5085 1738 5108 ,
