3468 5820
874 813 1059 906 OOLXI.

575 1039 670 1112 Broc
699 1037 773 1113 und
803 1035 1034 1112 Drsakovica
1058 1057 1103 1110 en
1133 1037 1206 1112 deo
1236 1037 1385 1122 ticinen

786 1201 917 1265 Trient,
937 1202 974 1252 12
992 1199 1075 1250 duni
1095 1202 1187 1253 1668.

655 1383 793 1438 Romano.
820 1379 966 1454 Oripiool;
987 1379 1018 1433 io
1041 1365 1133 1454 torpe:
1156 1383 1197 1435 15
1219 1380 1296 1436 Joot.

415 1563 478 1626 Die
500 1559 726 1643 neugebildete
754 1560 953 1646 Deputation
982 1557 1039 1625 hat
1067 1570 1196 1645 gestem
1224 1561 1266 1624 im
1289 1558 1401 1623 Hense
1424 1557 1482 1622 der
1495 1553 1658 1642 Legaten

315 1665 366 1730 die
387 1663 665 1749 Verbandluugen
693 1663 733 1730 de
755 1663 948 1729 residentiae
978 1673 1010 1726 et
1039 1663 1247 1729 institutionis
1271 1662 1400 1728 decreto
1428 1660 1553 1726 wieder
1584 1657 1657 1724 anf-

312 1791 512 1853 genommen.

414 1871 511 1952 Quod
532 1871 575 1935 ad
595 1869 698 1935 libera
720 1877 848 1957 patrum
869 1875 947 1933 vota
969 1869 1093 1952 attinet,
1116 1868 1183 1933 ΜΝ
1204 1868 1246 1936 V.
1270 1868 1302 1934 S.
1326 1866 1502 1933 clementer
1525 1887 1657 1952 cogno·

312 1997 401 2039 scere
427 1975 576 2061 dignetur
597 1995 707 2038 omnes
731 1971 862 2060 quidem
886 1973 1060 2058 episcopos
1084 1974 1161 2036 satis
1184 1971 1284 2038 libere
1301 1973 1341 2037 de
1356 1971 1453 2037 rebus
1466 1969 1656 2057 propositis

312 2076 470 2142 disserere
501 2099 606 2164 neque
642 2097 838 2164 quemquam
872 2073 1039 2161 prohiberi
1070 2077 1241 2162 quominus
1268 2073 1400 2162 publice
1430 2072 1518 2161 quod
1546 2073 1658 2138 sentit

311 2178 417 2244 dicere
440 2182 556 2266 possit,
587 2179 645 2244 sed
674 2179 762 2266 quod
789 2199 850 2243 uos
878 2187 910 2243 et
937 2177 1109 2266 plerosque
1138 2179 1219 2244 alios
1246 2178 1331 2244 mals
1358 2177 1458 2242 habet
1479 2173 1564 2240 illud
1592 2185 1654 2252 est,

311 2282 399 2369 quod
421 2282 499 2348 nihil
521 2282 574 2349 hic
596 2291 651 2347 aut
672 2303 778 2368 panos
801 2281 975 2346 admodum
1000 2281 1213 2347 decernentur
1242 2291 1274 2346 et
1301 2281 1432 2346 decreta
1458 2278 1655 2366 promulga-

309 2385 438 2468 bantur,
460 2388 522 2450 nisi
544 2387 633 2472 prius
656 2385 777 2450 Romae
800 2384 990 2449 confirmata
1011 2383 1139 2467 fuerim,
1163 2395 1199 2449 nt
1220 2384 1302 2449 haec
1325 2406 1453 2472 quoque
1468 2386 1501 2448 in
1523 2381 1653 2470 quibus

309 2511 395 2553 nunc
416 2508 599 2553 versamur:
623 2509 696 2552 cum
719 2489 858 2574 primum
881 2487 922 2552 de
944 2489 984 2551 iis
1006 2487 1129 2574 aliquid
1152 2489 1315 2552 internos
1337 2484 1525 2552 conclusum
1546 2485 1653 2550 iirerit

310 2601 341 2657 et
363 2591 471 2679 aliqua
493 2593 565 2656 iniri
596 2591 769 2656 concordia
790 2592 925 2678 poterit,
949 2591 1055 2655 statim
1080 2591 1121 2656 de
1144 2613 1182 2656 eo
1204 2591 1340 2656 Romam
1362 2587 1527 2655 referetur.
1566 2591 1650 2676 quin

307 2718 385 2762 vero
409 2718 482 2760 cum
505 2717 544 2760 ea
568 2695 608 2760 de
630 2719 665 2760 re
688 2697 839 2781 privatim
868 2717 887 2758 a
915 2693 1009 2758 nobis
1037 2693 1237 2759 familiariter
1266 2716 1339 2759 cum
1365 2693 1408 2757 D.
1436 2691 1578 2757 Morono
1604 2690 1650 2756 lo·

308 2799 478 2885 questibus
502 2821 605 2864 sermo
628 2800 764 2864 iniectus
788 2807 882 2880 esset,
906 2800 1046 2883 ingenue
1068 2797 1174 2862 lassus
1197 2806 1248 2862 est
1270 2796 1361 2862 aliter
1381 2795 1451 2860 fieri
1465 2817 1528 2860 nec
1542 2816 1647 2881 posse

307 2925 367 2966 nec
390 2901 517 2984 debere,
540 2903 573 2966 in
595 2902 645 2966 his
667 2902 859 2988 praesertim
882 2921 967 2987 quae
989 2899 1040 2965 8⁰¹
1067 2900 1109 2964 D.
1125 2899 1165 2964 N.
1182 2899 1371 2986 dignitatem
1387 2909 1419 2964 et
1434 2899 1647 2964 autoritatem

307 3007 475 3090 attingunt,
497 3026 536 3069 ao
548 3007 575 3068 si
598 3007 694 3069 etism
717 3025 757 3068 ea
780 3005 890 3068 omnia
904 3005 1047 3068 Romano
1071 3003 1214 3090 pontifici
1229 3025 1249 3067 a
1263 3001 1410 3087 patribus
1421 2999 1647 3066 tribuerentur

307 3130 389 3194 quae
412 3109 473 3195 ipsi
496 3109 528 3171 in
551 3105 712 3194 prioribus
736 3105 880 3171 conciliis
904 3107 968 3169 iam
989 3105 1111 3170 tributu
1134 3115 1216 3188 sunt7
1240 3106 1393 3169 imovero
1410 3105 1436 3167 si
1451 3102 1514 3166 illis
1538 3103 1645 3168 titulis

306 3213 401 3276 etiam
423 3211 532 3298 plures
555 3211 760 3293 adderentur,
794 3234 829 3275 se
851 3233 917 3276 non
940 3219 1183 3297 acceptaturum
1205 3209 1267 3274 nisi
1289 3207 1378 3296 prius
1401 3209 1469 3273 eius
1493 3205 1545 3272 S*
1570 3229 1643 3272 sen·

305 3317 438 3380 tentiam
461 3324 493 3380 et
514 3313 713 3380 voluntatem
736 3313 1003 3400 intelligeret...

439 3503 487 3555 ich
504 3503 573 3554 lasse
591 3504 648 3554 hier
671 3503 726 3553 und
748 3505 775 3554 in
799 3504 851 3554 deu
873 3502 1015 3570 folgenden
1039 3502 1198 3568 Depeschsn
1220 3517 1269 3554 aus
1295 3516 1350 3552 was
1373 3500 1416 3552 die
1434 3499 1567 3552 Oratoren
1587 3516 1641 3552 ron

372 3590 432 3642 dem
450 3592 527 3656 Gang
544 3590 591 3642 der
608 3591 764 3640 Discussiou
788 3589 822 3640 de
844 3592 936 3656 quinto
962 3590 1049 3655 eapite
1075 3587 1211 3640 doctrinae
1229 3587 1263 3639 de
1286 3592 1450 3639 sacramento
1473 3586 1575 3638 ordinis
1601 3603 1641 3638 er·

371 3676 472 3741 zithleu,
491 3677 525 3728 da
543 3676 690 3726 aahlreiche
708 3676 763 3726 und
780 3676 936 3742 geniigende
948 3676 1072 3727 Berichte
1091 3675 1226 3742 vorliegen
1243 3676 1270 3724 in
1282 3674 1381 3724 Beluae
1394 3676 1418 3734 3,
1432 3676 1498 3736 469;
1515 3674 1636 3725 Beccad.

372 3765 396 3824 2,
414 3764 461 3826 873
479 3763 528 3828 Ep.
547 3764 611 3829 Pog.
630 3765 654 3827 ³,
674 3765 737 3827 3193
756 3763 795 3814 Le
813 3764 874 3815 Plat
893 3766 917 3826 6,
937 3765 994 3816 102.
1009 3765 1073 3828 108;
1096 3761 1164 3814 Pali.
1185 3766 1209 3825 2,
1229 3763 1286 3824 760,
1309 3760 1364 3811 und
1387 3761 1421 3812 da
1439 3761 1482 3811 die
1499 3762 1635 3812 verschie-

372 3847 457 3900 dsnen
483 3847 583 3899 darnole
609 3849 852 3916 vorgeschlagenen
876 3849 932 3900 und
960 3850 1030 3900 auch
1056 3849 1118 3900 dem
1141 3849 1236 3902 Kaiser
1258 3847 1446 3914 singesandten
1469 3846 1637 3916 angm,

372 3938 448 3984 unter
465 3934 551 3985 denen
569 3935 612 3986 die
630 3935 677 3986 des
693 3935 865 4002 Lothringers
883 3937 938 3988 und
957 3937 1000 3987 die
1018 3937 1066 3988 der
1084 3936 1246 3988 canonistas
1263 3935 1309 3986 die
1321 3935 1487 4001 wiohtigsten
1504 3935 1575 4001 aiud,
1588 3951 1635 3986 aus

370 4021 512 4072 Mendhsm
529 4023 579 4072 382
598 4037 671 4087 sequ.
691 4021 842 4072 ersiehtlich
860 4022 927 4074 sind.
945 4022 996 4074 Am
1015 4025 1046 4074 lt
1064 4023 1129 4074 Juni
1147 4025 1283 4074 tusserten
1301 4021 1359 4074 sich
1372 4020 1567 4072 dartiberBrus
1578 4022 1632 4072 und

370 4107 533 4159 Draskovics
551 4107 594 4172 (C.
613 4107 668 4173 Δ.)ι
687 4109 715 4158 in
733 4123 765 4159 eo
782 4106 919 4160 laboratur
936 4107 1024 4160 adhuc
1042 4122 1137 4176 magno
1156 4108 1243 4160 studio
1261 4113 1291 4158 ut
1309 4108 1397 4174 aliqua
1409 4107 1556 4158 concordia
1574 4123 1633 4160 enm

371 4193 454 4246 Gallis
472 4195 575 4244 ineatur
593 4194 626 4245 de
643 4193 776 4260 pontificis
794 4196 966 4260 auctoritate,
992 4195 1020 4246 iu
1042 4212 1094 4262 quo
1119 4195 1231 4246 articulo
1254 4196 1336 4244 totius
1359 4194 1465 4260 negocii
1488 4193 1631 4246 difficultas

372 4281 490 4331 consistit
507 4307 540 4318 -
557 4280 612 4330 und
629 4295 671 4332 am
690 4281 722 4331 18
739 4280 855 4332 meldete
874 4280 921 4334 der
938 4283 1038 4348 Preger
1056 4281 1117 4334 dem
1133 4282 1167 4332 Κ,
1184 4279 1347 4331 Maximiliau
1370 4278 1481 4346 (Rom.):
1498 4295 1562 4331 man
1579 4280 1630 4330 km

369 4365 421 4418 wol
439 4381 520 4433 sagea
539 4366 600 4417 dass
618 4368 664 4416 wir
681 4369 709 4417 in
722 4367 821 4418 diesem
833 4367 931 4418 lstuten
942 4367 1039 4418 artikel
1050 4369 1075 4418 ie
1088 4366 1180 4435 lenger
1196 4368 1221 4418 is
1233 4367 1324 4418 weiter
1335 4365 1516 4418 voneinander
1527 4366 1628 4428 komea,

370 4469 399 4504 so
417 4467 464 4520 gar
481 4452 564 4518 heftig
586 4452 645 4502 sind
667 4452 711 4504 die
735 4454 889 4504 monnten
912 4453 967 4504 und
983 4453 1133 4506 hamoson
1150 4453 1364 4504 widereinander.
1388 4451 1442 4504 und
1464 4451 1509 4503 ich
1527 4451 1627 4504 fflrchte

370 4538 430 4588 dass
449 4538 496 4590 das
513 4537 662 4590 vorrtioken
679 4537 725 4590 der
742 4539 775 4590 K.
793 4539 830 4588 M*
868 4555 922 4590 von
938 4539 1068 4606 Iunspruk
1086 4539 1173 4590 werde
1188 4538 1286 4592 saliciae
1297 4538 1372 4590 mehr
1383 4538 1497 4606 bdaiger
1508 4537 1625 4601 mahen,

369 4624 469 4676 welche
486 4624 625 4691 gleichrrol
641 4624 690 4677 ani
706 4625 727 4674 ir
744 4625 776 4675 K.
794 4625 844 4688 Mi,
857 4626 916 4678 weil
928 4627 967 4678 sie
980 4642 1010 4678 so
1022 4626 1091 4677 nahe
1103 4629 1211 4692 gswsst,
1224 4641 1315 4692 posse
1326 4624 1388 4676 aoht
1399 4624 1521 4692 gegeben
1533 4624 1624 4676 haben

435 4712 467 4762 In
485 4711 531 4762 der
548 4711 688 4778 Depesche
706 4727 767 4762 vom
786 4714 817 4762 12
834 4713 899 4764 Juni
917 4712 1040 4764 schlissst
1057 4712 1114 4764 sich
1132 4727 1166 4764 an
1184 4712 1264 4778 obige
1283 4710 1364 4762 Stelle
1382 4726 1417 4762 au
1427 4725 1484 4762 was
1495 4710 1622 4762 Bneholts

369 4802 392 4862 s,
411 4801 461 4851 699
479 4801 576 4851 bereits
593 4798 784 4850 verttientlicht
801 4799 847 4850 hat
865 4799 1011 4865 (praeterea
1022 4826 1055 4838 -
1068 4799 1265 4866 supplicamus),
1283 4797 1337 4848 und
1354 4797 1393 4848 als
1411 4797 1541 4866 Beilagsn
1559 4797 1622 4848 darn

368 4888 462 4938 dienen
481 4884 523 4936 die
540 4888 567 4934 in
585 4885 632 4938 der
650 4885 844 4952 congregation
862 4885 996 4937 verlesone
1014 4886 1182 4952 Proposition
1204 4887 1250 4950 (ib.
1271 4886 1332 4935 700:
1350 4883 1454 4935 videtur
1471 4910 1505 4922 -
1524 4883 1620 4948 inferri)

368 4975 421 5024 und
439 4973 483 5022 dio
499 4989 553 5024 von
569 4973 667 5022 Hosius
679 4971 865 5038 hinaugsittgte
883 4971 981 5024 Schriit
999 4972 1045 5039 (ib.
1065 4973 1128 5022 701:
1146 4970 1218 5038 qnod
1235 4973 1257 5022 si
1274 4972 1341 5022 torte
1360 4997 1392 5008 -
1408 4969 1480 5022 finus
1498 4970 1530 5026 Ο.
1549 4969 1618 5033 ΜΨ)-

369 5060 432 5116 War
458 5059 530 5112 diese
547 5057 755 5126 Angelegsnhsit
777 5056 844 5128 jetat
871 5056 1011 5130 allerdings
1038 5075 1090 5110 ron
1108 5058 1216 5130 Belgien
1243 5073 1291 5110 sus
1316 5061 1456 5126 merset,
1482 5071 1513 5110 so
1532 5057 1617 5112 mea
