3532 5832
310 456 351 520 at

301 644 328 707 si
349 643 403 708 M¹¹
430 642 471 708 V.
495 642 666 712 videbitur.
703 657 735 713 et
754 671 814 735 pro
844 658 931 714 certo
960 651 1056 714 etiam
1085 649 1210 735 andivi,
1245 652 1291 716 ita
1312 651 1516 716 constitrisse
1538 673 1642 738 opera

301 746 360 810 ΗΝ
381 745 555 814 cardinalis
570 749 713 834 Moruni,
737 753 793 838 qui
814 773 952 838 magnus
975 763 1089 818 auctor
1109 754 1171 820 fuit
1191 755 1335 841 pontifici
1356 763 1394 820 ut
1416 754 1563 823 definiret
1584 779 1641 822 ne-

303 852 428 936 gotium
450 849 514 915 M²¹⁵
534 851 591 934 V.,
614 875 676 918 neo
698 876 762 919 non
778 855 956 922 Tridentini
972 905 980 922 .
998 905 1030 920 ..
1287 934 1292 948 Ι

403 954 492 1019 Pane
513 957 670 1022 memoria
692 958 860 1024 exciderat
881 959 970 1044 quod
992 961 1075 1024 inter
1097 959 1296 1047 loquendum
1320 984 1393 1026 com
1416 959 1461 1026 S²⁸
1481 959 1515 1026 S.
1539 964 1640 1028 enim·

302 1056 429 1122 adverti
452 1055 518 1122 8⁸⁶⁰
542 1057 576 1122 S.
598 1082 732 1146 cupere,
762 1072 800 1127 ut
821 1064 928 1128 mittat
949 1063 1018 1127 Μω
1039 1063 1081 1128 V.
1111 1073 1271 1130 oratorem
1301 1087 1410 1143 suum,
1446 1085 1545 1152 qnare
1573 1064 1643 1130 cle-

302 1163 499 1230 mentissime
521 1162 589 1227 Mo·
612 1164 654 1230 V.
679 1165 929 1250 animadvertat,
953 1178 989 1233 ut
1011 1167 1152 1256 aliquem
1174 1167 1238 1234 huc
1260 1172 1381 1251 mittat,
1405 1170 1461 1256 qui
1473 1166 1540 1233 ΒΜ
1555 1167 1588 1232 S.
1606 1170 1641 1234 in

301 1264 364 1331 hoc
385 1267 550 1352 proposito
574 1289 767 1334 conservare
790 1271 886 1354 sciat,
911 1281 943 1336 et
964 1272 998 1336 in
1018 1271 1082 1337 hoc
1102 1293 1175 1337 meo
1191 1271 1401 1339 indicimus·
1413 1272 1453 1338 V.
1477 1293 1538 1338 nec
1553 1295 1639 1338 surn-

301 1369 411 1456 ptibus
427 1393 488 1436 nec
511 1373 663 1458 cuiquam
687 1373 770 1438 aliae
792 1377 839 1440 rei
861 1397 995 1461 parcere
1019 1375 1124 1442 debet.

407 1472 500 1539 Mitto
522 1483 692 1561 praeterea
715 1478 858 1564 episcopi
880 1477 1034 1564 Delphini
1059 1478 1178 1557 literas,
1201 1481 1234 1543 in
1257 1480 1375 1566 quibus
1398 1478 1549 1566 alligatae
1565 1487 1643 1544 sunt

304 1575 468 1663 quaedam
490 1579 732 1658 instructiones,
756 1603 837 1668 quas
851 1591 960 1646 tamen
975 1603 1040 1647 non
1055 1605 1173 1668 magno
1189 1585 1262 1648 usui
1277 1583 1402 1648 futuras
1419 1583 1526 1666 oredo,
1541 1605 1640 1670 prae-

304 1682 400 1769 cipue
423 1681 576 1768 expedito
598 1685 739 1768 negotio.

405 1786 615 1873 Postscripta.
658 1787 806 1873 pontifex
828 1789 944 1854 iterum
965 1813 1017 1854 me
1039 1791 1073 1854 in
1094 1789 1251 1876 palatium
1274 1792 1462 1874 accersivit,
1501 1801 1533 1856 et
1557 1811 1636 1878 quo-

301 1892 391 1960 niam
411 1892 501 1978 prius
525 1911 559 1956 se
582 1891 625 1957 ad
646 1891 725 1956 ΜΝ]
747 1892 788 1957 V.
818 1895 1073 1979 perscripturum
1102 1894 1244 1976 dixerat,
1282 1897 1328 1959 uti
1357 1896 1477 1960 mentio
1506 1916 1566 1981 per
1586 1915 1642 1958 me

301 1993 338 2060 lit
361 1997 525 2081 superius,
548 2017 636 2060 nunc
658 2006 766 2062 autem
789 1994 847 2061 δι’·
870 1995 902 2061 S.
925 1995 1004 2060 mihi
1026 1996 1122 2081 dixit,
1157 1997 1245 2084 quod
1266 2009 1481 2084 posteaquam
1502 1997 1643 2063 restituit

302 2096 380 2162 Man
402 2097 443 2161 V.
467 2097 503 2164 Ο.
527 2099 561 2162 in
579 2101 820 2185 possessionem
841 2102 959 2164 iuriam
982 2123 1113 2166 suorum
1137 2111 1241 2165 etms
1271 2101 1401 2165 admisit
1422 2102 1470 2166 uti
1499 2101 1642 2166 caesarie

303 2210 479 2285 oratorem,
517 2224 583 2268 non
605 2224 677 2268 esse
698 2225 759 2287 pro
781 2225 868 2267 nunc
889 2202 932 2266 ad
953 2203 1032 2266 ΜΝ)
1055 2203 1095 2269 V.
1118 2202 1228 2268 literas
1252 2203 1421 2286 daturum,
1448 2205 1642 2290 priusquam

301 2325 361 2390 per
382 2303 462 2368 M¹⁰⁰²
484 2303 524 2368 Vr
549 2303 581 2370 S.
606 2304 647 2370 Su
673 2305 909 2390 persenbatur,
934 2305 1013 2392 quid
1034 2305 1076 2370 de
1099 2305 1161 2370 hoc
1182 2304 1243 2369 MV·
1257 2305 1298 2370 V.
1320 2306 1472 2372 videatur
1494 2317 1526 2372 et
1541 2327 1641 2394 quam

305 2417 467 2476 oratorem
490 2430 584 2474 suum
606 2406 671 2474 huc
692 2409 813 2492 mittat,
838 2411 893 2496 qui
915 2410 1090 2473 instructus
1107 2431 1178 2472 esse
1193 2407 1292 2474 dehet
1307 2418 1339 2476 et
1359 2411 1502 2476 maxime
1524 2411 1557 2474 in
1572 2433 1640 2475 ma-

302 2514 384 2578 teria
405 2534 554 2578 recessus
574 2511 778 2576 Pataviensis
800 2521 832 2576 et
855 2511 1008 2594 aliorum,
1043 2521 1075 2576 ct
1095 2511 1157 2576 hoc
1179 2511 1466 2598 pro-quorundam
1489 2513 1641 2580 cardina·

302 2616 382 2682 lium
405 2615 639 2692 satisfactione,
662 2637 737 2680 nam
759 2615 847 2703 quod
870 2615 912 2680 ed
935 2613 1001 2681 Sam
1017 2615 1049 2679 S.
1067 2616 1201 2696 attinet,¹
1220 2615 1403 2685 defendisse
1419 2615 1551 2702 quidem
1562 2617 1641 2682 Μ’““ι

302 2721 344 2788 V.
367 2730 400 2785 et
415 2719 628 2786 defensuram
650 2742 721 2784 esse
744 2742 848 2806 usque
871 2719 913 2785 ad
936 2721 1102 2805 sanguinis
1124 2719 1359 2804 profusionem,
1381 2729 1415 2786 et
1437 2719 1499 2786 hoc
1520 2729 1571 2785 ter
1593 2721 1640 2786 di-

303 2825 360 2890 xit
385 2823 483 2890 debet
498 2825 602 2910 igitur
625 2835 733 2890 orator
752 2826 929 2889 instructus
951 2825 1062 2889 venire
1084 2825 1118 2888 in
1138 2822 1195 2888 illa
1215 2825 1351 2890 materia
1373 2822 1514 2906 adhoc,
1549 2835 1585 2890 ut
1607 2827 1641 2892 in

304 2927 515 2996 cardinalium
531 2930 782 3014 congregatione
797 2928 878 2994 sciat
892 2926 1035 3015 aliquam
1050 2928 1293 2993 excusationem
1308 2929 1343 2993 in
1356 2927 1499 2994 medium
1515 2928 1640 2996 afferre.

303 3036 435 3121 insuper
456 3032 535 3098 mihi
558 3034 716 3098 commisit
738 3031 795 3098 8²¹¹
819 3031 869 3110 S.,
896 3038 934 3098 ut
962 3031 1195 3098 beatitudinem
1218 3055 1312 3098 suam
1333 3032 1387 3098 MV·
1412 3032 1454 3098 V.
1476 3055 1642 3100 commen-

304 3139 432 3222 darem,
456 3146 489 3202 et
511 3137 601 3224 quod
621 3137 701 3204 Μιοιιὶ
722 3137 764 3201 V.
788 3139 957 3202 certiorem
978 3136 1096 3204 faciam
1119 3135 1208 3223 quod
1231 3134 1290 3200 8⁸⁸⁸
1311 3135 1344 3200 S.
1366 3138 1505 3202 missum
1527 3146 1577 3202 est
1598 3136 1642 3202 le

304 3252 417 3330 gatum
440 3264 534 3307 suum
555 3243 590 3306 in
612 3244 736 3307 curiam
758 3241 822 3306 MV·
844 3241 885 3306 V.
897 3291 906 3324 ,
930 3243 985 3326 qui
1008 3243 1158 3307 continue
1180 3239 1336 3306 residebit
1358 3242 1390 3306 in
1405 3241 1480 3306 aula
1503 3250 1534 3308 et
1548 3250 1641 3306 trec·

303 3345 387 3411 tabit
409 3367 485 3410 cum
505 3343 563 3410 Μιο
583 3343 616 3410 S.
641 3345 681 3409 de
704 3345 803 3410 rebus
825 3344 1031 3428 necessariis,
1064 3345 1120 3430 qui
1140 3343 1386 3410 commendatus
1416 3365 1487 3410 esse
1511 3342 1643 3410 debebit

307 3448 364 3515 Mo
384 3448 426 3514 V.
449 3451 483 3513 in
504 3446 602 3514 rebus
625 3450 765 3513 maxime
788 3449 844 3514 ubi
867 3449 974 3533 agitur
997 3447 1038 3512 de
1058 3445 1231 3532 religione,
1270 3455 1302 3512 et
1328 3456 1500 3532 propterea
1523 3469 1639 3515 censeo

305 3551 384 3618 Mam
408 3553 446 3618 V.
471 3552 575 3619 modis
591 3551 739 3618 omnibus
756 3573 949 3617 conservare
964 3550 1084 3616 debere
1107 3553 1202 3616 istam
1216 3571 1413 3636 propensam
1436 3549 1492 3616 ga.
1513 3549 1642 3636 Serge.

305 3656 386 3723 ΜΝ]
409 3656 449 3722 V.
471 3656 681 3724 voluntatem.
704 3677 766 3721 nec
787 3651 891 3742 plura.
913 3676 966 3718 mc
988 3654 1040 3718 Μιί
1064 3653 1103 3720 V.
1125 3652 1303 3720 humillime
1327 3653 1528 3722 commendo.

365 3818 367 3825 ·
408 3777 531 3846 Romae
554 3778 607 3849 die
627 3779 731 3867 primo
754 3777 897 3842 Ianuarii
921 3775 1013 3843 1560.

713 3966 778 4030 Mos
798 3966 840 4031 V.
863 3965 899 4031 O.

923 4151 1119 4217 humillimus
1143 4176 1182 4219 ac
1205 4153 1342 4219 devotus
1365 4177 1478 4220 servus

908 4274 1103 4340 Franciscus
1126 4273 1167 4340 de
1190 4274 1285 4339 Turri
1307 4274 1388 4342 baro
1410 4297 1453 4340 m.
1476 4298 1508 4361 p.
1531 4307 1533 4315 ·

446 4513 578 4564 Weiterer
594 4513 695 4564 Inhalt:
714 4513 851 4579 derPapst
869 4511 1021 4580 missbillige
1041 4515 1082 4566 die
1094 4517 1244 4582 Bosetaung
1262 4517 1309 4566 der
1320 4515 1470 4566 Bisthttmsr
1488 4513 1572 4565 durch
1592 4514 1643 4564 den

378 4600 485 4665 Kaisar,
516 4600 563 4650 der
575 4599 698 4654 Oardinal
716 4615 769 4651 von
786 4600 879 4652 Triont
895 4601 977 4650 sende
995 4603 1086 4652 seinen
1104 4602 1198 4653 Neffen
1216 4604 1249 4654 D.
1269 4603 1411 4669 Georgium
1424 4602 1590 4654 Madmc'mm
1608 4615 1644 4650 an

380 4685 432 4737 den
450 4686 627 4738 kaiserlichen
644 4686 711 4746 Hof;
730 4685 777 4736 der
792 4687 887 4738 Keiser
905 4691 982 4752 mdge
1000 4687 1100 4738 diesem
1119 4689 1230 4740 Gnaden
1249 4691 1385 4751 craciaco,
1399 4689 1469 4743 dean
1487 4688 1534 4741 der
1552 4687 1643 4738 Cardi-

379 4771 424 4822 nal
441 4771 511 4822 habe
529 4771 586 4822 sich
603 4772 663 4822 sehr
680 4777 728 4840 gut
739 4773 896 4822 benommcn
908 4772 962 4822 und
974 4772 1043 4824 habe
1056 4774 1156 4840 titglich
1174 4775 1234 4826 dem
1252 4775 1348 4824 Orator
1366 4774 1449 4825 durch
1466 4774 1517 4824 den
1530 4773 1644 4824 Kanalcr

380 4859 431 4908 Dor
449 4857 560 4907 Carolus
579 4857 673 4908 Grotta
690 4857 798 4908 Bericht
816 4873 864 4908 aus
883 4857 943 4907 dem
962 4857 1097 4908 conclave
1116 4860 1235 4926 zugchen
1253 4861 1348 4911 lasseu.
1371 4889 1398 4898 -
1419 4861 1502 4912 Unter
1521 4861 1571 4910 den
1585 4859 1642 4908 Bei-

379 4941 523 5012 lagen'der
541 4945 682 5010 Depesche
701 4946 759 4996 eine
778 4945 943 4996 italienische
961 4946 1073 5011 Zeitrmg
1091 4961 1152 4996 vom
1170 4949 1202 4996 29
1220 4947 1377 5010 December,
1393 4947 1643 5000 ‘ausshhrlicherBe-

379 5032 532 5084 richt-ltber
549 5030 593 5084 die
609 5033 690 5085 wahl
707 5031 763 5084 und
781 5031 989 5084 Charakteristilr
1009 5033 1056 5085 des
1072 5044 1159 5086 neuen
1176 5033 1301 5100 Papstes,
1320 5034 1643 5089 conumeraremus
