3498 5818
125 736 254 803 cunque
288 711 384 778 dictis
414 707 596 778 oratoribus
624 710 852 776 oommissariis
880 717 913 776 et
940 707 1149 777 mandatariis
1181 711 1300 778 nostris
1329 710 1397 778 ΟΜ·
1428 714 1462 778 in

122 817 256 908 publico
281 813 534 903 comparendum
555 814 625 898 erit,
648 821 685 878 ut
705 812 852 898 patribus
875 813 1042 900 quippiam
1063 822 1247 902 proponant
1263 813 1351 902 quod
1365 837 1460 902 gene·
1550 835 1555 852 ·

123 921 235 988 taliter
258 919 302 986 ad
323 939 384 986 nos
406 927 563 1004 tanquam
589 915 817 1002 imperatorem
844 915 882 982 lt
911 937 1087 1003 regemque
1114 915 1306 1004 Hungsriae
1333 939 1373 984 ac
1399 917 1461 986 Bo-

121 1023 250 1091 hemiae
273 1031 307 1089 et
328 1019 537 1089 archiducem
558 1017 712 1084 Austriae
732 1019 922 1105 pertinebit,
953 1018 1119 1086 debebunt
1146 1042 1275 1106 semper
1296 1021 1393 1086 etiam
1416 1021 1459 1087 ad

122 1151 157 1194 se
177 1128 329 1214 recipere
350 1123 514 1211 praefatos
536 1123 629 1209 regni
650 1124 751 1189 nostri
766 1119 957 1209 Hungariae
972 1123 1142 1211 episcopos
1158 1132 1191 1189 et
1204 1124 1349 1190 vicissim
1365 1125 1462 1192 etiam

120 1231 200 1318 ipsis
221 1229 392 1311 Hungaris
415 1227 566 1292 assistere
588 1227 624 1292 in
645 1227 684 1290 iis
713 1226 851 1312 negotiis
874 1248 959 1313 quae
981 1225 1044 1293 illis
1065 1249 1125 1312 pro
1146 1235 1239 1315 parts
1260 1236 1372 1294 nostra
1393 1237 1462 1296 tan·

122 1356 219 1421 qnam
242 1333 331 1417 regis
347 1329 537 1415 Hnngan'ae
560 1327 770 1415 eiusdemque
793 1329 885 1414 regni
907 1331 941 1394 in
956 1327 1093 1396 concilio
1107 1329 1320 1417 proponenda
1334 1330 1462 1417 agenda

122 1433 349 1502 attrectanda
371 1439 551 1498 occurrent.
575 1431 608 1494 in
630 1431 670 1494 iis
692 1441 800 1496 tamen
823 1453 907 1517 quas
929 1433 963 1496 in
986 1431 1095 1519 specie
1117 1432 1160 1498 ad
1181 1442 1325 1499 nostram
1348 1455 1458 1500 auram

1 1627 2 1630 Ἴ
123 1562 179 1625 pro
203 1536 267 1603 θ’·1
290 1538 392 1602 nostri
414 1535 555 1600 muneris
577 1534 702 1600 ratione
725 1541 887 1619 spectant,
915 1534 993 1600 satis
1016 1536 1076 1600 erit
1096 1535 1185 1621 ipsos
1209 1545 1352 1602 oratores
1374 1559 1462 1602 man·

124 1642 270 1707 datarios
294 1648 326 1704 et
347 1638 584 1704 commissarios
599 1645 727 1701 nostros
742 1637 790 1702 nti
805 1635 939 1702 consilio
954 1635 1112 1702 dictorum
1129 1638 1353 1725 episcoporum
1367 1639 1458 1705 Hun-

121 1766 277 1830 garorum
298 1744 332 1807 in
348 1740 579 1807 deliberatione
594 1739 682 1806 domi
698 1748 730 1804 et
743 1740 895 1825 privatim
909 1739 1070 1823 facienda,
1087 1738 1262 1808 dummodo
1278 1743 1312 1808 in
1326 1741 1459 1829 publico

120 1859 292 1913 eteorum
318 1844 467 1933 patribus
500 1844 563 1930 ipsi
594 1841 656 1908 'soli
689 1852 898 1929 compareant
925 1852 1080 1931 tanquam
1109 1843 1145 1911 O.
1180 1853 1323 1911 oratores
1355 1844 1459 1911 nostri

121 1971 228 2038 eaque
251 1957 354 2034 agant
376 1969 460 2034 quae
482 1946 560 2033 ipsis
581 1946 695 2032 vigore
717 1945 812 2011 huius
834 1947 1054 2012 instructionis
1070 1946 1200 2032 agenda
1221 1957 1324 2012 erunt

224 2051 271 2116 Et
293 2052 370 2137 quia
391 2050 564 2136 episcopus
579 2047 936 2133 Quinqueecolesiensis
959 2070 980 2114 a
1000 2048 1109 2116 multis
1131 2049 1227 2114 annis
1240 2060 1389 2116 versatus
1412 2063 1462 2118 est

120 2157 154 2219 in
176 2154 328 2240 negociis
348 2150 488 2240 publicis
510 2151 704 2238 iunctisque
728 2151 833 2217 officio
857 2153 1021 2217 secretarii
1052 2153 1155 2218 nostri
1183 2152 1365 2238 Hungarici
1395 2177 1461 2222 ma·

122 2279 225 2343 gnum
247 2278 345 2320 nsum
366 2254 466 2321 habet
486 2254 657 2340 perspicue
679 2262 712 2319 et
732 2251 861 2320 deserte
875 2253 1051 2321 mandandi
1063 2253 1165 2320 literis
1180 2277 1220 2320 ea
1240 2277 1324 2342 quae
1338 2257 1373 2322 in
1388 2279 1462 2324 con-

1 2375 2 2424 :
122 2359 353 2425 saltationibus
376 2355 494 2444 quibus
515 2357 671 2420 interesse
687 2357 855 2420 consuevit
871 2355 1050 2423 deliberata
1063 2355 1203 2440 fuerunt,
1227 2358 1460 2445 existimamus,

122 2485 197 2530 oum
221 2461 391 2549 quidpiam
412 2458 453 2524 de
474 2457 573 2524 rebus
595 2459 629 2523 in
651 2457 721 2524 dies
742 2459 777 2522 in
799 2458 935 2524 concilio
958 2458 1197 2545 emergentibus
1219 2463 1361 2526 maxime
1383 2485 1459 2548 gra·

1 2617 2 2656 3
120 2564 271 2632 rioribus
292 2562 336 2628 ad
356 2583 416 2628 nos
439 2560 645 2626 scribendum
666 2560 745 2643 erit,
775 2561 838 2648 ipsi
859 2562 1039 2628 rectissime
1061 2561 1222 2629 calamum
1245 2564 1329 2629 tradi
1351 2588 1458 2652 posse.

225 2667 352 2732 Verum
372 2664 449 2730 licet
471 2686 511 2729 ea
533 2685 619 2750 quae
640 2663 674 2727 in
697 2661 766 2728 dies
788 2662 883 2729 isthic
905 2664 1034 2750 agenda
1049 2673 1081 2730 et
1096 2662 1267 2732 tractanda
1282 2677 1460 2752 occurrent,

1 2767 2 2800 l
120 2792 211 2836 nunc
232 2767 419 2856 praevideri
440 2774 604 2854 nequeant
625 2764 763 2852 ideoque
785 2767 865 2852 ipsis
888 2767 1071 2833 oratoribus
1085 2767 1297 2834 mandatariis
1319 2778 1352 2834 et
1373 2792 1458 2837 com-

1 2867 2 2894 ³
122 2873 283 2940 missariis
304 2871 423 2937 nostris
450 2872 484 2934 in
512 2869 621 2955 specie
650 2869 758 2934 omnia
787 2889 871 2956 quae
899 2892 998 2956 agere
1032 2869 1152 2938 debent
1184 2871 1363 2957 praescribi
1395 2896 1461 2940 non

1 2977 2 2990 ³
123 2977 262 3064 possint,
285 2972 540 3038 existimavimus
562 2980 670 3036 tamen
684 2993 750 3036 non
766 2971 876 3038 abere
891 2972 1035 3038 futurum
1049 2971 1123 3040 illos
1138 2982 1277 3040 mentem
1293 2996 1333 3040 ao
1347 2974 1458 3041 volun·

1 3163 2 3168 ἵ
124 3088 226 3145 tatem
248 3085 393 3142 nostrum
416 3074 456 3141 de
478 3073 529 3140 bis
551 3072 666 3143 saltem
688 3094 772 3159 quas
795 3083 973 3161 sequuntur
1000 3083 1032 3141 et
1051 3073 1149 3140 facile
1171 3078 1300 3142 evenire
1322 3088 1461 3164 possunt

122 3181 316 3266 intelligere
344 3179 511 3265 inprimis
533 3185 642 3242 autem
663 3175 813 3244 volumus
835 3176 1000 3262 praefatos
1022 3186 1165 3244 oratores
1187 3179 1405 3246 mandatarios
1428 3192 1462 3248 et

123 3283 365 3350 commissarios
388 3289 516 3347 nostros
539 3281 738 3364 admonitos,
767 3302 810 3345 ex
832 3300 896 3366 quo
918 3277 1012 3346 facile
1035 3282 1164 3346 evenne
1186 3292 1295 3369 potest
1316 3286 1405 3370 quod
1426 3287 1460 3352 in

122 3390 194 3474 ipso
229 3387 338 3451 statim
372 3384 499 3450 concilii
533 3383 669 3450 exordio
705 3384 850 3471 quaestio
873 3384 1011 3466 oriatur,
1045 3405 1124 3449 num
1144 3406 1265 3451 novum
1285 3385 1460 3454 ¹concilium

123 3489 271 3556 inchoari
293 3497 327 3553 et
348 3487 505 3553 celebrari
529 3496 585 3552 ant
605 3487 713 3573 potius
735 3487 903 3571 antiquum
926 3495 959 3551 et
980 3487 1201 3572 superioribus
1223 3489 1315 3554 annis
1336 3488 1459 3556 ibidem

126 3602 277 3678 coeptum
300 3591 480 3656 continuari
502 3588 628 3673 debeat,
651 3611 694 3654 ne
715 3588 778 3675 ipsi
801 3597 945 3654 oratores
969 3591 1179 3654 commissarii
1208 3599 1241 3654 et
1266 3591 1460 3658 mandatarii

125 3696 227 3760 nostri
238 3692 298 3758 tali
309 3693 490 3780 quaestioni
500 3692 683 3758 movendae
696 3690 763 3756 ullo
777 3689 878 3758 verbo
894 3713 1007 3756 ansam
1020 3691 1073 3758 vel
1088 3692 1255 3758 materiam
1269 3694 1459 3780 praebeant,

127 3795 183 3862 sed
213 3797 242 3860 si
269 3796 331 3882 ipsi
359 3817 397 3860 eo
426 3796 555 3860 nomine
581 3791 889 3880 interpellabuntur,
912 3795 1012 3879 petito
1035 3793 1235 3862 deliberandi
1258 3798 1369 3891 spacio
1390 3821 1460 3864 rem

127 3919 256 3964 omnem
279 3920 353 3964 oum
372 3897 471 3984 plens
499 3907 532 3962 et
559 3906 675 3962 exacta
703 3896 928 3962 informatione
957 3897 1118 3984 integram
1150 3899 1194 3964 ad
1225 3921 1285 3966 nos
1319 3900 1461 3966 reserant

127 4007 336 4087 nostramque
359 3999 625 4066 deliberationem
647 4007 680 4064 et
701 3997 930 4065 resolutionem
952 4009 1134 4086 expectent

230 4100 384 4168 Similiter
405 4101 640 4167 advertendum
663 4103 723 4166 erit
745 4100 926 4167 oratoribus
949 4103 1175 4168 commissoriis
1197 4112 1230 4169 et
1247 4103 1459 4170 mandatariis

126 4205 245 4270 nostris
267 4204 470 4290 supradictis,
494 4205 521 4268 si
542 4203 625 4268 forte
647 4205 681 4268 in
702 4204 861 4290 principio
883 4201 936 4268 vel
957 4225 1133 4290 progressu
1154 4205 1283 4271 concilii
1298 4228 1319 4271 a
1334 4227 1460 4272 summo

126 4305 280 4394 pontifice
300 4305 355 4372 vel
384 4306 426 4371 ab
455 4305 527 4372 aliis
553 4327 606 4370 res
633 4327 672 4370 eo
703 4305 910 4392 dirigeretur,
943 4314 980 4370 ut
1013 4305 1184 4372 concilium
1217 4307 1270 4372 vel
1300 4309 1334 4372 in
1363 4307 1461 4374 alium

127 4408 235 4474 locum
258 4408 484 4474 mansfememr
503 4406 560 4474 vel
575 4407 688 4473 saltem
703 4408 737 4472 in
752 4405 841 4472 aliud
856 4417 982 4494 tempus
998 4409 1193 4493 reiiceretur,
1207 4419 1245 4475 ut
1258 4411 1321 4498 ipsi
1336 4410 1461 4478 collatis

129 4511 270 4578 consiliis
295 4535 368 4577 cum
392 4510 527 4577 serm
548 4511 780 4599 Hispaniarum
811 4519 844 4576 et
868 4510 996 4576 Galliae
1017 4535 1132 4600 regum
1154 4513 1334 4580 oratoribus
1356 4513 1461 4579 istius·

127 4615 215 4681 modi
236 4613 477 4680 translationem
500 4624 532 4680 et
553 4615 797 4700 suspensionem
813 4615 899 4679 omni
915 4634 979 4700 qno
995 4624 1150 4700 poterunt
1164 4616 1260 4683 modo
1275 4615 1461 4703 impediant,

127 4717 188 4782 nisi
216 4727 377 4804 quatenus
405 4717 494 4805 quod
525 4717 612 4782 absit
638 4717 838 4803 inopinatum
867 4716 998 4802 aliquod
1028 4718 1149 4784 malum
1179 4721 1344 4806 ingrueret
1370 4719 1461 4784 ouius

129 4839 231 4884 cansa
254 4817 424 4884 concilium
447 4820 631 4884 necessario
653 4817 925 4884 mansfemendum
938 4819 1028 4903 foret,
1043 4820 1097 4885 vel
1118 4823 1253 4908 insignis
1275 4831 1308 4887 et
1329 4819 1462 4886 evidens

128 4921 250 4986 utilitas
279 4921 313 4986 id
336 4921 504 5003 suaderet,
536 4945 600 5010 qno
628 4931 737 4986 tamen
764 4931 903 5008 utroque
926 4943 1005 4987 casu
1027 4931 1171 4989 oratores
1194 4923 1404 4990 commissarii
1427 4929 1459 4986 et

129 5023 324 5089 mandatarii
345 5025 447 5090 nostri
469 5023 503 5089 in
525 5045 564 5090 eo
586 5023 813 5106 elaborabunt,
846 5045 888 5089 ne
918 5024 996 5112 quid
1024 5025 1065 5090 de
1093 5025 1150 5092 tali
1178 5024 1387 5092 translatione
1407 5023 1461 5094 vol
