3460 5826
1327 507 1391 572 ais

138 697 247 766 synodum
265 697 382 750 noudum
399 701 575 762 concesserat,
594 697 658 748 aR
676 695 803 764 pont'iicn
820 695 925 750 facilins
942 697 1104 752 obtenturos.
1128 696 1201 764 quod
1222 697 1245 748 si
1261 711 1331 748 nune
1349 697 1388 746 vi·
1450 711 1451 715 ¹

138 785 217 838 derint
233 787 284 838 snb
300 781 330 838 id
346 790 451 852 tempus
469 800 521 852 quo
539 783 677 850 praelatae
693 785 789 852 synodi
807 783 917 836 decreta
933 785 1056 836 omnibus
1079 783 1210 836 sananda
1228 783 1391 848 exhibentur,

136 872 208 924 amul
225 873 305 922 etiarn
325 871 416 923 calicia
433 887 510 922 nsum
523 871 661 924 Germanis
680 871 793 924 concedi
809 871 889 938 idque
906 873 1092 938 praetermissa
1106 876 1210 924 matum
1227 871 1392 924 discussione

135 966 159 1011 et
173 960 274 1010 Bm·
289 957 462 1010 cardinalium
479 957 558 1009 solita
576 957 778 1022 consultatione,
796 957 900 1010 facilim
918 956 1012 1008 infirmi
1031 963 1058 1009 et
1075 973 1162 1008 rerum
1179 960 1264 1024 ignari
1286 959 1314 1009 in
1333 969 1391 1009 earn

25 1032 29 1049 ¹
135 1048 309 1114 suspicionem
331 1045 473 1109 ducem,
502 1043 597 1110 quibus
620 1049 709 1095 tamen
738 1045 952 1110 prospiciendum
976 1050 1022 1096 est
1053 1043 1139 1096 felicis
1162 1046 1226 1096 item
1248 1046 1391 1096 memoriae

26 1092 29 1153 i
132 1132 228 1184 Paulus
240 1133 290 1196 111,
309 1133 384 1183 euius
401 1130 560 1182 auctoritate
577 1145 607 1181 se
624 1129 705 1181 iultos
724 1131 836 1181 credunt
853 1131 899 1198 qni
916 1147 987 1182 nunc
1004 1131 1146 1182 instantius
1155 1129 1298 1198 postulant,
1316 1136 1391 1183 tanta

129 1220 154 1268 in
170 1219 223 1270 hoc
241 1218 354 1270 articulo
371 1218 524 1268 munritste
540 1231 696 1283 progressus
714 1221 762 1281 est,
788 1221 819 1267 ut
835 1217 992 1268 imitandum
1011 1217 1224 1269 cunctationibus
1242 1217 1390 1283 exemplum

127 1306 324 1356 necessatibus
348 1301 490 1370 reliquerit,
515 1301 621 1354 demum
642 1302 732 1354 taliter
756 1303 876 1354 exhibuit
898 1309 928 1353 nt
945 1305 996 1370 ipsi
1015 1303 1107 1355 calicis
1133 1303 1280 1356 avidissimi
1299 1303 1390 1356 condi·

19 1389 30 1449 ’·,
128 1392 212 1443 tiones
231 1394 355 1458 accipere
372 1390 514 1442 noluerint.
531 1390 643 1456 prlurnm
661 1389 708 1440 din
724 1389 888 1457 multumque
907 1391 1017 1442 carolus
1034 1391 1060 1442 V
1072 1391 1211 1454 institerat,
1230 1405 1308 1457 quem
1326 1391 1390 1442 Ger-

127 1482 194 1530 mani
212 1493 263 1546 per
279 1478 309 1528 id
325 1478 451 1543 temporis
469 1481 497 1527 et
512 1476 708 1527 venerabantur
725 1480 753 1526 et
769 1491 817 1542 pro
835 1477 949 1528 victoria
967 1481 1043 1543 parts
1059 1470 1201 1541 timebant,¹
1221 1477 1317 1528 deinde
1335 1482 1389 1528 tres

126 1568 196 1618 vires
221 1565 411 1618 celantissimos
434 1563 470 1615 ad
493 1577 552 1633 earn
571 1577 679 1614 causam
698 1561 885 1628 explorandam
903 1564 987 1625 misit,
1010 1563 1107 1616 multas
1126 1563 1290 1615 conditiones
1308 1579 1389 1631 appo·

17 1675 18 1748 p
125 1652 228 1704 nendm
246 1653 363 1715 censuit,
387 1652 466 1702 etiarn
482 1649 530 1701 nbi
548 1650 659 1700 calicem
684 1649 885 1700 concedendum
902 1648 1078 1714 indicassent,
1100 1657 1232 1717 postremo
1252 1649 1390 1701 dumtaxat

126 1739 276 1806 legatorum
296 1737 431 1790 denatum
455 1743 540 1788 ratum
559 1751 617 1787 esse
635 1735 726 1800 voluit,
745 1751 882 1802 quousque
902 1736 1042 1788 concilium
1059 1737 1242 1788 Tridentinnm
1260 1735 1293 1786 de
1312 1753 1344 1789 ea
1360 1754 1390 1789 re

125 1831 257 1880 censeret.
278 1824 350 1892 qnod
368 1825 391 1874 si
412 1824 489 1874 huius
502 1823 627 1890 temporis
646 1823 856 1874 circumstantius
874 1823 1048 1888 conseramus,
1066 1823 1131 1874 nihil
1150 1828 1190 1875 est
1208 1823 1279 1890 quod
1296 1827 1324 1876 in
1335 1842 1389 1876 me-

123 1911 219 1964 liorem
243 1926 318 1978 spem
336 1925 426 1962 eorum
444 1907 536 1961 salutis
560 1907 736 1972 adducamur3
758 1925 809 1960 nen
828 1909 897 1960 enim
915 1907 1040 1960 Germani
1063 1910 1180 1962 mitiores
1204 1910 1252 1961 sed
1274 1912 1389 1963 insolen-

121 2001 204 2051 tiores
228 1999 295 2050 ianti
313 2002 387 2062 snut,
409 1995 527 2048 nondum
544 1996 648 2062 legatus
666 1995 768 2059 misens,
791 2011 842 2046 neo
861 2009 950 2046 eorum
972 2011 1058 2048 mores
1077 1996 1226 2063 exploratos
1251 1997 1388 2064 habemns,

123 2087 149 2137 in
163 2103 199 2139 ea
216 2103 248 2138 re
265 2101 295 2137 se
314 2089 466 2136 constantes
485 2081 636 2149 ostendunt,
652 2087 684 2133 ut
700 2084 752 2134 nisi
771 2081 882 2134 calicem
901 2083 1000 2134 domini
1011 2084 1113 2147 bibant,
1133 2084 1258 2136 dominici
1272 2089 1388 2152 corporis

121 2175 268 2240 parh'cipes
280 2187 340 2224 essa
350 2171 450 2234 nolint3
468 2175 496 2222 at
508 2171 639 2222 sententia
658 2170 764 2222 concilii
782 2169 939 2222 sinendum
957 2171 1045 2222 verbis
1065 2187 1196 2237 expressa,
1213 2172 1388 2238 prudentibus

120 2263 213 2312 umen
236 2277 291 2312 non
308 2257 451 2312 admodum
475 2261 515 2310 nst
533 2256 646 2308 occulta
670 2271 773 2310 summa
789 2257 840 2308 fult
863 2263 891 2308 et
909 2260 1024 2309 caesaris
1043 2256 1185 2310 solicitudo
1209 2263 1236 2310 et
1254 2261 1311 2310 eins
1329 2275 1387 2312 ora·

121 2350 212 2398 torum
229 2347 356 2398 metantis
371 2346 487 2396 maxima
505 2359 589 2410 eaque
607 2344 731 2396 diuturna
749 2343 916 2408 consultatio,
941 2359 1070 2398 summm
1087 2346 1151 2396 item
1168 2345 1287 2412 patribus
1303 2347 1389 2398 inerat

16 2411 18 2486 l
123 2431 287 2485 desiderium
309 2447 408 2483 moram
432 2431 542 2500 gerendi
565 2429 762 2498 religiosissimo
786 2433 898 2498 principi
923 2431 955 2481 de
980 2433 1038 2498 ipsa
1056 2431 1157 2499 synodo
1180 2437 1234 2483 tarn
1251 2433 1388 2499 praeclare

122 2522 227 2572 merito.
246 2521 269 2570 si
285 2533 402 2585 unquam
418 2518 539 2585 petitioni
557 2516 726 2567 annuendum
745 2519 916 2581 censuissent,
933 2517 1020 2569 nullas
1038 2520 1150 2585 amplius
1168 2515 1289 2570 inducias
1308 2535 1388 2570 exeo·

16 2623 18 2686 ᾗ
125 2605 265 2671 ςίίοοοουῐ,
284 2619 345 2656 curn
362 2605 390 2654 in
407 2604 515 2672 reliquis
534 2604 655 2656 omnibns
674 2605 775 2655 caesari
794 2603 904 2670 obsequi
922 2605 1014 2656 sedulo
1033 2603 1193 2670 studuerint3
1221 2621 1280 2656 cum
1298 2611 1387 2656 autern

17 2693 18 2701 ’
122 2707 171 2757 pro
190 2693 295 2742 ratione
313 2691 461 2742 concedere
476 2705 532 2741 non
548 2695 664 2757 possent,
682 2705 728 2757 pro
740 2691 907 2756 imperatoria
916 2689 964 2741 Ml·
980 2697 1070 2758 aperte
1084 2691 1196 2743 inficiari
1212 2691 1384 2758 convellant,

120 2777 148 2828 id
169 2775 311 2830 consilium
328 2777 442 2827 inierunt
459 2776 533 2827 ntad
544 2791 674 2827 summum
686 2772 836 2842 pontificem
855 2778 986 2844 integrum
1003 2778 1131 2830 referrent
1142 2765 1291 2848 negocium,
1306 2785 1386 2846 atque

121 2863 160 2915 ita
177 2865 281 2915 urbane
303 2863 477 2930 modesteque
494 2868 631 2928 negarunt,
658 2877 722 2916 sane
739 2865 858 2930 persuasi
881 2863 912 2914 R
930 2863 1082 2932 pontificem
1107 2882 1162 2917 non
1180 2865 1259 2917 facile
1279 2882 1387 2917 conces·

121 2965 213 3000 surum
232 2949 303 3016 quod
320 2948 470 3000 universale
488 2947 630 3000 concilium
641 2953 702 3015 post
712 2954 814 3001 tantam
827 2948 1043 3002 deliberationem
1057 2950 1201 3002 distulerat.
1220 2965 1334 3018 aequum
1346 2959 1387 3003 est

124 3037 215 3104 igitur,
233 3037 256 3086 si
274 3035 407 3102 quidpiam
425 3031 614 3086 immutandum
626 3041 675 3100 cst,
693 3041 822 3087 maturam
837 3035 1053 3089 deliberationem
1065 3040 1238 3104 praemittere.
1251 3045 1383 3105 postremo

125 3123 268 3190 diligenter
291 3122 432 3174 observare
455 3126 559 3187 oportet
581 3135 659 3187 qnam
683 3120 755 3173 lento
779 3121 863 3190 gradu
881 3123 907 3174 S.
926 3125 1043 3191 synodus
1066 3127 1094 3176 in
1113 3141 1144 3176 eo
1163 3125 1274 3176 a1·ticnlo
1298 3125 1385 3176 diseu-

118 3209 212 3262 tiendo
235 3209 394 3275 processerit
422 3205 600 3274 qusmdinqne
623 3207 760 3260 distulerit
787 3201 855 3262 anno
881 3211 913 3261 51
938 3211 986 3262 snb
1005 3227 1122 3261 mensem
1140 3212 1284 3264 Octobrem
1303 3227 1385 3263 causa

124 3303 223 3364 coepta
240 3299 288 3359 est,
305 3295 400 3346 deinde
419 3297 453 3346 ab
470 3310 525 3346 una
542 3297 660 3348 sessione
683 3298 710 3347 in
728 3296 806 3348 aliam
824 3300 976 3349 uansmissa
997 3283 1051 3350 non
1069 3299 1154 3351 solnm
1176 3301 1225 3352 snb
1244 3299 1317 3352 Julio
1336 3300 1384 3365 111,

121 3397 216 3434 rerum
234 3383 262 3432 in
280 3381 331 3432 bae
348 3382 492 3433 aerumma
511 3384 716 3450 congregatione
728 3384 776 3435 sub
789 3383 838 3434 Pio
851 3383 896 3448 lV,
916 3399 1027 3452 cumque
1042 3387 1069 3435 in
1081 3388 1173 3451 quinta
1185 3387 1302 3437 sessione
1315 3403 1385 3439 conr-

121 3471 209 3520 mnnis
228 3468 349 3519 doctrina
365 3470 500 3538 proposita
517 3467 568 3520 hae
589 3483 670 3520 nausa
687 3469 774 3521 solnta
786 3469 928 3534 videretur,
947 3469 1034 3521 adhuc
1052 3471 1079 3521 in
1092 3473 1195 3522 sextam
1215 3471 1267 3523 dno
1280 3472 1384 3524 articuli

120 3555 278 3618 referuntur,
295 3559 326 3605 ut
343 3554 371 3605 ln
389 3561 463 3606 sexto
484 3554 591 3607 decreto
610 3553 748 3620 habentur,
765 3557 811 3607 ubi
831 3555 857 3608 S.
871 3555 987 3621 synodus
1006 3555 1103 3607 latetur
1121 3574 1149 3608 se
1168 3559 1314 3610 rationibus
1325 3575 1384 3624 per-

120 3655 236 3705 suasam,
255 3640 325 3706 quod
343 3639 435 3712 calicis
453 3655 517 3691 nsns
533 3644 583 3691 toti
602 3640 732 3692 ecclesiae
750 3657 804 3693 non
823 3643 972 3706 conveniet,
989 3642 1017 3692 id
1034 3659 1098 3694 vero
1117 3644 1320 3696 examinandum
1335 3651 1382 3695 ant

119 3725 315 3778 discufflndnm
338 3741 483 3794 superesse,
508 3741 542 3778 an
558 3729 715 3779 universalis
740 3727 783 3780 lex
801 3745 862 3779 cnm
880 3729 969 3795 aliqua
986 3731 1124 3796 provincia
1151 3731 1185 3780 sit
1202 3729 1384 3796 temperanda,

122 3819 149 3865 et
168 3815 231 3864 item
251 3814 319 3864 alius
336 3828 386 3877 an,
420 3812 443 3864 si
460 3815 579 3866 honestis
602 3819 629 3866 et
647 3815 804 3866 christianae
823 3818 927 3866 caritati
945 3817 1129 3868 consentaneis
1155 3805 1302 3869 rationibus
1321 3833 1382 3868 con-

120 3898 257 3951 cedendus
283 3900 317 3950 sit
336 3899 427 3950 calicis
452 3915 517 3951 usus
536 3901 584 3952 sub
603 3901 736 3968 aliquibus
755 3901 959 3966 conditionibus,
983 3889 1112 3968 quaenam
1130 3905 1182 3954 sint
1198 3904 1268 3954 illae.
1291 3905 1381 3970 itaque
1429 3971 1431 3974 Ι

119 3987 143 4036 si
161 3985 317 4052 grarisdma
333 3989 437 4050 patrum
455 3988 537 4037 verba
556 3987 741 4054 expendamus,
760 3986 873 4039 habetur
889 3989 941 4041 hoo
959 3989 1088 4057 integrum
1107 3992 1247 4057 negocium
1260 3989 1295 4041 ad
1308 3989 1381 4039 sm

119 4071 155 4123 D.
174 4071 206 4122 ii.
226 4070 337 4121 relatum
357 4086 422 4135 esse,
440 4077 470 4122 ut
487 4075 558 4140 prius
577 4075 740 4124 examinetur
756 4075 847 4141 ntique
865 4091 912 4142 pro
931 4077 1058 4127 materiae
1077 4077 1213 4143 dignitate.
1238 4078 1300 4127 item
1320 4093 1380 4128 con·
1434 4143 1438 4152 .

118 4155 290 4209 siderandum
308 4155 467 4208 censuerunt
483 4155 585 4225 patres,
608 4175 642 4210 an
660 4163 775 4212 rationes
799 4176 816 4213 a
832 4162 983 4228 petentibus
1001 4162 1126 4213 inductae
1150 4165 1202 4213 sint
1220 4161 1379 4216 christianae

119 4245 225 4294 caritati
237 4247 442 4297 consentaneae.
454 4247 533 4297 tertio
543 4244 576 4296 de
589 4247 753 4312 apponendis
766 4247 961 4300 conditionibus
974 4247 1181 4312 deliberandum,
1194 4248 1267 4316 qnod
1280 4251 1381 4316 absque

118 4345 215 4396 magna
234 4329 427 4380 consultatione
444 4329 500 4382 lieri
518 4333 617 4398 nequit.
648 4334 753 4384 demum
771 4333 799 4384 id
815 4335 951 4401 postulant
971 4341 1001 4386 ut
1017 4321 1133 4400 prosus
1150 4335 1276 4402 singulari
1294 4339 1380 4402 prori-

120 4414 210 4466 dentia
227 4415 292 4464 ΒΜ·
309 4417 343 4465 D.
356 4415 387 4466 ti.
406 4417 434 4467 id
452 4415 553 4468 efficiat
568 4419 640 4485 quod
660 4419 785 4486 expedire
801 4419 961 4472 indicaverit
978 4419 1119 4472 universali
1130 4422 1260 4473 ecclesiae
1273 4428 1299 4473 et
1312 4423 1381 4474 salu

118 4509 177 4552 tare
193 4503 344 4568 petentibus
362 4517 439 4553 rusum
457 4503 557 4556 caliois
577 4509 656 4572 atque
673 4507 701 4556 in
712 4507 783 4558 hunc
795 4507 902 4558 modum
915 4505 941 4558 S.
953 4513 1041 4574 patres
1053 4508 1106 4559 hoc
1118 4525 1183 4560 onus
1196 4510 1268 4576 quod
1279 4509 1381 4560 tamdiu

120 4603 211 4664 eornm
224 4589 399 4640 conscientias
410 4593 546 4655 presserat,
565 4593 593 4641 in
604 4591 635 4641 it
648 4591 798 4657 pontificem
812 4600 838 4643 et
849 4593 991 4659 prudenter
1004 4599 1030 4645 et
1041 4594 1173 4646 humiliter
1185 4597 1380 4658 transtulerunt,

118 4691 228 4741 quornm
246 4676 328 4727 rerba
347 4677 395 4726 etsi
412 4692 528 4728 summus
539 4677 657 4743 pontifex
669 4695 753 4746 usque
771 4681 806 4730 ad
819 4667 893 4746 'ipsos
912 4683 1001 4746 apices
1020 4683 1160 4734 observare
1178 4699 1231 4733 non
1248 4685 1378 4744 teneatur,

119 4763 306 4827 aequissimum
323 4767 412 4813 tamen
430 4767 470 4814 est
486 4763 540 4814 tale
559 4762 693 4814 decretum
711 4781 764 4816 non
782 4766 861 4818 facile
879 4770 1052 4833 praetermitti
1070 4768 1104 4819 ab
1123 4785 1154 4820 eo
1173 4767 1374 4834 vigilantissimo

120 4853 227 4913 pastore
244 4849 289 4914 qni
307 4851 382 4900 unta
399 4847 578 4901 sollicitudine
597 4849 737 4902 concilium
756 4851 871 4920 collegit,
894 4858 935 4905 tot
951 4855 1077 4920 impensis
1094 4855 1226 4917 sustinuit,
1245 4859 1285 4906 tot
1302 4854 1378 4906 labo·

117 4934 189 4984 ribus
212 4937 240 4984 in
264 4933 341 4986 finem
364 4949 449 5002 usqne
472 4935 602 5002 perduxit,
628 4953 659 4988 no
682 4939 848 5004 potissimum
869 4945 987 5006 tempore
1014 4957 1066 5007 qno
1089 4945 1143 4993 tam
1160 4945 1204 5010 pio
1224 4940 1378 5006 ardentique

117 5021 204 5070 animo
224 5019 332 5072 decreta
349 5023 436 5073 omnia
448 5022 613 5074 confirmarit
624 5027 731 5092 tamque
744 5025 838 5079 sedulo
857 5042 874 5078 a
894 5027 996 5078 cunctis
1015 5029 1149 5080 observari
1167 5028 1310 5096 praecepit.
1330 5028 1379 5077 erit

1122 5181 1172 5235 25*
