3460 5826
326 485 387 549 lu

427 673 555 741 Deinde
578 697 651 741 oum
674 695 778 760 nuper
798 672 903 740 adbuc
925 683 1098 740 mactatum
1120 674 1217 741 inerit
1238 674 1279 742 de
1301 673 1436 741 articulo
1457 675 1660 741 residentiae

326 779 521 866 episcopalis
542 801 648 867 neque
671 779 764 846 nobis
786 779 892 844 adbuc
915 787 1039 844 constet
1073 801 1115 843 an
1148 780 1212 844 iam
1246 777 1376 844 tandem
1409 779 1506 844 suerit
1539 777 1585 843 de
1621 797 1660 844 eo

325 891 522 948 mansuetum
533 905 644 967 necne,
661 885 916 950 existimavimus
932 905 997 948 non
1007 883 1066 950 abs
1077 906 1112 948 re
1124 883 1275 959 futurum,
1292 883 1320 946 si
1334 882 1428 948 vobis
1439 905 1552 948 rursus
1565 882 1610 947 de
1622 903 1661 948 eo

326 986 461 1052 articulo
483 997 622 1053 mentem
644 997 788 1054 nostram
810 986 1074 1074 significaremus.
1098 988 1246 1052 nimirum
1269 985 1418 1051 volumus
1440 999 1473 1052 et
1494 986 1660 1068 iubemus,

327 1091 440 1154 eiiam
464 1089 638 1178 disputatio
662 1091 702 1156 de
725 1090 780 1156 illo
804 1090 938 1156 articulo
960 1111 1094 1178 prorsus
1115 1089 1213 1156 buerit
1234 1089 1401 1175 absoluta,
1435 1098 1471 1154 ut
1493 1112 1554 1156 vos
1579 1089 1662 1154 nihil

326 1191 464 1281 amplius
485 1197 643 1260 moveatis
650 1217 659 1272 ;
682 1197 732 1260 sin
753 1195 869 1278 minus,
892 1216 1050 1260 memores
1072 1197 1215 1281 priorum
1232 1193 1455 1259 mandatorum
1471 1203 1660 1260 nostrorum

326 1297 431 1385 agatis
453 1308 486 1362 et
507 1297 678 1365 elaboretis
700 1307 736 1364 ut
758 1298 871 1365 saltem
894 1307 1053 1364 statuatur
1074 1310 1106 1363 et
1128 1297 1320 1364 decernatur
1342 1295 1659 1384 episcopos.debere

327 1400 468 1466 residere
491 1410 523 1468 et
545 1403 731 1467 sanciantur
752 1400 841 1488 leges
865 1400 981 1489 quibus
1004 1401 1045 1466 ad
1068 1401 1274 1466 residentiam
1306 1411 1472 1488 cogantur,
1507 1401 1662 1466 dissimu-

327 1503 393 1570 lata
417 1514 571 1593 quantum
594 1505 662 1571 fieri
685 1507 803 1592 poterit
824 1504 1015 1594 scrupulosa
1036 1503 1092 1569 illa
1126 1506 1314 1592 quaestione
1348 1513 1455 1568 utrum
1480 1503 1663 1571 residentis

327 1608 390 1674 ista
412 1608 454 1673 sit
476 1606 577 1673 divini
598 1607 651 1674 vel
673 1609 803 1696 positivi
832 1609 924 1692 iuris,
953 1607 1126 1676 dummodo
1156 1607 1293 1694 diligens
1325 1605 1519 1674 adhibeatur
1550 1610 1661 1674 cautio

328 1735 369 1777 ne
391 1720 509 1777 temere
532 1735 637 1800 neque
661 1714 729 1778 sine
751 1712 934 1777 iustissimis
956 1734 995 1778 ac
1017 1711 1266 1778 evidentissimis
1289 1713 1398 1777 causis
1421 1721 1535 1778 contra
1549 1711 1663 1776 buius-

328 1816 416 1884 modi
438 1815 663 1882 necessitatem
684 1815 847 1882 residendi
869 1815 1079 1901 dispensetur,
1103 1815 1191 1902 quod
1213 1814 1343 1902 quidem
1366 1817 1495 1882 omnino
1518 1838 1573 1880 res
1590 1817 1663 1902 ipsa

328 1919 491 2008 postulare
513 1918 649 2002 videtur,
673 1921 902 2006 cuiuscumque
924 1919 1054 1984 tandem
1076 1919 1153 1982 iuris
1176 1917 1350 1984 residentia
1372 1917 1427 1984 illa
1448 1917 1555 1984 fuerit.

433 2022 475 2087 Et
496 2023 649 2110 quoniam
671 2021 808 2109 praefati
829 2021 886 2086 R¹²¹
913 2021 1012 2109 legati
1034 2021 1067 2086 in
1090 2021 1205 2088 iisdem
1229 2020 1330 2088 literis
1345 2045 1411 2088 non
1426 2022 1566 2089 obscure
1584 2045 1661 2110 prae

330 2150 365 2194 se
387 2127 502 2210 ferunt,
526 2147 597 2192 sese
620 2148 717 2213 quam
739 2127 878 2211 primum
900 2125 969 2190 fieri
996 2126 1115 2212 poterit
1128 2124 1247 2190 librum
1262 2135 1407 2191 nostrum
1423 2125 1573 2212 patribus
1589 2148 1661 2213 pro·

330 2232 499 2317 posituros,
521 2251 580 2295 vos
603 2238 711 2293 autem
733 2229 796 2293 iam
819 2228 1022 2295 intellexistis
1050 2228 1138 2316 quod
1160 2249 1327 2294 versemur
1355 2228 1462 2295 adhuc
1482 2231 1515 2294 in
1539 2229 1660 2296 delibe-

330 2334 454 2399 ratione
477 2332 517 2398 de
539 2329 681 2398 articulis
703 2331 879 2416 nonnullis,
913 2341 1086 2420 postquam
1108 2331 1202 2398 nobis
1231 2356 1251 2397 a
1279 2354 1403 2398 summo
1433 2333 1590 2419 pontifice
1619 2331 1660 2398 ad

331 2436 440 2503 literas
461 2445 588 2501 nostras
610 2457 800 2523 responsum
822 2435 918 2502 fuerit
938 2435 1080 2518 allatum,
1104 2458 1122 2500 e
1144 2434 1232 2500 dicto
1248 2433 1331 2501 libro
1347 2434 1528 2501 eximendis
1551 2435 1607 2502 vel
1621 2435 1660 2500 de

327 2562 411 2606 novo
435 2537 604 2623 addendis,
634 2537 805 2625 diligenter
832 2540 893 2604 erit
921 2537 1154 2604 advertendum
1184 2547 1282 2626 atque
1312 2539 1408 2604 etiam
1439 2560 1512 2604 cum
1542 2538 1658 2604 iisdem

327 2643 393 2708 ΒΜ·
420 2641 535 2728 legatie
557 2641 613 2706 ubi
636 2663 717 2729 opus
740 2643 801 2708 erit
821 2642 993 2728 agendum,
1016 2664 1057 2708 ne
1080 2641 1201 2706 dictrun
1223 2639 1340 2706 librum
1362 2651 1560 2729 proponant,
1598 2644 1658 2730 pri·

327 2768 464 2834 usquam
486 2747 578 2811 iuxta
600 2745 720 2810 dictam
742 2743 1006 2811 deliberationem
1028 2751 1172 2811 nostram
1193 2743 1394 2812 reformetur.
1417 2754 1560 2811 ceterum
1581 2746 1657 2834 ipsis

327 2849 393 2916 ΒΝ·
421 2847 457 2914 0.
482 2847 597 2934 legatis
619 2850 840 2936 rescripsimus
863 2849 993 2914 interim
1017 2847 1175 2935 perbreve
1196 2869 1402 2936 responsum,
1429 2850 1521 2914 cuius
1548 2871 1656 2916 exem·

328 2951 418 3040 plum
439 2950 528 3016 hisee
551 2949 714 3016 adiectum
737 2960 794 3016 est.

429 3053 604 3120 Praeterea
625 3076 699 3119 cum
728 3055 866 3141 negocia
894 3053 1021 3120 uoncssii
1049 3075 1153 3140 usque
1182 3054 1264 3121 adeo
1291 3056 1356 3120 sint
1384 3053 1527 3120 difficilia
1554 3065 1590 3122 et
1610 3057 1655 3120 in·

329 3158 442 3223 tricata
475 3167 511 3222 ut
542 3157 714 3223 videantur
743 3157 783 3224 de
805 3157 891 3224 malo
913 3160 948 3222 in
969 3158 1062 3244 peius
1084 3157 1236 3245 progredi
1265 3167 1440 3246 nostroque
1467 3167 1500 3223 ct
1521 3157 1654 3225 aliorum

329 3259 575 3325 christianorum
597 3283 710 3348 regum
734 3270 766 3326 et
786 3263 978 3348 principum,
1002 3260 1141 3326 maxime
1169 3283 1247 3327 vero
1270 3262 1509 3328 cerauniorum
1531 3262 1655 3350 nepotis

328 3365 429 3430 nostri
452 3361 538 3430 Ser¹¹¹¹
558 3365 644 3450 regis
666 3363 768 3431 Cath⁶¹
788 3387 828 3430 ac
849 3365 934 3451 regis
958 3363 1050 3430 Clu-”¹
1073 3362 1194 3430 auxssio
1217 3363 1315 3430 valde
1342 3387 1424 3451 opus
1451 3363 1585 3448 habere,
1608 3386 1653 3430 cc

331 3467 481 3532 nabimur
503 3468 699 3554 persuadere
721 3466 794 3533 lll¹⁰⁰
821 3469 929 3535 comiti
952 3467 993 3534 de
1019 3467 1114 3532 Luna
1135 3477 1184 3551 ut,
1212 3491 1278 3533 non
1306 3477 1475 3555 expectato
1502 3491 1655 3556 responso

328 3572 414 3656 regis
437 3569 530 3636 (lhrl²¹
547 3570 587 3635 de
608 3570 680 3636 loco
696 3572 725 3636 ei
741 3569 953 3650 attribuendo,
976 3569 1166 3636 Tridentum
1187 3579 1314 3657 pergat,
1329 3581 1361 3636 et
1377 3570 1570 3638 confidimus
1586 3595 1652 3638 eum

330 3673 472 3740 consiliis
494 3683 527 3740 et
548 3673 717 3760 postulatis
740 3675 858 3740 nostris
881 3673 1118 3740 satisfactumm
1140 3695 1221 3738 esse.
1244 3673 1319 3740 ideo
1343 3673 1437 3742 vobis
1459 3678 1546 3740 omni
1561 3697 1652 3764 opera

331 3787 363 3844 et
385 3799 462 3842 cura
484 3777 573 3864 apud
594 3777 775 3863 praefatum
798 3778 879 3842 Rllum
905 3775 943 3844 C.
965 3773 1197 3862 Letharingiae
1219 3777 1435 3842 annitendum
1445 3788 1478 3844 et
1492 3779 1650 3846 elaboran·
1718 3781 1719 3812 l

332 3879 408 3946 dum
431 3882 499 3962 erit,
522 3889 558 3946 ut
580 3883 666 3947 omni
688 3904 779 3946 mora
806 3882 986 3968 postposita
1013 3890 1209 3968 quaerantur
1237 3889 1269 3946 et
1294 3881 1502 3948 inveniantur
1527 3885 1601 3949 viae
1625 3891 1652 3945 et

330 3984 470 4050 rationes
498 3984 677 4049 secundum
704 4005 786 4072 quas
815 3994 959 4050 oratores
989 3985 1157 4071 utriusque
1190 3985 1277 4070 regis
1308 3983 1349 4050 de
1376 3984 1449 4050 loco
1477 3987 1563 4052 inter
1590 4005 1651 4051 sese

331 4097 477 4154 amanter
499 4096 531 4152 et
552 4085 752 4152 familiariter
772 4089 954 4174 transigant
976 4097 1075 4174 atque
1097 4087 1304 4171 concordent,
1333 4109 1375 4153 ne
1396 4097 1533 4175 propter
1554 4088 1650 4155 huius·

333 4189 458 4256 semodi
479 4189 660 4256 mundanas
694 4193 929 4256 controversias
959 4212 998 4256 ea
1028 4212 1113 4277 quae
1141 4192 1303 4276 pertinent
1332 4191 1374 4256 ad
1404 4192 1650 4259 constituendam

332 4293 495 4381 publicam
517 4296 614 4360 totius
638 4293 879 4360 christianitatis
915 4293 1051 4360 salutern
1074 4293 1169 4359 etad
1191 4294 1435 4381 propagandam
1457 4295 1595 4380 gloriam
1613 4293 1650 4357 di·

332 4398 399 4462 vini
421 4398 569 4479 nominis,
590 4407 827 4485 postponantur
851 4419 909 4463 seu
930 4397 1146 4484 negligantur.
1177 4397 1331 4484 quicquid
1359 4420 1437 4466 vero
1466 4401 1501 4464 in
1524 4399 1586 4465 hoc
1604 4419 1648 4462 ne

333 4501 427 4584 goeio
449 4499 665 4587 profeceritis,
690 4501 723 4566 id
746 4503 866 4568 maiore
890 4525 954 4588 qua
976 4502 1123 4588 poteritis
1146 4500 1310 4566 celeritate
1338 4501 1380 4566 ad
1401 4523 1461 4566 nos
1484 4499 1648 4588 perscriba-
1718 4535 1719 4544 ι

333 4605 383 4687 tis,
408 4624 472 4689 quo
493 4605 612 4668 rectius
635 4602 826 4690 faciliusque
848 4603 969 4669 dietum
991 4602 1027 4669 O.
1052 4603 1092 4670 de
1113 4602 1210 4668 Luna
1231 4613 1266 4668 ut
1293 4613 1479 4692 susceptum
1507 4607 1571 4670 iter
1589 4623 1648 4692 pru·

334 4713 487 4791 sequatur
508 4703 660 4772 inducere
683 4728 847 4793 queamus,
870 4707 946 4794 quia
966 4705 1124 4773 nollemus
1147 4708 1253 4794 ipsum
1274 4706 1380 4772 isthuc
1401 4707 1583 4792 mandere,
1604 4728 1646 4772 au·

333 4818 463 4896 tequam
487 4809 564 4874 uerti
587 4807 709 4897 aliquid
730 4807 770 4874 de
793 4807 865 4876 loeo
887 4807 934 4874 illi
956 4808 1160 4877 attribuendo
1182 4811 1438 4896 cognoverimus,
1461 4821 1498 4878 ut
1512 4813 1647 4878 veniente

334 4914 405 5000 ipsc
428 4909 534 4977 istbuo
555 4933 620 4978 non
643 4912 804 4980 timendae
827 4915 891 4979 sint
912 4915 1003 4980 rixae
1026 4915 1166 5000 iurgium
1188 4923 1222 4979 ct
1248 4936 1343 4980 omne
1370 4937 1473 5001 genus
1496 4912 1645 4981 scandalo

335 5037 407 5082 rum
430 5036 514 5103 quae
535 5026 668 5106 propter
690 5017 946 5085 conboversiam
965 5015 1029 5086 loci
1051 5015 1132 5084 alias
1155 5019 1231 5083 oriri
1251 5027 1392 5104 possent
