3512 5838
401 709 453 762 bne
470 716 611 778 supersunt
626 711 736 764 invadat
753 717 832 778 atque
844 713 973 776 absumat,
991 725 1070 780 qun
1086 718 1202 781 utreqaa
1219 728 1252 766 ae
1268 714 1399 780 principer
1411 712 1548 764 ohnst'ani
1560 728 1648 764 omnes

400 813 462 849 suaa
480 801 656 866 cogitetiones
674 805 701 850 et
719 805 830 850 conatus
847 799 992 851 adhibeant
1008 801 1036 850 in
1054 815 1095 864 eo,
1118 807 1148 852 ut
1165 801 1312 854 habeantur
1333 805 1453 867 pastores
1477 799 1651 850 ecclesiastici

399 885 472 936 vitae
489 901 640 952 morumque
657 885 797 938 hornuto
814 887 966 953 integritate
983 901 1017 938 ac
1034 889 1224 940 ametimeniae
1245 887 1355 954 pen'nde
1377 901 1411 938 ao
1428 887 1568 939 doctrinae
1584 886 1651 950 puri·

400 974 455 1022 tate
471 973 576 1038 probati
595 977 623 1024 et
639 971 807 1036 ucellsntes,
825 985 859 1024 ac
877 973 1003 1040 deinceps
1020 973 1134 1040 populna
1157 988 1261 1042 quoque
1283 979 1314 1026 nt
1334 973 1430 1026 iisdem
1449 977 1544 1039 pareat
1565 985 1650 1037 neque

399 1072 429 1108 se
445 1071 515 1108 nunc
533 1058 593 1123 hoe,
610 1073 681 1110 nnuc
698 1059 752 1110 ulio
771 1058 909 1112 docminae
925 1065 1006 1112 vnto
1025 1061 1220 1128 circumagitari
1238 1061 1314 1124 duat
1332 1059 1452 1112 manices
1468 1074 1502 1110 ac
1519 1059 1590 1108 serio
1609 1071 1650 1108 eo-

397 1143 528 1195 bibeatnr.
545 1159 607 1196 nam
623 1147 671 1196 via
687 1145 858 1196 conciliorum
875 1157 944 1212 quae
961 1147 1077 1212 antiquis
1099 1146 1214 1198 saeculis
1236 1145 1271 1198 ad
1295 1144 1462 1212 mrpandaa
1483 1144 1608 1196 haereses
1625 1151 1650 1192 et

399 1231 607 1282 conservandam
625 1245 715 1282 veram
732 1231 887 1298 religionem
912 1231 993 1283 valde
1009 1232 1212 1284 accommodata
1229 1232 1290 1296 luit,
1317 1231 1369 1284 boc
1395 1231 1501 1298 quidem
1525 1235 1649 1296 ternpore,

396 1321 487 1367 noetm
505 1317 617 1380 iudicio,
643 1333 736 1384 parum
754 1317 884 1384 prodent,
909 1319 960 1368 nisi
981 1317 1022 1368 illi
1040 1319 1086 1384 qni
1103 1317 1202 1370 medem
1225 1317 1344 1370 conciliis
1361 1323 1415 1368 tam
1432 1333 1557 1384 praeesse
1575 1329 1650 1382 qnam

396 1403 524 1454 iuteresse
541 1404 648 1467 debent,
680 1405 714 1456 ad
731 1405 932 1456 sanctimoniam
952 1409 1072 1455 veterum
1088 1411 1255 1456 revertamur
1280 1419 1314 1456 uc
1339 1407 1367 1456 in
1385 1404 1432 1456 tali
1449 1405 1564 1470 negocio
1582 1401 1650 1468 qnod

396 1489 478 1540 solius
496 1489 539 1540 dei
557 1495 597 1540 eat
615 1505 718 1541 omnem
735 1492 866 1556 privatum
884 1489 1008 1540 mentun
1025 1489 1167 1556 deponant.
1186 1492 1283 1544 etenim
1299 1497 1363 1542 tunc
1374 1490 1481 1542 demum
1493 1489 1647 1556 sperandum

396 1581 438 1626 est
455 1575 533 1626 deum
550 1575 659 1642 placare
675 1591 761 1642 poree,
778 1581 809 1627 ut
824 1575 951 1642 populum
968 1591 1044 1628 mm
1061 1591 1095 1628 aa
1112 1575 1153 1629 hir
1170 1577 1247 1630 malis
1264 1576 1372 1630 tandem
1389 1577 1549 1643 eripiat...

869 2115 1054 2204 OCXCI.

599 2333 671 2410 Uis
699 2331 1014 2414 Oonciioratoren
1042 2357 1089 2412 ao
1118 2337 1192 2411 den
1221 2335 1373 2427 liticen

742 2507 872 2574 Trient,
892 2511 908 2560 2
926 2509 1113 2562 November
1133 2509 1223 2560 156³.

607 2685 785 2743 Concihoteu.
810 2687 958 2762 oeperunt,
979 2689 1010 2744 ia
1031 2694 1124 2760 torpe:
1146 2690 1185 2744 11
1209 2688 1369 2744 November.

427 2881 490 2946 Per
511 2881 633 2970 aliquot
655 2893 740 2948 retro
763 2884 983 2952 hebdomadas
1005 2887 1039 2950 in
1060 2907 1208 2971 magnam
1229 2905 1320 2971 spem
1342 2884 1441 2954 erecti
1466 2881 1636 2964 fueramus,

326 2983 454 3049 forent
476 2995 549 3050 ante
571 2985 656 3050 diem
678 2985 719 3050 D.
744 2985 875 3052 Martini
897 2987 998 3054 sessio
1019 2987 1199 3054 haberetur.
1232 2987 1290 3052 sed
1310 2986 1345 3051 id
1365 2986 1434 3051 lieri
1455 3007 1522 3051 non
1543 2987 1644 3073 potnit

325 3095 392 3152 tum
415 3087 495 3152 alias
518 3087 559 3154 ob
583 3113 706 3174 causas,
744 3099 810 3156 tum
840 3090 928 3180 quod
956 3089 998 3156 D.
1028 3089 1164 3178 Hispani
1193 3091 1227 3155 in
1242 3089 1290 3154 VI
1313 3098 1344 3154 ot
1364 3087 1453 3152 XXI
1475 3089 1641 3175 capitibus,

326 3213 413 3256 nurse
434 3201 541 3257 autem
563 3193 596 3258 in
618 3193 649 3259 V
670 3204 702 3260 et
726 3195 793 3260 XX
816 3199 902 3274 (nam
916 3218 1015 3262 unum
1038 3193 1126 3284 quod
1146 3203 1259 3282 quarto
1280 3191 1352 3258 loco
1373 3193 1512 3279 positum
1544 3193 1647 3256 luerat

327 3293 367 3359 de
395 3294 640 3380 praedicationis
670 3296 860 3386 episcopalis
889 3321 1021 3364 munere
1049 3306 1098 3364 est
1124 3296 1286 3364 sublatum
1312 3296 1412 3362 veluti
1441 3293 1642 3382 superfluum,

324 3420 396 3462 cum
429 3399 493 3462 iam
526 3408 620 3464 antee
650 3409 795 3488 tompore
823 3400 916 3466 Pauli
937 3401 988 3466 Ill
1010 3403 1152 3468 sessione
1186 3413 1299 3486 quarta
1331 3398 1406 3464 huie
1438 3400 1485 3464 rei
1515 3397 1643 3464 abunde

323 3499 365 3565 sit
385 3501 578 3586 provisum),
601 3503 634 3566 in
657 3503 773 3590 quibus
795 3505 835 3570 de
856 3503 1068 3591 cepimlorum
1091 3503 1293 3590 exemptione
1315 3510 1347 3568 et
1369 3503 1471 3588 prime
1493 3502 1644 3566 instantia

321 3603 435 3690 egitur,
458 3625 593 3687 magnes
616 3603 820 3672 difficultates
841 3606 972 3672 faciunt.
995 3629 1035 3672 ac
1050 3606 1196 3694 quamvis
1217 3607 1252 3669 in
1266 3603 1298 3670 V
1313 3605 1417 3691 capite
1439 3604 1642 3690 acquiescere

320 3703 508 3784 videantur,
544 3708 577 3772 in
610 3707 678 3774 XX
706 3719 814 3775 tamen
846 3709 944 3775 miras
977 3709 1139 3796 tragedias
1171 3717 1309 3774 movent.
1347 3706 1460 3773 volunt
1492 3709 1576 3773 enim
1609 3719 1644 3774 ut

320 3810 442 3896 primae
471 3810 642 3876 instantiae
674 3813 720 3878 ita
750 3813 792 3877 ab
815 3812 984 3879 ordinariis
1014 3811 1230 3889 revideantur,
1258 3820 1295 3876 ut
1328 3833 1469 3876 summus
1500 3811 1643 3898 pontifex

320 3933 379 3998 per
410 3913 574 3998 proprium
601 3917 793 4000 rescriptum
821 3937 1000 4003 manusque
1027 3937 1105 3982 suae
1139 3913 1406 4000 subscriptionem
1427 3913 1470 3979 ad
1492 3916 1643 4001 cognitio·

319 4035 392 4080 nem
424 4037 514 4080 suam
545 4016 704 4082 interdum
737 4040 876 4084 avocare
909 4040 972 4083 non
995 4020 1112 4104 possit,
1145 4016 1180 4081 id
1208 4017 1294 4104 quod
1322 4017 1364 4080 D.
1391 4015 1482 4082 Italis
1511 4027 1544 4084 et
1569 4017 1641 4081 aliis

319 4115 480 4205 plerisque
501 4117 597 4185 valde
619 4118 795 4186 absurdum
818 4119 960 4204 videtur,
983 4131 1019 4185 ut
1041 4121 1219 4187 ordinarius
1241 4121 1383 4184 omnium
1405 4120 1639 4186 ordinariorum

319 4243 382 4284 non
416 4231 527 4308 posset
554 4219 696 4309 aliquam
734 4247 865 4291 causam
897 4248 957 4312 per
989 4225 1179 4312 rescriptum
1208 4245 1306 4287 manu
1333 4245 1392 4286 sua
1425 4222 1640 4310 subscriptum

318 4345 465 4390 evocem
501 4329 672 4394 metuimus
701 4331 796 4394 etiam
823 4351 865 4394 ne
892 4327 948 4392 illa
976 4325 1076 4394 verba
1101 4325 1354 4414 proponentibus
1383 4323 1498 4411 legatis
1529 4327 1641 4390 sessio-

318 4448 390 4492 nem
414 4430 442 4492 si
462 4452 527 4496 non
554 4430 746 4519 impediant,
783 4442 817 4496 at
844 4441 931 4498 certe
957 4429 1158 4520 perturbent,
1195 4453 1271 4496 nam
1296 4431 1339 4494 D.
1369 4450 1477 4496 comes
1504 4452 1525 4494 a
1550 4427 1643 4493 Luna
1753 4445 1754 4490 i

317 4551 381 4596 non
414 4542 507 4618 putat
539 4533 738 4600 satisfactum
771 4534 981 4601 declarationi
1008 4557 1119 4601 eornm
1153 4534 1326 4600 verborum
1361 4554 1400 4600 eo
1435 4532 1527 4598 brevi
1557 4531 1642 4620 quod

317 4633 383 4700 8²⁸·
404 4635 445 4699 D.
467 4637 506 4702 N.
527 4659 631 4726 nuper
652 4639 716 4704 hnc
736 4641 928 4722 transmisit,
952 4640 1044 4705 cuins
1066 4638 1251 4725 exemplum
1281 4636 1332 4702 bl²¹
1365 4635 1402 4700 V.
1424 4635 1458 4702 S.
1480 4638 1641 4700 mittimus.

317 4739 389 4805 aliis
417 4751 523 4808 autem
557 4743 623 4811 iere
657 4741 803 4810 omnibus
838 4742 1023 4810 satisfacere
1055 4742 1192 4808 videtur.
1225 4763 1285 4807 nos
1320 4761 1449 4829 quoque
1483 4739 1640 4805 credimus

317 4844 378 4908 hac
413 4844 630 4914 declaratione
663 4849 807 4914 adhibita
839 4848 960 4913 nullum
995 4847 1227 4935 praeiudicium
1261 4845 1403 4912 libertati
1432 4841 1559 4911 concilii
1589 4839 1642 4906 ille

314 4948 415 5013 verba
437 4970 580 5036 uuquam
602 4950 728 5018 adferre
751 4975 855 5038 posse.
878 4975 1028 5018 veremur
1050 4963 1157 5018 autem
1180 4950 1387 5016 vehementer
1408 4971 1450 5014 ne
1478 4948 1567 5014 hisce
1590 4967 1639 5011 oc

315 5052 496 5120 ustionibus
518 5053 570 5120 vel
593 5055 626 5118 in
649 5055 776 5141 longius
797 5055 930 5142 aliquod
957 5066 1083 5142 tempus
1114 5055 1286 5122 concilium
1307 5058 1414 5142 ipsum
1441 5054 1513 5120 sine
1535 5051 1640 5116 fructu
