3450 5820
1369 502 1432 568 ll?

85 705 162 750 cere
185 683 283 752 nobis
306 683 459 752 dilecbrm
480 683 642 754 Joannem
655 687 867 754 Franciscum
882 691 1071 777 episcopum
1088 687 1336 757 Comendonum
1352 705 1435 756 nun-

83 788 261 854 cieverunt
282 787 323 856 de
345 797 431 854 statu
453 788 590 873 concilii,
614 798 692 855 tunc
713 793 868 878 temporis
891 802 1022 879 propter
1043 795 1091 858 rei
1106 792 1364 878 magnitudinem
1385 794 1432 858 ni·

81 887 128 952 hil
153 892 240 954 certi
263 899 404 958 ιιιιιιοιθ
418 894 645 979 potuissemus,
668 916 728 960 nos
743 917 933 982 responsum
954 894 1036 961 illud
1047 895 1263 962 differendum
1286 896 1429 981 duxisse,

82 991 197 1060 donee
213 995 364 1062 universo
378 996 517 1082 negocio
532 1005 648 1063 exacte
662 995 808 1064 discusso
820 996 996 1085 habitaque
1011 997 1184 1064 sufficienti
1199 997 1434 1066 deliberatione

81 1097 198 1179 ipsum
231 1099 419 1184 episcopum
453 1097 836 1184 Quinquecoclesiensem
858 1121 897 1166 eo
919 1101 1164 1168 remitteremus.
1193 1102 1303 1188 itaque
1337 1101 1431 1170 abso-

79 1195 153 1264 luta
177 1223 267 1266 nuno
290 1222 331 1266 ea
353 1201 394 1266 de
417 1223 483 1288 qua
505 1199 647 1266 diximus
670 1201 918 1286 consultatione,
950 1226 1009 1270 nos
1038 1201 1128 1270 uliud
1156 1203 1264 1270 faeere
1287 1228 1353 1270 non
1375 1228 1431 1292 po·

78 1303 189 1368 tuisse
212 1304 291 1390 quin
313 1303 355 1368 ad
377 1302 455 1370 S*mun
476 1303 519 1370 D.
541 1304 582 1369 N.
609 1304 652 1370 de
679 1313 747 1371 toto
778 1303 833 1371 illo
861 1307 997 1392 negocio
1026 1305 1137 1372 literas
1159 1303 1376 1374 scriberemus
1399 1319 1432 1374 et

79 1403 149 1469 8²³³
176 1407 249 1472 eius
271 1405 359 1472 filiali
382 1405 489 1472 studio
512 1429 712 1493 rogaremus,
735 1417 772 1474 ut
793 1408 1095 1475 inconvenientibus
1117 1410 1186 1474 istis
1210 1432 1295 1496 quae
1317 1409 1429 1476 viden·

77 1517 132 1570 tur
156 1508 328 1574 imminere
350 1509 384 1572 in
406 1517 551 1596 tempore
572 1508 722 1595 dignetur
743 1532 922 1595 occurrere,
946 1521 979 1576 et
1001 1533 1087 1598 quae
1109 1509 1159 1578 sc.
1181 1510 1215 1578 S.
1239 1521 1288 1579 est
1310 1515 1430 1578 eximia

78 1610 193 1694 pietas
216 1620 251 1676 et
272 1610 444 1698 prudentia
466 1633 593 1678 omnem
616 1633 748 1699 operam
771 1612 858 1691 dare,
880 1621 917 1679 ιιι
937 1613 1035 1680 rebus
1058 1613 1187 1680 concilii
1215 1614 1249 1678 in
1277 1614 1427 1682 ordinem

79 1711 232 1780 redactis
254 1715 416 1800 possimus
438 1713 568 1780 taudem
591 1723 736 1801 optatum
752 1725 785 1781 et
806 1714 934 1780 felicem
955 1717 1024 1781 eius
1046 1715 1144 1782 finem
1156 1718 1314 1802 attingere
1351 1740 1428 1806 qua·

84 1839 163 1880 rum
189 1815 321 1903 quidem
350 1815 513 1882 literarum
541 1826 724 1884 nostrarum
755 1817 942 1905 exemplum
970 1817 1166 1884 voluerimus
1195 1820 1326 1885 omnino
1356 1843 1430 1886 eum

77 1917 165 1982 ΡΜ
190 1941 303 1985 eorum
323 1917 391 1984 R¹²²²⁸
413 1921 662 2002 communicare,
685 1928 721 1986 ut
742 1919 801 1986 ΡΨ
824 1941 934 1987 eorum
955 1921 1028 1986 ΒΜ·
1049 1918 1231 2006 intelligant
1246 1943 1311 2008 qua
1327 1923 1428 2008 potis-

78 2021 205 2086 simum
227 2023 352 2088 ratione
374 2021 424 2086 his
447 2021 545 2088 rebus
567 2023 689 2108 optime
713 2021 895 2089 consultum
923 2024 962 2088 iri
985 2045 1184 2107 censeamus,
1207 2023 1346 2111 ideoque
1369 2047 1430 2091 noe

78 2145 98 2187 a
122 2123 210 2188 lm·
233 2147 343 2190 eorum
364 2125 431 2190 ΒΝ·
452 2126 609 2192 maiorem
631 2125 665 2192 in
686 2126 818 2193 modum
834 2127 936 2192 amice
951 2135 1072 2212 petere,
1095 2134 1211 2191 utnon
1224 2127 1321 2194 modo
1339 2127 1428 2214 apud

79 2225 163 2291 ΞΜ
186 2227 230 2290 D.
253 2227 293 2292 N.
316 2229 438 2294 instare
460 2237 492 2294 et
513 2227 662 2294 laborare
683 2229 785 2294 velint
807 2238 842 2295 ut
863 2238 995 2294 nostrae
1018 2231 1164 2294 sincerae
1185 2227 1294 2294 filialis
1325 2239 1423 2316 atque

79 2353 124 2394 ex
160 2331 285 2416 optimo
313 2329 384 2394 zelo
406 2331 573 2416 profectae
602 2332 822 2419 requisitionis
853 2341 887 2397 et
912 2331 1140 2397 admonitionis
1171 2328 1314 2416 benigna
1343 2334 1425 2398 ratio

78 2432 258 2516 habeatur,
281 2433 339 2499 sed
360 2443 397 2498 ut
417 2433 481 2520 ipsi
503 2455 632 2524 quoque
653 2434 709 2500 R¹¹¹¹
732 2435 830 2520 legati
853 2436 908 2522 qui
930 2445 1118 2522 praesentes
1132 2436 1358 2500 necessitatem
1380 2436 1426 2499 in·

79 2544 221 2602 tuentur
242 2559 284 2602 ac
304 2535 402 2602 rebus
425 2537 561 2622 agendis
589 2536 709 2604 adsum
737 2549 771 2603 et
797 2548 952 2624 praesunt
980 2537 1142 2625 facileque
1170 2538 1332 2603 coniicere
1353 2557 1428 2622 pos-

81 2648 164 2704 sunt
186 2661 340 2726 quorsum
361 2639 494 2705 tandem
514 2661 567 2706 res
585 2662 724 2706 evasura
738 2641 789 2724 sit,
812 2642 876 2706 nisi
891 2641 1083 2727 tempestive
1097 2640 1327 2727 prospiciatur,
1351 2662 1428 2706 eon-

80 2743 168 2806 siliis
191 2752 226 2808 et
245 2743 374 2808 monitis
396 2745 515 2808 uostris
538 2744 745 2830 acquiescere
767 2743 809 2808 ad
832 2765 936 2831 esque
965 2744 1110 2808 actiones
1132 2764 1210 2808 suas
1233 2763 1427 2828 componere

79 2846 198 2911 velint.
220 2846 255 2910 in
276 2867 314 2911 eo
336 2866 414 2912 sane
428 2846 486 2912 P‘⁸'
512 2845 639 2912 illorum
661 2847 733 2911 ΕΝ
743 2845 887 2912 facturas
909 2867 981 2910 asse
1002 2867 1071 2910 rem
1094 2867 1154 2908 sua
1175 2845 1295 2929 pietate
1318 2866 1358 2908 ac
1374 2841 1425 2908 8²²¹

81 2947 125 3014 D.
151 2949 194 3013 N.
217 2957 249 3012 at
271 2947 304 3012 S.
334 2947 420 3014 sedis
442 2948 640 3033 apostolicae
661 2948 872 3036 amplitudine
894 2947 1126 3034 dignissimam,
1150 2945 1251 3033 lapsis
1273 2967 1352 3011 vero
1375 2967 1425 3011 ee·

82 3050 209 3118 elesiae
230 3049 333 3140 rebus
351 3050 558 3116 vehementer
580 3051 690 3116 utilem
714 3062 747 3118 et
769 3051 943 3117 salutarem
972 3072 1012 3116 ao
1038 3048 1133 3115 nobis
1156 3048 1287 3114 demum
1312 3047 1426 3132 gratis·

82 3155 214 3236 simam,
238 3175 336 3240 quam
358 3161 394 3218 ut
414 3152 494 3216 ΡΜ
517 3173 628 3220 corum
649 3153 715 3219 1³²¹·
743 3155 861 3220 mutuis
888 3151 1137 3219 benevolentiae
1166 3151 1283 3217 officiis
1310 3171 1425 3237 repen-

82 3256 203 3322 damus
226 3278 357 3342 quoquo
382 3254 453 3320 loeo
483 3265 515 3323 et
546 3265 691 3342 temporo
718 3255 888 3341 diligenter
916 3256 1056 3321 curaturi
1090 3258 1205 3336 simus,
1235 3275 1301 3318 non
1323 3251 1426 3318 ambi·

80 3369 200 3446 gentes
223 3360 281 3424 pa.
304 3381 415 3426 eorum
436 3359 509 3424 ΒΜ
524 3359 645 3426 laboris
668 3366 701 3424 et
722 3379 842 3445 operae
865 3379 943 3423 suae
966 3356 1147 3442 praemium
1165 3363 1317 3422 aeternae
1340 3353 1424 3421 salu·

80 3465 125 3530 tis
150 3485 172 3527 a
195 3441 256 3528 deo
279 3461 319 3528 Ο.
343 3462 387 3528 Μ.
410 3471 639 3547 reportaturus.

188 3564 319 3634 Deinde
341 3587 416 3631 eum
437 3563 508 3651 ipse
531 3565 704 3650 episcopus
727 3561 1084 3650 Quinqueecclesiensis
1115 3561 1197 3627 sciat
1224 3569 1257 3626 et
1285 3559 1424 3626 fideliter

81 3669 257 3751 monuerit,
285 3670 398 3754 quanti
429 3668 549 3734 referat
577 3665 673 3732 isthic
699 3668 733 3730 in
763 3664 901 3732 concilio
928 3673 1133 3752 praesentem
1161 3686 1234 3730 esse
1262 3671 1423 3729 oratorem

82 3771 174 3840 Seru
194 3773 283 3856 regis
305 3771 537 3857 Hispaniarum
558 3769 686 3855 nepotis
707 3769 809 3834 nostri
833 3768 998 3850 carissimi,
1022 3765 1153 3834 debebit
1174 3789 1240 3832 una
1264 3787 1340 3831 oum
1356 3767 1422 3830 suis

85 3874 225 3960 collegis
246 3872 335 3959 apud
357 3872 460 3939 dictos
474 3871 547 3938 1³⁰⁰·
569 3871 694 3957 legatos
710 3869 884 3958 diligenter
898 3891 1003 3956 agere,
1025 3879 1063 3936 ut
1078 3869 1119 3935 de
1135 3868 1247 3935 ordine
1262 3866 1422 3934 servando

81 3965 169 4043 inter
190 3976 360 4062 utriusque
382 3974 469 4061 regis
491 3983 635 4040 oratores
657 3974 761 4059 primo
784 3995 913 4060 quoque
940 3983 1086 4059 tempore
1115 3971 1226 4058 aliqua
1253 3972 1335 4036 ratio
1356 3992 1420 4036 nue-

81 4081 139 4146 dia
161 4099 246 4166 quae
266 4079 396 4164 utrique
417 4077 503 4164 parti
525 4077 702 4144 satisfaciat
724 4074 917 4159 inveniatur,
939 4097 981 4140 ne
1002 4075 1111 4140 comiti
1135 4074 1176 4140 de
1189 4074 1286 4139 Luna
1301 4071 1421 4138 diutius

82 4181 137 4249 hic
160 4179 361 4246 haerendum
383 4180 434 4246 sit.

188 4281 361 4348 Praeterea
382 4281 498 4348 iisdem
521 4280 703 4347 oratoribus
726 4289 758 4347 et
773 4281 1003 4348 commissoriis
1017 4280 1135 4346 nostris
1149 4279 1310 4344 maximae
1323 4301 1420 4345 curae

83 4409 156 4454 esse
178 4384 320 4462 debebit,
343 4394 379 4450 ut
401 4383 607 4450 odiosissime
627 4382 684 4449 illa
706 4385 853 4472 quaestio
876 4382 918 4450 de
932 4383 1156 4468 superioritate
1171 4381 1299 4448 concilii
1322 4402 1420 4468 supra

82 4511 203 4576 papam
224 4485 279 4554 rel
300 4509 405 4574 papae
428 4508 527 4574 supra
550 4486 722 4553 concilium
744 4487 891 4569 evitetur,
915 4495 1013 4572 prout
1034 4487 1068 4549 in
1090 4483 1322 4551 deliberatione
1344 4484 1418 4549 arti-

83 4591 231 4658 culorum
252 4589 349 4656 latius
372 4591 564 4656 continetur.

186 4691 282 4759 Ultra
308 4691 391 4758 baec
418 4692 572 4758 iussimus
604 4692 668 4778 ipsi
701 4691 855 4777 episcopo
889 4689 1230 4778 Quinqueeoolesiensi
1263 4687 1418 4754 exhibere

82 4793 271 4882 exemplum
292 4796 403 4880 scripti
425 4793 513 4882 quod
534 4793 629 4860 nobis
653 4792 796 4860 oblatum
818 4794 880 4860 luit
902 4815 922 4857 a
943 4795 1061 4859 nuncio
1085 4789 1263 4879 apostolico
1286 4792 1319 4856 in
1342 4790 1418 4857 aula

81 4909 196 4965 nostra
228 4897 390 4964 residente
418 4896 473 4962 3⁴⁰
494 4896 614 4964 devoto
646 4897 770 4964 sineere
805 4897 899 4963 nobis
926 4896 1044 4963 dilecto
1072 4892 1232 4961 Zacharia
1264 4894 1417 4980 episeopo

80 5001 256 5078 Pharsuss,
279 5023 343 5091 quo
365 5009 459 5087 rogat
480 4999 610 5067 nomine
632 5001 750 5066 summi
771 5000 931 5088 pontificis
952 5009 989 5065 ut
1011 4998 1094 5064 datis
1113 4996 1276 5064 mandatis
1309 5015 1350 5062 ea
1375 4994 1417 5061 do
