3498 5830
686 807 793 894 LIII.

391 1027 586 1124 Prospero
615 1025 755 1103 d’Arco
782 1049 829 1101 sn
858 1028 931 1102 den
962 1026 1114 1122 Kaisar3

511 1181 606 1244 Rom,
623 1182 663 1232 24
681 1179 877 1246 September
897 1183 986 1234 1oo0.

413 1361 549 1418 Roosaoo.
575 1359 719 1434 OripioaI;
740 1361 771 1416 io
793 1367 882 1434 tereos
905 1363 946 1416 18
964 1360 1084 1418 October.

180 1514 348 1610 Hesterna
360 1541 413 1608 die
425 1565 535 1608 omnes
548 1551 691 1608 oratores
708 1543 828 1629 (preter
840 1541 986 1629 Gallum)
1004 1543 1097 1612 adse
1113 1567 1257 1610 summus
1268 1545 1415 1632 pontifex

82 1653 170 1714 iussit
182 1649 346 1730 accersirI,
371 1668 509 1733 cumque
532 1644 576 1709 ad
599 1667 671 1710 eum
694 1655 826 1710 ventum
849 1645 971 1730 fuisset,
983 1649 1138 1734 exposuit
1160 1646 1202 1713 ad
1225 1647 1291 1712 8¹⁰³
1316 1646 1349 1713 S.
1363 1647 1413 1712 lit-

83 1767 162 1818 teras
193 1775 214 1816 a
238 1747 507 1817 reverendissimo
534 1747 686 1813 Turnone
715 1747 814 1813 firissc
841 1750 1049 1814 transmissas
1076 1772 1118 1814 ex
1144 1747 1261 1834 Gallia,
1296 1749 1413 1838 quibus

83 1853 325 1942 significabatur
347 1849 486 1917 eundern
509 1851 542 1915 in
564 1852 678 1916 itinere
702 1852 883 1917 constitisse
906 1875 967 1918 nec
989 1851 1075 1917 ultra
1096 1874 1333 1940 processurum,
1352 1853 1414 1918 nisi

80 1960 172 2025 novis
193 1957 341 2044 acceptis
364 1977 384 2019 a
407 1952 439 2021 S.
463 1951 508 2019 8²⁴
530 1953 702 2039 mandatis,
725 1964 831 2020 ratum
855 1977 889 2020 se
911 1955 1011 2022 nichil
1032 1955 1253 2043 profecturum
1276 1954 1317 2020 ob
1342 1978 1413 2021 eam

83 2083 212 2126 causam
235 2069 369 2147 propter
391 2081 490 2146 quam
513 2059 574 2124 iter
595 2068 800 2146 susceperat,
832 2080 916 2145 quae
945 2057 1035 2124 nulla
1063 2058 1169 2124 fuerat
1199 2057 1263 2123 elia
1289 2069 1414 2147 preter-

83 2187 177 2251 quam
199 2173 237 2227 ut
260 2185 281 2228 a
303 2157 439 2226 concilio
461 2157 616 2225 nationali
638 2182 749 2248 regem
773 2159 956 2244 diverteret,
980 2184 1054 2227 cum
1072 2159 1119 2224 illi
1134 2162 1198 2225 iam
1214 2171 1414 2249 compertum

83 2268 177 2350 foret,
212 2263 514 2331 christianissimum
546 2286 657 2351 regem
685 2285 743 2328 seu
772 2265 841 2328 eius
872 2263 1040 2332 consilium
1069 2262 1111 2329 ad
1140 2264 1227 2330 diem
1255 2265 1414 2331 decimam

83 2371 217 2434 ianuarii
241 2365 414 2434 concilium
433 2353 533 2431 fuisse
548 2365 728 2454 pollicitum
743 2363 858 2450 Gallis,
882 2366 1012 2456 quando
1033 2367 1123 2455 prius
1139 2377 1319 2456 opportuno
1334 2378 1413 2433 tem·

83 2494 158 2558 pore
179 2493 221 2536 ac
242 2470 315 2535 loco
339 2465 397 2534 sm
420 2465 453 2534 S.
475 2465 628 2556 generale
650 2492 716 2534 non
737 2471 961 2558 praestitisset,
983 2493 1045 2536 nec
1067 2469 1207 2537 defuisse
1230 2471 1263 2534 in
1280 2469 1413 2536 consilio

85 2576 165 2662 regis
188 2575 245 2662 qui
268 2575 374 2638 minas
389 2571 489 2638 ferme
504 2573 601 2638 etiam
617 2571 841 2638 adhibuissent
856 2583 1045 2640 attestantes
1060 2575 1094 2640 in
1108 2583 1277 2640 numerato
1292 2572 1414 2641 habere
1529 2637 1533 2642 .

86 2677 124 2742 ad
145 2678 383 2765 quinquaginta
404 2673 505 2740 millia
526 2675 702 2760 hominum,
726 2677 782 2765 qui
809 2698 921 2742 eorum
946 2679 1124 2744 sententiae
1140 2675 1415 2764 adstipularentur

88 2783 251 2869 paratique
274 2789 384 2847 essent
405 2779 542 2846 eandem
564 2778 673 2845 subire
696 2803 794 2868 quam
822 2781 885 2868 ipsi
915 2780 1092 2865 fortunam,
1124 2781 1185 2844 nisi
1208 2779 1414 2845 Gallicanum

89 2885 253 2952 eonsilium
268 2885 489 2969 decernerent,
505 2886 687 2972 intorques
702 2885 802 2950 lirisse
817 2883 982 2950 ferebatur
996 2881 1157 2970 generalis
1173 2905 1285 2950 eorum
1300 2883 1413 2949 classis

90 2989 255 3076 prefectus,
278 3011 377 3077 quem
398 2990 622 3054 ammirantem
649 2985 749 3074 vulgo
778 2985 953 3076 appellant
982 2999 1015 3054 et
1040 2997 1213 3076 postquam
1235 2985 1268 3052 S.
1292 2985 1350 3053 Su.
1380 2989 1415 3053 in

90 3091 144 3158 hoc
163 3095 251 3180 regis
274 3103 466 3158 excusasset
486 3091 697 3176 voluntatem,
721 3101 834 3180 utpote
856 3094 912 3180 qui
934 3101 1067 3180 propter
1088 3100 1228 3158 aetatem
1248 3113 1313 3157 non
1328 3101 1415 3157 osset

90 3196 156 3262 huic
176 3197 402 3284 reprimendae
423 3195 622 3284 petulantiae
645 3198 724 3280 satis
745 3195 898 3282 idoneus,
931 3197 1055 3284 tragice
1084 3217 1124 3262 ac
1152 3217 1280 3279 severe,
1314 3216 1414 3283 supra

91 3323 180 3388 quam
202 3301 267 3368 dici
289 3309 415 3390 posset,
444 3325 555 3368 eorum
576 3301 764 3367 vecordiam
792 3311 842 3367 est
864 3300 1043 3367 detestatas
1072 3302 1144 3389 qui,
1174 3323 1248 3365 cum
1268 3301 1414 3387 praesint

91 3405 285 3494 explicandis
306 3405 549 3494 tractandisque
571 3407 772 3493 gravissimis
794 3408 886 3492 regni
908 3405 1022 3490 rebus,
1050 3415 1117 3471 tam
1144 3405 1260 3470 misere
1288 3405 1413 3469 animos

91 3507 322 3597 desponderint,
345 3519 382 3576 ut
402 3511 621 3598 praestantius
645 3509 799 3574 duxerint
820 3511 996 3596 pernitiose
1012 3508 1207 3576 authoritate
1222 3531 1282 3573 sua
1296 3509 1343 3574 uti
1357 3507 1411 3574 vel

92 3611 173 3679 abuti
192 3615 303 3701 potius
325 3635 424 3702 quam
446 3612 488 3678 ab
511 3612 561 3678 his
585 3612 819 3698 dissentiendo,
844 3614 900 3700 qui
921 3615 954 3678 in
976 3611 1254 3679 administratione
1276 3621 1414 3699 possunt

92 3717 203 3784 ehdem
224 3720 391 3804 negotium
413 3718 591 3802 facessere,
627 3717 818 3806 dignitatem
852 3715 1010 3784 catholice
1043 3717 1220 3804 relligionis
1255 3739 1329 3781 cum
1363 3716 1413 3780 sui

92 3821 167 3906 regis
189 3819 347 3907 dignitate
370 3821 576 3886 coniunctam
604 3822 760 3886 acerrime
790 3823 882 3886 tueri.
916 3831 1090 3909 propterea
1120 3843 1194 3886 cum
1222 3818 1347 3885 videret
1378 3841 1413 3884 se

93 3933 132 3986 tot
152 3923 395 3991 difficultatibus
412 3927 675 4009 circumventam,
697 3935 834 4012 urgente
854 3927 1048 3992 necessitate
1065 3949 1102 3992 eo
1118 3924 1238 3990 adduci
1260 3933 1296 3990 ut
1317 3946 1412 4010 coga-

94 4035 137 4090 tor
157 4029 401 4114 suspensionem
424 4028 604 4094 Tridentini
628 4029 755 4096 concilii
786 4027 914 4113 tollere,
946 4052 1019 4094 cum
1047 4028 1136 4096 aliud
1164 4050 1267 4116 aeque
1298 4049 1412 4113 oppor-

94 4139 195 4196 tunum
210 4154 250 4198 ac
265 4155 400 4220 presens
415 4133 594 4200 remedium
608 4156 673 4199 non
688 4133 808 4217 videat,
830 4158 896 4200 non
911 4133 1131 4200 confirmando
1146 4155 1207 4198 nec
1222 4129 1413 4196 infirmando

94 4231 136 4316 lut
156 4238 224 4300 eius
246 4236 355 4302 verbis
377 4235 465 4322 utar)
489 4260 574 4324 quae
595 4235 753 4304 hactenus
775 4239 808 4302 in
831 4237 946 4304 eodem
968 4236 1104 4303 concilio
1128 4236 1260 4302 decreta
1273 4233 1413 4299 fuerunt.

95 4337 172 4422 qnod
193 4340 220 4404 si
241 4338 333 4407 locus
355 4339 409 4406 ille
431 4362 497 4406 non
517 4339 681 4406 videbitur
697 4340 894 4422 commodus,
918 4362 953 4407 se
967 4340 1306 4428 posteaVincentiam,
1322 4335 1413 4402 Man·

96 4447 174 4505 uam
195 4451 251 4508 aut
273 4444 306 4508 in
328 4442 629 4510 Montemferratnm
652 4442 741 4530 apud
762 4443 916 4510 Insubres
939 4443 992 4510 vel
1015 4442 1186 4510 Sabandos
1208 4441 1288 4508 illud
1310 4451 1412 4506 trans·

97 4539 240 4632 laturum,
276 4569 340 4634 quo
375 4547 563 4613 commodus
597 4558 630 4612 ot
650 4557 738 4613 tutus
769 4570 920 4615 accessus
948 4570 988 4614 ac
1014 4569 1162 4614 recessus
1191 4569 1262 4612 esse
1294 4547 1412 4634 possit;

99 4667 222 4737 aequm
244 4653 492 4719 enimvideriut
513 4651 647 4717 heretici
668 4651 731 4718 hac
752 4654 786 4717 in
807 4676 843 4719 re
865 4676 931 4719 non
954 4652 1031 4718 dent
1059 4653 1118 4718 sed
1139 4653 1302 4739 accipient
1323 4648 1412 4734 leges

98 4752 161 4820 ab
181 4756 249 4842 8¹⁸3
283 4755 341 4822 sed
370 4758 416 4822 ita
437 4777 631 4843 persuasum
651 4757 691 4820 iri
713 4757 831 4845 cuique
852 4756 946 4840 velle,
970 4777 1005 4822 se
1028 4757 1068 4848 in¹
1084 4757 1198 4843 spiritu
1217 4753 1358 4821 lenitatis
1373 4773 1412 4817 ac

96 4862 336 4928 mansuetndInis
350 4882 577 4952 processuram
598 4861 758 4926 acomnia
780 4883 1007 4928 concessuram
1030 4882 1114 4948 quae
1137 4859 1229 4926 salva
1243 4856 1409 4944 relligione

97 4961 201 5032 etfide
223 4965 398 5034 christiana
421 4964 554 5034 concedi
576 4975 736 5056 poterunt.
761 4965 878 5058 quibus
902 4965 1063 5034 derebus
1086 4977 1230 5033 oratores
1245 4961 1319 5030 ideo
1334 4981 1409 5030 eon-

99 5069 170 5138 reios
190 5095 261 5146 esse
282 5073 400 5164 voluit,
427 5079 462 5142 ut
484 5069 526 5142 de
548 5072 594 5142 eis
618 5071 770 5144 certiores
793 5071 967 5144 redderent
987 5073 1150 5166 principes
1174 5093 1248 5140 suos
1270 5066 1408 5162 iIlosque
