3450 5818
1392 475 1453 540 282

190 655 395 716 proposuerunt,
412 666 492 720 super
509 653 605 720 quibus
622 653 687 721 quid
705 655 800 722 eoique
817 656 940 710 videatur
955 658 985 710 in
1000 659 1127 726 proximis
1144 663 1396 730 eougregstiouibus
1407 679 1455 718 eu·

191 735 304 788 diemus.
333 737 430 804 singuli
449 739 519 789 enim
543 754 576 790 ex
599 756 673 791 more
695 744 857 794 seutentiam
881 743 983 809 dieent3
1010 761 1044 797 ex
1065 748 1181 800 omnium
1202 753 1298 814 posteo
1319 753 1458 804 sententiis

191 821 377 888 depromptum
395 821 532 876 ‹ieeretum
549 828 700 880 eummatim
720 830 887 880 conscribent
905 832 1023 897 episeopi
1046 831 1081 884 sd
1102 833 1131 884 id
1153 850 1172 885 a
1194 836 1310 887 coneilio
1328 837 1457 904 deputati,

190 909 265 974 quod
283 908 421 961 decretum
437 913 533 963 iterum
550 917 654 979 patrum
672 916 858 966 examinationi
875 917 1042 983 abiciatur,
1066 923 1094 970 et
1110 919 1133 970 si
1151 923 1273 974 omnibus
1289 925 1454 990 probabitur,

189 991 261 1044 iilud
278 1001 373 1061 postea
388 998 417 1048 in
434 1000 552 1050 medone
568 1001 686 1066 proxime
703 1000 792 1052 tuturo
807 1001 1025 1070 promulgabitur.
1059 1003 1121 1074 Vgl.
1144 1005 1222 1076 Serpi
1243 1011 1295 1063 469
1320 1009 1401 1078 (iesu
1417 1011 1457 1063 Le

190 1079 343 1150 Gourrsyer
359 1085 385 1148 2,
403 1085 477 1150 ltin
494 1085 597 1140 Pallas.
614 1089 640 1152 2,
657 1088 722 1153 2863
738 1087 884 1140 lentham
900 1090 943 1142 84.

691 1290 896 1303 nu——u

708 1523 873 1610 CLXIL

407 1737 488 1815 Der
515 1739 649 1816 Kaisar
674 1763 721 1817 en
750 1744 811 1820 die
839 1741 1175 1837 corroboratorum

603 1879 702 1948 Preg,
720 1883 761 1932 80
777 1882 869 1934 Mirr
888 1885 979 1936 teet.

625 2059 806 2118 enerues..
831 2061 955 2136 mee.

226 2206 356 2274 Deinde
377 2207 518 2276 vidimus
541 2207 695 2276 merulos
721 2210 777 2297 qui
806 2208 850 2276 ed
873 2210 911 2275 11
935 2209 1021 2278 diem
1048 2212 1231 2299 praesentis
1258 2216 1379 2281 mensis
1401 2238 1458 2304 pa·

128 2311 230 2379 uibus
245 2362 254 2380 .
272 2364 306 2381 ..
329 2316 488 2402 propositi
516 2314 656 2382 fuorunt
684 2315 708 2379 ii
737 2311 832 2380 uobis
860 2313 957 2381 valde
984 2315 1192 2404 placuerunt,
1221 2325 1298 2384 sunt
1324 2321 1409 2385 enim
1436 2321 1461 2388 ii

129 2418 190 2504 ipsi
213 2417 335 2505 quibua
356 2417 580 2486 inGermeuia
600 2417 810 2486 vehementer
831 2441 914 2507 opue
936 2427 1033 2502 esset,
1056 2429 1089 2487 et
1109 2419 1273 2487 habentur
1286 2423 1372 2489 inter
1385 2422 1459 2491 illoe

127 2521 274 2588 nonnulli
295 2524 388 2590 iuxte
409 2545 491 2612 quos
512 2523 548 2590 iu
569 2523 746 2611 provineiie
766 2524 886 2590 nostr-is
906 2521 1018 2611 plures
1040 2523 1201 2595 eeclesiae
1224 2549 1282 2594 seu
1299 2525 1459 2593 beneficia

127 2625 297 2692 reformari
319 2627 512 2692 curavimus.
537 2649 639 2716 quare
661 2629 943 2715 operaepretium
970 2627 1032 2695 erit
1058 2629 1146 2718 quod
1173 2629 1240 2696 1³²¹·
1267 2629 1385 2718 legatis
1400 2679 1409 2697 .
1422 2678 1456 2696 ..

128 2728 328 2816 significetis,
350 2753 449 2818 quam
471 2739 601 2816 gratum
621 2729 716 2798 nobie
738 2729 895 2798 eooiderit
914 2731 973 2798 Ρ·
988 2755 1102 2799 eorum
1122 2733 1195 2800 R*
1209 2732 1273 2801 boo
1293 2735 1461 2822 negotium

126 2833 364 2900 reformationis
386 2833 593 2902 uootmdum
615 2836 816 2922 sueeepiese,
842 2835 975 2902 eaedem
995 2835 1140 2905 modeste
1161 2837 1324 2905 monendo
1347 2847 1381 2906 et
1401 2862 1457 2906 ur·

128 2935 236 3022 gendo
259 2946 295 3003 ut
315 2936 350 3003 id
371 2937 490 3004 aeriter
504 2985 512 3003 .
528 2985 562 3004 ..
583 2949 823 3028 prosequantur
845 2947 879 3005 et
900 2938 953 3006 dei
975 2939 1176 3027 benignitate
1204 2939 1247 3008 od
1268 2942 1366 3010 finem
1387 2965 1460 3031 per·

127 3039 247 3107 dueere
277 3040 437 3108 studeant
471 3065 536 3131 quo
563 3043 599 3108 in
625 3044 757 3130 negotio
785 3041 1023 3110 reformationis
1045 3042 1142 3110 facile
1163 3044 1460 3132 animadvertimus,

127 3155 328 3234 quantopere
368 3148 552 3236 requiretur
591 3145 780 3236 praeseutia
812 3145 1130 3233 archiepiscoporum
1167 3149 1393 3236 episcoporum
1430 3158 1462 3217 et

126 3249 344 3338 praelatorum
359 3249 602 3317 Germaniae..
619 3299 645 3335 .,
669 3251 697 3315 si
720 3250 793 3339 quis
816 3271 859 3314 ex
881 3271 920 3315 eo
941 3249 1066 3314 iruetue
1086 3250 1122 3314 in
1143 3248 1321 3320 Germania
1343 3276 1459 3340 expee

128 3353 247 3420 tandue
269 3355 325 3440 sit,
354 3356 409 3443 qui
437 3377 516 3422 eene
545 3355 717 3444 quominus
736 3351 892 3420 haetenus
921 3351 1029 3420 isthue
1050 3355 1207 3438 venerint,
1229 3377 1290 3442 per
1310 3365 1458 3424 noetram

128 3457 329 3545 diligentiam
356 3481 423 3526 non
451 3459 616 3528 stetit...
647 3480 750 3547 quere
777 3457 807 3524 ei
834 3456 919 3524 forte
948 3455 1102 3544 deiuoepe
1130 3459 1249 3524 iterum
1274 3458 1364 3546 apud
1388 3459 1461 3526 1³¹⁰·

127 3565 206 3630 istos
229 3561 356 3649 legatos
377 3560 474 3629 buius
495 3565 543 3630 rei
565 3564 688 3630 mentio
708 3563 810 3647 fieret,
833 3569 978 3626 vestrum
999 3560 1061 3626 erit
1081 3582 1141 3627 nos
1164 3581 1203 3628 eo
1222 3563 1353 3628 nomine
1365 3585 1462 3630 exeu-

129 3689 203 3737 sere
226 3675 259 3733 et
281 3663 389 3733 dioere
410 3665 500 3756 quod
520 3665 584 3734 hae
605 3666 640 3732 in
661 3675 756 3755 parte
778 3665 885 3734 officio
907 3673 1021 3732 nostro
1041 3687 1108 3731 non
1122 3661 1318 3731 defuerimus
1335 3715 1343 3731 .
1359 3714 1392 3731 ..
1413 3668 1462 3734 ita

131 3771 219 3861 quod
240 3793 307 3838 uon
327 3769 497 3838 videamur
520 3770 599 3860 qnid
620 3770 759 3860 emplius
787 3793 808 3838 a
836 3769 931 3837 nobie
953 3767 1024 3836 fieri
1045 3769 1151 3857 poeeit
1171 3777 1230 3836 aut
1251 3767 1379 3835 debeat
1401 3792 1464 3837 nee

129 3883 267 3963 apparet
286 3873 370 3942 ratio
392 3873 556 3941 effieeeior
582 3873 655 3942 illoe
686 3873 792 3942 adid
820 3873 1014 3958 inducendi,
1045 3871 1134 3961 quod
1154 3881 1263 3938 temen
1286 3881 1400 3939 eavete
1422 3896 1464 3942 ne

128 3978 223 4046 oliter
244 4001 342 4066 quam
364 3979 458 4066 quaei
481 4001 524 4045 ex
544 3977 639 4045 vobio
659 3979 740 4066 ipeis
755 3986 788 4045 et
801 3977 999 4046 confidenter
1012 3985 1112 4064 atque
1128 3985 1253 4044 seerete
1263 3975 1330 4040 1³¹¹·
1347 3975 1464 4064 legatis

130 4091 341 4170 proponetur,
363 4081 428 4148 niei
449 4104 470 4149 a
492 4105 615 4149 summo
637 4081 790 4169 pontitioe
811 4079 865 4148 vel
887 4079 929 4148 ab
953 4082 1025 4168 ipsa
1047 4078 1173 4167 synodo
1188 4081 1222 4144 in
1236 4081 1355 4146 virtute
1370 4102 1463 4147 sano·
1513 4097 1517 4106 '

131 4195 183 4253 tae
205 4185 408 4254 obedientiae
430 4195 639 4264 moneantur,
668 4207 776 4275 neque
803 4188 889 4254 enim
916 4207 977 4253 noe
1000 4184 1171 4274 quominus
1193 4181 1228 4248 iu
1248 4183 1307 4250 fiet
1328 4182 1462 4272 impedi-

130 4301 238 4358 mento
260 4291 360 4356 futuri
382 4311 503 4356 sumne.

233 4395 387 4462 Ceterum
414 4394 482 4458 sive
503 4389 551 4459 illi
572 4391 736 4478 venerint,
758 4392 828 4460 eive
850 4415 917 4460 uon
938 4392 1095 4476 venerint,
1117 4412 1178 4459 noe
1201 4389 1332 4457 omnino
1354 4411 1464 4457 oense

133 4521 204 4566 mue
226 4501 261 4564 iu
282 4496 346 4566 hoe
366 4498 499 4586 negotio
521 4495 765 4586 prooedendum
787 4506 820 4564 et
839 4505 975 4586 propter
997 4497 1125 4565 illorum
1147 4495 1330 4564 absentiam
1352 4517 1465 4562 euram

130 4601 327 4669 Germaniae
355 4604 485 4669 minime
512 4600 770 4690 postponendam
792 4623 873 4669 esse.
904 4599 1061 4668 hebemus
1084 4599 1169 4667 enim
1192 4609 1225 4666 et
1245 4622 1306 4667 noe
1326 4600 1362 4665 in
1384 4597 1464 4665 Ger-

130 4707 238 4772 mania
257 4703 368 4795 plures
399 4714 432 4772 et
461 4704 680 4793 amplieeimoe
707 4706 894 4792 proviueise
918 4753 927 4771 .
951 4751 990 4772 ..
1019 4727 1104 4793 quae
1133 4703 1247 4770 itidem
1276 4703 1465 4769 desiderant

130 4808 402 4894 reformationem,
425 4811 459 4875 in
481 4807 600 4898 quibus
621 4807 657 4874 id
679 4806 768 4897 quod
788 4807 852 4876 bae
872 4810 908 4874 in
928 4817 1021 4896 parte
1044 4808 1254 4875 constitutum
1272 4805 1380 4891 fuerit,
1404 4804 1465 4871 deo

132 4912 229 4979 deute
255 4911 351 4979 ieeile
385 4912 446 4978 erit
474 4913 659 4979 executioni
684 4911 859 4996 mandare,
900 4922 934 4979 et
959 4935 1020 4980 uos
1046 4913 1225 5000 poterimus
1253 4907 1463 4975 nihilominus

135 5015 242 5083 medio
264 5017 364 5082 vestri
384 5015 532 5103 patribus
553 5017 588 5084 in
611 5017 680 5083 dies
702 5037 876 5105 suggerere
892 5015 1038 5083 defectus
1061 5013 1180 5103 quibus
1201 5011 1410 5102 praelaturae
1432 5019 1466 5077 et
