3450 5818
880 945 882 951 p
929 803 1100 899 oxon.

606 1027 713 1102 Ttun
741 1029 816 1103 und
846 1027 1076 1105 Drsskovics
1103 1049 1149 1105 an
1180 1028 1252 1105 den
1278 1029 1425 1127 Kslssr3

819 1183 949 1249 Triaut,
969 1185 1006 1235 17
1023 1181 1097 1236 Juli
1122 1185 1213 1238 1562.

681 1359 860 1419 Conoiloctea.
886 1361 1034 1435 Oriyicul,·
1054 1363 1085 1420 io
1107 1367 1199 1435 torpa:
1221 1365 1260 1420 21
1284 1361 1356 1419 Juli.

451 1503 559 1573 Hodie
589 1507 630 1573 16
651 1510 770 1574 mensis
792 1508 873 1576 Julii
893 1532 997 1592 mane,
1026 1509 1103 1577 dum
1124 1512 1224 1578 sessio
1248 1508 1540 1577 celebraretur...
1563 1508 1679 1574 allatas

350 1619 424 1675 sunt
445 1609 559 1677 literae
580 1610 643 1676 M*
666 1611 706 1678 V.
730 1611 762 1678 S.
792 1635 851 1700 per
872 1615 1039 1701 proprium
1063 1635 1227 1682 cursorem
1251 1614 1291 1680 12
1314 1611 1409 1678 husius
1431 1614 1552 1680 mensis
1583 1635 1678 1699 expe·

350 1712 444 1790 ditae,
467 1735 551 1800 quae
573 1713 704 1800 quidem
727 1737 801 1781 cum
822 1715 916 1783 nobis
942 1718 1105 1806 intemplo
1129 1718 1370 1806 aspectantibus
1393 1717 1544 1784 omnibus
1567 1716 1678 1782 redde

346 1823 466 1894 rentur,
498 1817 586 1881 varie
609 1817 715 1885 effecti
742 1828 816 1884 eunt
836 1829 954 1906 patres,
983 1830 1016 1887 ot
1037 1820 1166 1888 luerunt
1195 1831 1232 1888 ut
1252 1821 1401 1888 audimus
1430 1821 1486 1909 qui
1516 1818 1671 1901 dicerent,

346 1919 380 1982 in
401 1919 441 1984 iis
462 1917 562 1984 literis
591 1918 780 1988 mandatum
802 1921 935 2010 aliquod
962 1923 1060 1988 aM‘·
1083 1924 1123 1991 V.
1145 1922 1179 1989 S.
1208 1922 1304 1990 nobis
1326 1923 1459 1990 allatum
1487 1943 1562 1988 esse
1595 1921 1676 2008 quod

347 2020 390 2086 ad
412 2020 539 2088 concilii
562 2021 805 2090 dissolutionem
826 2034 883 2090 aut
904 2025 946 2092 ad
960 2027 1128 2092 minimum
1143 2029 1386 2114 suspensionem
1401 2027 1599 2115 pertineret;
1623 2025 1675 2090 sed

346 2135 462 2211 postea
487 2123 543 2191 illo
565 2149 650 2194 vano
675 2137 763 2194 motu
784 2127 912 2195 liberati
933 2129 1063 2196 fuerunt
1078 2179 1086 2195 .
1103 2177 1135 2196 ..

447 2227 528 2294 Heri
559 2251 633 2296 cum
664 2232 936 2299 continuationem
965 2255 1084 2320 magno
1115 2234 1149 2298 in
1177 2231 1304 2300 silentio
1335 2255 1406 2300 esse
1432 2232 1619 2298 videremus
1646 2241 1674 2297 et

344 2329 491 2398 nonnihil
512 2331 786 2411 addubitarem,
818 2357 859 2400 ne
882 2335 961 2424 quid
981 2345 1115 2423 repente
1137 2345 1249 2402 contra
1284 2358 1380 2424 quam
1402 2335 1562 2402 vellemus
1585 2334 1672 2400 nobis

345 2433 455 2500 insciis
466 2435 501 2498 in
512 2439 654 2504 sessione
669 2437 770 2522 fieret,
795 2439 837 2506 D.
853 2438 978 2526 legatos
1001 2462 1075 2506 cum
1090 2437 1182 2506 (ihrml
1204 2441 1291 2526 regis
1314 2449 1347 2505 et
1361 2437 1428 2506 Illml
1449 2439 1491 2504 D.
1508 2439 1604 2504 ducis
1619 2438 1672 2502 Ba·

343 2538 454 2604 varise
476 2540 656 2608 oratoribus
680 2542 841 2608 adivimus
871 2551 905 2608 et
925 2563 1043 2628 magno
1065 2541 1171 2610 studio
1193 2543 1455 2631 perquisivimus,
1490 2550 1526 2606 ut
1550 2543 1579 2606 si
1601 2539 1671 2627 quid

346 2663 385 2708 ea
412 2641 453 2708 de
473 2663 509 2708 re
532 2640 690 2710 haberent
711 2667 770 2711 nos
791 2666 925 2732 prorsus
953 2646 1106 2712 certiores
1139 2644 1292 2712 facerent
1323 2644 1524 2710 offirmammt
1553 2643 1669 2710 nuliam

344 2744 484 2812 futuram
506 2767 578 2812 esse
600 2749 848 2815 continuationis
880 2748 1076 2816 montionem
1098 2771 1157 2837 pro
1179 2748 1241 2815 heo
1261 2750 1343 2816 vice.
1380 2749 1489 2836 itaque
1511 2746 1612 2814 hodie
1632 2769 1668 2811 ne

343 2849 510 2916 minimum
538 2849 670 2938 quidem
700 2849 741 2916 de
764 2851 1010 2918 continuatione.
1032 2851 1168 2918 verbum
1196 2874 1217 2916 a
1239 2873 1402 2940 quoquam
1423 2848 1590 2938 prolatum
1618 2859 1669 2914 est.
1704 2873 1705 2882 ¹

343 2951 477 3018 miserat
498 2961 607 3020 tamon
629 2953 713 3020 meu.
735 2952 778 3019 D.
799 2952 944 3020 marchio
966 2953 1128 3022 Piscariae
1151 2963 1301 3041 agentem
1324 2953 1486 3042 quendum
1507 2976 1604 3019 suum
1620 2953 1668 3039 qui

343 3056 377 3120 in
399 3077 437 3122 eo
461 3055 651 3140 elaboraret,
673 3079 718 3123 ne
734 3055 812 3145 quid
827 3057 985 3124 eiusmodi
999 3055 1130 3144 publice
1142 3055 1235 3122 fieret
1257 3057 1345 3145 quod
1369 3079 1429 3144 pro
1444 3079 1531 3123 novo
1546 3053 1667 3122 concilii

344 3157 516 3226 indictione
539 3169 650 3226 contra
672 3161 946 3228 continuationem
960 3161 1082 3226 factum
1103 3159 1208 3226 videri
1222 3169 1341 3246 posset.
1364 3159 1426 3224 hoc
1442 3159 1575 3246 quidem
1590 3177 1665 3222 nunc

344 3261 465 3328 factum
488 3271 546 3348 est,
570 3262 627 3330 sed
647 3285 713 3329 nou
734 3285 905 3352 possumus
927 3287 994 3331 non
1008 3285 1206 3352 magnopere
1222 3262 1441 3330 dubitare...
1463 3265 1664 3349 imposterum

344 3364 429 3432 hanc
449 3389 517 3432 rem
540 3388 634 3432 secus
657 3376 863 3452 eventurum
891 3368 1020 3433 omnino
1044 3369 1138 3451 onim,
1173 3375 1209 3432 ut
1230 3389 1275 3433 ex
1295 3365 1403 3432 multis
1433 3365 1618 3432 audivimus
1638 3371 1664 3426 et

342 3491 408 3536 non
430 3469 557 3536 levibus
580 3491 622 3538 ex
644 3470 836 3536 coniecturis
859 3471 1070 3558 assequimur,
1100 3470 1195 3536 vitari
1221 3491 1288 3536 non
1314 3470 1433 3556 poterit
1462 3469 1543 3556 quin
1570 3466 1663 3533 conti·

342 3574 502 3640 nuationis
524 3575 644 3640 mentio
667 3576 890 3660 exprimatur.
906 3622 914 3638 .
930 3621 938 3639 .

446 3677 600 3744 Ceterum
617 3677 706 3765 quod
714 3677 782 3744 M*
807 3677 848 3743 V.
863 3676 897 3743 S.
919 3676 1013 3743 nobis
1029 3677 1135 3742 adbuc
1152 3675 1326 3744 clementor
1339 3672 1495 3742 mandare
1509 3673 1661 3762 dignatur,
1704 3759 1705 3762 Ἴ

341 3791 379 3850 ut
399 3802 458 3869 per
479 3781 684 3848 occasionem
704 3780 771 3845 1³³¹·
793 3779 836 3847 D.
849 3781 964 3868 legatis
987 3780 1041 3846 8⁰²
1062 3779 1104 3846 D.
1120 3781 1158 3846 N.
1176 3804 1248 3848 eam
1262 3803 1334 3848 esse
1348 3778 1549 3846 voluntatem
1564 3788 1659 3844 osten·

344 3886 472 3968 demus,
502 3907 544 3950 uc
565 3885 633 3951 ΜΝ
661 3883 701 3950 V.
725 3883 758 3950 S.
789 3906 962 3971 regnorum
989 3895 1021 3950 et
1048 3883 1263 3952 dominiorum
1292 3905 1423 3949 suorum
1449 3883 1659 3958 necessitates,

343 3990 468 4077 quoties
495 4011 573 4054 rusus
605 3989 731 4072 veniet,
760 3988 795 4052 in
828 3986 963 4054 concilio
986 3989 1123 4075 proponi
1150 3987 1256 4053 facore
1285 3988 1533 4074 praetermittat,
1563 3985 1659 4071 proin·

344 4092 449 4180 deque
475 4091 599 4158 nullam
631 4113 702 4158 esse
730 4113 863 4158 causam
895 4113 953 4156 cur
985 4092 1047 4179 ipsi
1080 4090 1314 4158 reformationis
1346 4088 1427 4154 illud
1460 4089 1613 4175 scriptum
1641 4105 1658 4146 a

343 4195 399 4262 td·
420 4196 461 4264 V.
485 4195 518 4262 S.
547 4195 612 4261 huc
633 4195 767 4260 missum
793 4195 936 4281 graviter
964 4194 1049 4262 ferre
1070 4193 1255 4276 debuerint,
1283 4214 1343 4258 nos
1366 4191 1455 4257 selva
1483 4190 1546 4256 Mfl·
1569 4189 1608 4254 V.
1629 4183 1655 4248 S·

343 4300 512 4366 clementia
533 4297 697 4365 humilima
718 4297 960 4385 respondemus,
983 4320 1049 4363 non
1071 4296 1175 4364 videri
1189 4295 1283 4362 nobis
1297 4304 1334 4361 ut
1347 4293 1409 4360 hoc
1423 4302 1568 4380 ternpore
1582 4285 1653 4356 illud

341 4403 577 4470 reformationis
601 4404 755 4491 scriptum
776 4421 961 4487 urgeamus,
983 4423 1025 4466 ne
1048 4398 1156 4466 calicis
1180 4399 1421 4464 concessionem
1442 4395 1652 4483 impediamus,

343 4505 583 4597 quodfuturum
603 4505 778 4589 videretur,
802 4508 830 4571 si
851 4515 918 4570 tom
937 4503 1038 4570 multa
1064 4527 1129 4568 uno
1151 4512 1295 4589 tempore
1317 4508 1545 4589 proponentur,
1565 4496 1650 4581 idque

345 4635 383 4678 eo
404 4611 510 4698 magis
534 4607 621 4699 quod
642 4607 768 4686 indica
790 4607 872 4674 tales
894 4630 991 4674 voces
1015 4607 1160 4672 audimus
1183 4603 1279 4694 quod,
1303 4607 1331 4669 si
1353 4626 1452 4670 unum
1474 4602 1567 4669 nobis
1588 4617 1650 4663 con·

345 4737 472 4782 cessum
493 4715 598 4798 fuerit,
621 4734 748 4800 semper
775 4711 869 4800 plura
891 4733 1034 4776 essemus
1055 4709 1260 4798 petituri...

481 4903 573 4956 Indem
593 4901 634 4952 dio
653 4901 782 4952 Oratoreu
806 4897 849 4950 dle
866 4903 928 4951 scta
946 4897 1052 4950 concilii
1069 4897 1096 4948 in
1113 4897 1231 4950 sessione
1247 4897 1339 4963 quinta
1356 4895 1491 4948 celebrata
1503 4887 1648 4946 custoditus

410 4991 509 5042 susten
526 4991 565 5040 sie
582 4987 640 5038 sich
657 4989 684 5037 in
701 4985 783 5037 ihrem
806 4984 914 5037 Bericht
936 4986 1002 5036 tiber
1019 4985 1063 5034 die
1080 4983 1189 5050 Sitsmrg
1206 4984 1278 5034 kun.
1308 4982 1344 5034 So
1368 4981 1517 5033 erwtbnten
1538 4979 1575 5029 sis
1590 4969 1647 5024 anob

412 5075 485 5134 nicht
503 5077 545 5128 die
563 5073 697 5126 Aufsehen
716 5072 858 5139 errogande
875 5071 949 5124 Reda
967 5072 1014 5124 dos
1031 5068 1153 5122 Bischota
1170 5085 1223 5120 von
1239 5069 1307 5120 'Pina
1324 5067 1466 5136 (gumein
1482 5067 1510 5118 in
1526 5061 1646 5129 &tum
