3498 5818
1363 451 1425 514 stt

102 627 194 694 biblia
219 638 253 696 et
277 629 518 698 ecclesiasticae
541 629 706 716 hystoriae
727 631 851 717 passim
872 639 1040 698 manns.
1062 640 1188 698 tantum
1210 631 1303 700 abest
1324 643 1361 700 ut
1379 634 1426 700 hii

100 734 240 818 quirem
264 734 351 800 hane
374 755 448 800 cum
471 730 655 800 christianis
678 732 810 820 regibus
833 733 1061 800 conferendam
1085 743 1233 818 censent,
1260 759 1333 802 mea
1356 740 1424 824 qui·

100 834 167 900 dem
189 839 363 922 sententia,
386 861 452 904 non
473 859 578 925 usque
601 836 684 902 adso
703 837 814 902 otiosis
828 837 972 902 nitanbrr
986 836 1213 904 fundamentis.
1237 841 1264 904 si
1279 862 1423 928 unquam

99 940 178 1004 enim
202 949 333 1027 tempus
355 940 583 1028 repurgandae
607 938 764 1009 ecclesiae
787 939 907 1024 illuxit,
930 942 995 1008 iam
1017 940 1161 1028 profecto
1185 941 1322 1008 durante
1343 967 1426 1031 pace

98 1041 149 1106 illa
169 1041 308 1129 publica
329 1047 413 1110 inter
435 1043 627 1112 christianos
650 1044 813 1130 principes
836 1041 920 1110 ultro
943 1067 978 1110 se
1000 1045 1102 1128 offert,
1125 1055 1162 1110 ut
1183 1044 1253 1112 sola
1272 1047 1426 1114 concordi

96 1147 277 1233 principum
301 1146 468 1214 voluntate
491 1147 624 1214 obtenta
646 1156 679 1212 et
699 1157 881 1235 perspecta,
905 1147 1045 1216 ecclesia
1065 1159 1132 1214 tem
1154 1151 1188 1214 in
1203 1151 1311 1236 capite
1326 1172 1425 1238 quam

97 1249 127 1312 in
146 1249 306 1316 memhris
326 1250 422 1318 facile
444 1250 612 1316 reformari
634 1259 668 1316 et
683 1250 824 1316 advitae
838 1253 976 1337 purioris
991 1275 1138 1318 normam
1154 1275 1221 1318 non
1235 1261 1302 1320 tam
1317 1256 1427 1340 urgeri

96 1373 190 1438 quam
212 1352 351 1419 honeste
373 1355 472 1420 etiam
493 1355 567 1440 cogi
589 1355 700 1440 possit.
718 1352 857 1442 ideoque
871 1353 956 1422 hauc
969 1357 1205 1442 optatissimam
1220 1358 1425 1423 occasionem

96 1477 157 1520 uon
179 1477 318 1542 prorsus
342 1477 414 1523 esse
435 1455 680 1543 negligendam,
710 1479 823 1522 verum
854 1479 953 1544 quum
975 1481 1035 1544 pro
1058 1457 1195 1525 alionum
1217 1460 1368 1546 opinione
1390 1461 1425 1524 in

98 1558 155 1622 ista
177 1560 362 1624 animorum
384 1559 596 1626 fluctuatione
618 1558 925 1647 exulcerationeque
952 1563 1102 1628 mactatio
1136 1561 1199 1626 ista
1220 1561 1425 1648 particularis

94 1662 169 1724 sans
191 1660 348 1728 videatur
368 1661 561 1748 periculosa,
584 1671 617 1728 et
637 1671 807 1748 praeterea
829 1662 957 1730 concilii
979 1685 1171 1751 progressus
1186 1673 1351 1752 utcunque
1367 1664 1422 1730 ho-

94 1763 187 1828 ratim
216 1773 427 1850 expectetur,
457 1787 622 1833 censerem
651 1774 684 1832 et
713 1787 774 1850 ego
803 1767 955 1834 tutiorem
983 1767 1072 1834 mam
1098 1766 1357 1853 amplectendam
1385 1791 1426 1833 ac

95 1877 275 1932 conventus
298 1868 377 1934 istos
399 1867 612 1954 particulares
634 1876 729 1936 extra
751 1866 924 1936 concilium
944 1870 1236 1955 inpraesentiarum
1265 1869 1424 1952 vitandos,

95 1969 149 2036 sed
181 1991 395 2056 progressum
424 1971 551 2038 eonmlii
579 1972 740 2057 patienter
766 1971 1006 2060 expectandum
1036 1994 1076 2038 ac
1103 1981 1269 2058 utcunque
1290 1972 1424 2038 tandem

95 2075 230 2138 cesserit
251 2096 295 2140 ex
318 2083 436 2141 eventu
458 2073 596 2140 subinde
619 2071 789 2140 consilinm
821 2073 1014 2160 capiendum
1036 2096 1118 2142 esse.
1144 2084 1293 2159 putarem
1315 2083 1425 2142 umen

94 2185 238 2240 mutuam
266 2175 352 2242 hanc
380 2178 706 2244 communicationem
736 2185 804 2242 mm
833 2176 873 2242 de
900 2177 1122 2264 promovendo
1153 2177 1290 2244 coneilio
1324 2199 1422 2264 quam

94 2277 244 2362 urgenda
264 2278 493 2347 reformatione
515 2299 581 2346 non
602 2281 732 2346 omnino
748 2279 1077 2366 praetermittendam,
1100 2279 1159 2346 sed
1173 2279 1229 2346 ubi
1246 2290 1278 2346 et
1293 2279 1424 2368 quando

94 2379 142 2444 vel
166 2383 300 2448 occasio
322 2404 358 2448 se
380 2379 533 2448 obtulerit
553 2381 607 2448 vel
628 2383 806 2450 necessitas
835 2385 981 2469 exegerit
1002 2382 1055 2449 vel
1076 2381 1198 2449 utilitas
1221 2383 1367 2466 suaserit,
1390 2383 1424 2446 in

94 2493 124 2546 et
145 2484 210 2550 sub
231 2486 305 2570 ipse
329 2483 465 2552 concilio
487 2509 547 2573 per
568 2496 713 2554 oratores
736 2484 770 2552 S.
791 2484 854 2552 Mi·
875 2485 916 2554 V.
940 2495 974 2554 et
995 2483 1132 2552 uliomm
1154 2507 1269 2571 regum
1289 2483 1424 2550 familia

94 2587 171 2652 riter
206 2586 438 2654 instituendam
470 2587 618 2675 hancque
648 2590 718 2654 sine
749 2587 837 2654 omni
866 2587 1049 2674 suspicione
1079 2610 1141 2654 nec
1168 2585 1292 2674 absque
1318 2585 1427 2652 h'uctu

94 2689 192 2756 multo
220 2690 422 2758 commodius
444 2693 609 2779 tutiusque
632 2689 699 2758 illie
721 2711 819 2778 quam
841 2699 935 2756 extra
958 2690 1130 2759 concilium
1151 2690 1221 2756 lieri
1242 2709 1349 2775 posse.

197 2791 297 2874 Quod
318 2803 489 2880 praeterea
510 2793 709 2882 disputatum
732 2793 801 2875 fuit,
823 2815 901 2858 num
923 2791 1078 2879 expediat
1100 2793 1265 2880 patrosin
1288 2787 1425 2856 concilio

95 2895 208 2962 sedulo
230 2897 355 2962 moueri
378 2895 419 2962 de
440 2897 643 2964 inveniendis
664 2897 791 2964 idoneis
812 2895 992 2964 rationibus
1015 2895 1134 2983 quibus
1155 2895 1201 2962 hii
1224 2896 1280 2982 qui
1301 2894 1423 2980 passim

95 2996 134 3062 ab
163 2997 354 3066 obedienda
382 3008 515 3067 sancme
542 3001 654 3066 manis
677 2999 834 3068 ecelesiae
856 2999 1086 3083 discesserunt,
1108 2998 1152 3065 ad
1173 2997 1332 3084 minium
1356 2996 1425 3060 eius

95 3122 151 3185 per
178 3101 267 3166 mam
295 3100 436 3170 lenitatis
464 3111 497 3168 et
524 3101 780 3170 mansuetudinis
808 3101 1016 3183 reducantur,
1037 3121 1091 3166 res
1113 3098 1243 3166 videtur
1265 3107 1297 3166 et
1319 3118 1426 3184 aequa

95 3212 126 3266 et
145 3203 247 3289 plane
269 3207 463 3271 necessaria.
487 3204 529 3271 ob
552 3204 587 3271 id
609 3202 924 3274 enimcelebrantur
946 3201 1084 3268 concilia
1106 3209 1142 3268 ut
1163 3200 1314 3268 haereses
1329 3201 1425 3266 extir

95 3317 211 3390 pentur
234 3317 267 3372 et
288 3306 374 3394 lapsi
395 3309 427 3374 in
450 3310 537 3374 viam
558 3315 761 3374 revocentur.
783 3305 861 3372 honi
883 3305 1001 3372 etenim
1023 3313 1165 3370 rectores
1187 3325 1231 3370 ex
1252 3324 1313 3368 sua
1337 3301 1423 3366 infir·

95 3410 205 3474 mitate
238 3409 375 3476 aliorum
404 3410 604 3479 infirmitates
631 3417 806 3497 pensantes
834 3409 940 3494 magis
967 3430 1026 3494 per
1053 3404 1243 3472 humilitatis
1271 3413 1304 3470 et
1331 3426 1424 3470 man·

96 3510 277 3576 suetudinis
299 3510 517 3580 levamentum
532 3512 664 3580 student
683 3519 858 3600 peccantes
874 3509 917 3576 ab
931 3510 1050 3576 erroris
1064 3507 1181 3595 laqueo
1197 3528 1310 3574 muers
1326 3527 1424 3594 quem

95 3633 151 3696 per
172 3615 396 3680 austeritatem
417 3617 451 3680 in
472 3617 602 3684 foveam
631 3614 820 3702 perditionis
841 3621 993 3680 nutantes
1014 3610 1205 3698 propellere.
1227 3608 1301 3696 plus
1324 3610 1422 3695 siqui

96 3713 168 3780 dem
192 3737 273 3801 erga
295 3718 504 3804 corrigendos
526 3721 595 3805 agit
609 3717 836 3786 benevolentia
851 3737 949 3802 quam
965 3715 1131 3797 severitas,
1153 3711 1226 3799 plus
1243 3710 1423 3778 cohortatio

95 3838 193 3901 quam
210 3820 425 3905 comminatio,
448 3821 522 3908 plus
538 3820 679 3888 charitas
695 3843 794 3908 quam
808 3827 961 3906 potestas.
978 3819 1025 3884 sie
1040 3815 1270 3884 consentinus
1285 3834 1424 3898 magnus

96 3921 268 4005 episcopos
295 3921 416 3990 Niceae
444 3933 658 4010 congregatos
690 3923 734 3990 ad
762 3922 1004 3990 consensionem
1033 3928 1065 3986 et
1094 3916 1300 3984 concordiam
1328 3937 1368 3980 ac
1389 3924 1426 3978 ut

96 4021 257 4104 privatam
280 4025 418 4112 quisque
439 4027 590 4092 iniuriam
611 4027 760 4112 proximo
784 4046 843 4090 suo
858 4024 1045 4105 remitteret,
1069 4020 1216 4088 hortatum
1231 4028 1289 4102 est,
1312 4039 1424 4084 omues

97 4121 235 4210 deniqne
258 4124 432 4196 elementer
453 4127 610 4195 audiebat
631 4150 671 4194 ac
694 4127 960 4194 conmnfiosiores
981 4122 1110 4210 placide
1134 4120 1329 4188 conciliabat
1351 4118 1423 4186 aliis

96 4226 333 4312 persuadendo,
356 4229 437 4296 alios
460 4230 569 4297 verbis
592 4229 753 4296 flectendo
776 4251 816 4296 ac
838 4235 975 4294 cunctos
997 4225 1040 4292 ad
1062 4223 1308 4290 consensionem
1321 4221 1425 4288 addu-

99 4327 210 4412 cendo,
235 4332 327 4396 euius
349 4332 534 4419 exemplum
557 4329 589 4398 S.
612 4331 688 4396 hl‘0¹²¹
710 4329 750 4396 V.
774 4332 808 4394 in
833 4330 933 4394 variis
961 4329 1100 4396 comitiis
1128 4336 1299 4414 aequatam
1326 4333 1425 4411 atque

97 4432 200 4500 isthac
227 4436 283 4502 via
309 4433 510 4521 perieidosos
539 4457 637 4522 saepe
664 4443 769 4501 meme
799 4432 932 4499 sedasse
961 4452 1141 4518 pacemque
1164 4426 1328 4516 publicam
1351 4449 1424 4492 con·

99 4559 248 4608 sennem
269 4539 340 4624 ipse
362 4539 454 4604 tesb's
476 4559 548 4604 esse
570 4559 710 4623 possem.
732 4533 832 4600 hahet
854 4542 963 4601 autem
985 4555 1037 4600 res
1059 4531 1142 4598 haec
1162 4532 1266 4599 maius
1283 4551 1424 4596 momen-

98 4649 164 4708 tum
197 4650 332 4728 prcpter
364 4639 510 4706 inclitam
542 4641 705 4704 nationem
734 4636 972 4704 Germanicam.
1006 4636 1068 4700 scit
1101 4635 1186 4698 enim
1218 4632 1251 4698 S.
1284 4632 1351 4698 ΜΨ
1383 4631 1423 4695 V.

100 4743 227 4812 ordines
249 4741 463 4828 Augusteuas
485 4741 710 4820 confessionis,
736 4740 799 4805 nisi
821 4738 948 4804 interim
971 4736 1015 4802 ad
1037 4757 1167 4802 sensum
1189 4734 1355 4802 meliorem
1376 4756 1424 4800 re

101 4845 224 4930 dietim,
246 4867 310 4912 uec
330 4846 566 4932 comperituros
588 4865 650 4910 uec
671 4843 827 4908 missuros
850 4840 894 4906 ad
916 4839 1087 4908 concilium
1110 4861 1172 4906 nec
1193 4839 1291 4904 eh'am
1320 4835 1424 4901 eidem

99 4950 268 5033 paritiuus.
296 4949 384 5036 quod
407 4950 434 5012 si
454 4947 528 5032 fiat,
550 4945 728 5016 timendum
751 4965 830 5013 saue
852 4965 893 5008 ne
916 4942 958 5010 ob
980 4939 1106 5010 illorum
1129 4951 1250 5014 meatu
1272 4935 1423 5008 catholici
