3498 5830
325 663 425 730 ferme
446 670 638 750 perpetuum
658 658 794 745 hostem,
825 684 845 726 a
866 661 975 728 multis
998 685 1101 750 usque
1116 665 1208 728 aunis
1224 664 1310 729 omni
1325 673 1444 730 conatu
1457 663 1601 730 studuit
1623 665 1694 728 im-

324 765 437 854 pedire
459 787 500 830 ne
522 763 606 829 hane
630 762 818 850 dignitatem
841 775 1102 854 consequeretur,
1126 789 1224 855 quam
1246 775 1354 833 tamen
1376 766 1466 832 illum
1488 789 1533 833 ex
1553 767 1694 832 animo

287 911 290 918 -
326 871 379 956 pio
403 879 434 934 ct
456 868 628 933 christiano
657 890 863 957 nequaquam
893 869 1090 935 credendum
1118 879 1167 938 cst
1195 871 1369 958 requirere,
1393 870 1694 959 quandoquidem

328 973 389 1038 sibi
405 971 622 1037 sublimiorem
638 972 735 1036 etiam
751 993 849 1058 quam
864 973 997 1058 regiam,
1021 995 1137 1059 nempe
1152 973 1392 1060 imperatoriam
1408 973 1692 1060 appellationem

328 1097 481 1163 arrogare
502 1098 569 1140 uon
591 1074 728 1140 dubitat.
883 1077 891 1092 '

428 1177 556 1244 Deinde
578 1178 757 1244 verendum
779 1187 828 1243 est
850 1201 924 1244 eum
946 1177 997 1243 his
1020 1177 1195 1244 honoribus
1224 1183 1367 1267 acceptis
1390 1203 1495 1267 neque
1517 1181 1571 1246 ad
1600 1181 1688 1247 reli·

328 1283 457 1370 gionem
480 1281 671 1348 catholicam
701 1304 908 1348 accessurum
935 1305 1042 1372 neque
1068 1282 1216 1349 hostilem
1249 1307 1328 1371 erga
1349 1284 1493 1350 Lirenas
1522 1295 1565 1350 et
1592 1285 1690 1351 alios

327 1388 450 1452 vicinos
481 1385 646 1452 christiani
676 1385 762 1452 orbis
790 1387 953 1474 principes
977 1410 1016 1452 ac
1037 1396 1222 1474 potentatus
1255 1390 1397 1454 animum
1426 1388 1686 1476 depositurum,

328 1492 384 1579 qui
406 1499 503 1575 certe,
527 1488 615 1577 quod
637 1489 731 1573 absit,
755 1492 851 1556 etiam
876 1491 903 1555 si
927 1490 1148 1577 subiugaverit
1161 1499 1270 1560 ¹totam
1292 1491 1464 1557 Livoniam
1486 1493 1593 1557 cidus
1611 1494 1687 1558 iam

328 1617 479 1681 magnam
501 1603 626 1680 partem
648 1604 744 1678 tenet,
768 1617 808 1661 ea
829 1596 958 1660 minime
974 1595 1177 1680 exatiabitur,
1195 1594 1253 1661 sed
1266 1597 1444 1683 potentiam
1466 1618 1568 1662 suam
1596 1620 1686 1662 mox

330 1697 426 1764 latius
449 1699 625 1764 extendere
648 1700 817 1766 conabitur
844 1708 877 1766 ct
909 1723 974 1766 non
997 1700 1078 1766 adeo
1106 1723 1224 1786 magno
1246 1702 1382 1786 negocio
1404 1702 1550 1788 potietur
1576 1701 1686 1766 simul

331 1824 396 1867 una
419 1823 492 1866 cum
514 1800 653 1868 Livonia
674 1805 825 1870 universo
847 1802 902 1868 illo
924 1811 1030 1868 tractu
1046 1805 1159 1868 oceani
1182 1803 1449 1890 septentrionalis,
1473 1804 1530 1870 ubi
1548 1815 1681 1890 postca

330 1905 481 1972 facillime
505 1905 639 1992 augebit
661 1907 803 1994 quotidie
825 1909 1002 1994 potentiam
1018 1929 1120 1990 suam,
1142 1930 1206 1973 nou
1227 1907 1330 1974 solum
1346 1910 1533 1972 accessione
1552 1909 1683 1973 multa-

329 2031 401 2074 rum
423 2011 673 2095 provinciarum
707 2033 820 2077 verum
843 2011 940 2076 etiam
961 2010 1183 2078 machinarum
1206 2021 1238 2077 et
1260 2012 1448 2099 quorumvis
1469 2012 1679 2078 instrumen-

333 2123 440 2180 torum
469 2123 502 2179 et
530 2125 744 2202 apparatuum
775 2114 978 2198 bellicorum,
1002 2137 1140 2202 quorum
1167 2113 1221 2180 ille
1249 2115 1311 2182 hoc
1343 2125 1487 2202 tempore
1516 2116 1680 2182 nonnihil

331 2217 478 2303 indigere
502 2217 639 2301 videtur,
662 2218 749 2284 unde
771 2219 977 2306 postmodum
999 2218 1132 2284 audebit
1154 2241 1227 2285 oum
1242 2221 1275 2283 in
1290 2218 1448 2307 reliquam
1464 2216 1676 2284 Germaniae

333 2320 496 2400 ditionem,
513 2331 581 2386 tum
605 2323 702 2386 etiam
723 2323 757 2386 in
771 2322 928 2408 Belgiam,
952 2321 1104 2408 Angliam
1127 2332 1159 2388 et
1181 2323 1261 2388 alias
1284 2322 1368 2387 illius
1391 2344 1466 2387 orae
1481 2323 1676 2388 maritimae

331 2425 515 2510 provincias
538 2425 693 2511 impetum
714 2425 821 2491 facere
843 2435 876 2490 et
901 2427 1086 2490 universam
1101 2424 1227 2491 illorum
1242 2427 1474 2490 maritimorum
1487 2448 1676 2512 regnorum

332 2535 365 2592 et
395 2526 607 2592 dominiorum
640 2529 880 2614 navigationem
911 2530 1203 2614 commerciumque
1224 2528 1278 2594 vel
1309 2549 1439 2615 prorsus
1468 2528 1675 2594 disturbabit

331 2629 579 2718 prohibebitque
612 2631 665 2696 vel
703 2630 763 2724 sibi
802 2631 861 2697 soli
893 2631 1080 2698 vindicabit.
1142 2641 1263 2719 quanta
1295 2654 1372 2698 vero
1407 2640 1484 2698 tunc
1517 2632 1568 2697 illi
1605 2642 1672 2698 tarn

333 2735 534 2822 praepotenti
563 2733 647 2800 hosti
681 2735 850 2800 resistendi
879 2735 1052 2800 difficultas
1079 2735 1188 2800 futura
1216 2737 1265 2818 sit,
1294 2744 1425 2800 monent
1458 2737 1668 2821 superiorum

334 2837 536 2903 saeculorum
559 2837 709 2924 exempla
730 2847 763 2904 et
784 2839 945 2922 historiae,
969 2861 1050 2927 quas
1072 2848 1158 2904 totus
1181 2839 1319 2904 mundus
1343 2839 1545 2923 conscriptas
1569 2837 1670 2903 habot

333 2939 374 3006 de
397 2939 505 3006 Gottis
533 2950 565 3006 et
593 2941 664 3006 aliia
693 2942 997 3029 septentrionalibus
1037 2940 1174 3029 populis,
1204 2944 1260 3030 qui
1287 2943 1505 3009 Romanorum
1539 2941 1667 3006 viribus

334 3054 411 3110 tunc
433 3045 586 3130 temporis
614 3068 733 3132 magna
762 3069 804 3110 ex
830 3055 922 3132 parte
956 3045 1063 3112 adhuc
1090 3047 1223 3131 integris
1251 3045 1388 3119 inhiberi
1421 3067 1487 3110 non
1515 3054 1666 3130 potuere,

336 3143 414 3236 quin
435 3157 537 3214 totam
558 3172 641 3236 pene
663 3150 829 3237 Europam
853 3148 1026 3216 crudeliter
1048 3157 1221 3214 vastarent.

439 3252 537 3335 Quod
569 3251 709 3340 quidem,
738 3262 774 3318 ut
808 3255 1002 3340 accepimus,
1035 3252 1181 3339 plerique
1214 3253 1311 3316 etiam
1333 3253 1471 3316 maiores
1499 3251 1605 3316 nostri
1637 3257 1666 3314 et

335 3359 450 3422 summi
478 3357 645 3443 pontifices
668 3367 700 3422 et
723 3356 789 3444 divi
811 3357 1029 3423 Romanorum
1052 3358 1261 3442 imperatores
1284 3377 1324 3420 ae
1345 3377 1440 3440 roges
1472 3352 1662 3440 praeclaris-

337 3463 437 3526 simae
465 3462 638 3526 memoriae
672 3460 964 3526 animadvertentes
991 3483 1057 3526 non
1085 3460 1351 3526 existimaverunt
1376 3458 1561 3524 consultum
1585 3479 1662 3536 esse,

335 3575 372 3630 ut
393 3563 547 3630 Moschus
569 3563 687 3630 talibus
709 3563 873 3630 titulorum
895 3566 1058 3651 regiorum
1080 3565 1275 3630 ornamentis
1303 3564 1584 3644 condecoraretur,
1608 3558 1661 3624 sed

339 3676 525 3756 suspectum
548 3667 704 3733 habentes
727 3676 924 3734 crescentem
946 3667 1030 3733 illius
1052 3668 1229 3754 potentiam
1252 3666 1330 3732 nihil
1353 3666 1399 3731 illi
1422 3663 1660 3732 concedendum

337 3781 541 3857 putaverunt,
565 3770 650 3837 unde
665 3771 718 3837 vel
740 3772 905 3858 dignitatis
921 3771 973 3836 vel
988 3773 1104 3836 virium
1128 3771 1271 3838 accessio
1295 3769 1340 3834 illi
1363 3771 1433 3834 fieri
1455 3769 1621 3855 potuisset

440 3875 602 3956 Quocirca
623 3874 682 3941 tibi
705 3874 879 3941 clementer
901 3877 1127 3942 committimus
1150 3884 1186 3940 ut
1208 3872 1320 3940 Sm0D.
1338 3873 1377 3938 N.
1394 3872 1598 3938 haecomnia
1617 3890 1658 3932 re

339 3989 488 4046 verenter
510 3988 542 4045 et
564 3989 687 4046 secreto
704 4002 743 4044 ac
758 3979 956 4046 confidenter
977 4002 1122 4066 exponas
1138 4002 1177 4044 ac
1192 3977 1259 4044 gem
1283 3979 1353 4044 eius
1369 3999 1450 4056 ores,
1473 3985 1509 4040 ut
1531 3977 1558 4040 si
1580 3969 1659 4060 quod

339 4082 535 4150 eiuscemodi
551 4081 718 4149 consilium
733 4084 839 4150 animo
862 4085 1072 4170 concepisset,
1096 4083 1247 4169 dignetur
1268 4103 1326 4168 pro
1350 4069 1444 4146 solita
1466 4102 1525 4146 sua
1546 4079 1656 4165 pietate

280 4195 286 4206 '
340 4211 379 4254 ac
400 4187 544 4252 bonitate
565 4208 634 4252 rem
656 4185 827 4272 diligenter
848 4186 1048 4274 perpendere
1071 4209 1110 4250 ac
1131 4196 1265 4273 paterne
1281 4194 1313 4250 et
1327 4185 1469 4271 gratiose
1484 4179 1656 4272 providere,

340 4313 381 4356 ne
404 4289 579 4378 quidinde
602 4291 644 4356 ad
665 4290 899 4378 rempublicam
921 4281 1129 4368 christianam
1152 4289 1337 4356 detrimenti
1359 4288 1473 4354 redeat
1487 4335 1541 4354 ...
