3498 5830
668 775 845 861 LXXII.

342 993 420 1068 Der
447 992 579 1070 Kaisar
605 1015 651 1068 an
680 996 812 1070 seiron
841 993 985 1072 Orator
1010 998 1045 1072 iu
1076 997 1188 1090 Boou
1292 981 1297 988 ’

516 1149 621 1214 Wien,
642 1153 679 1200 14
696 1150 882 1201 November
902 1113 992 1204 lbe.

599 1330 673 1386 Areo
695 1329 730 1388 A.
776 1330 915 1404 Originul.

397 1509 623 1576 Ferdinandus
645 1519 705 1577 ete.

186 1611 367 1698 Magnifice
389 1613 494 1680 tidelis
516 1614 609 1680 nobis
633 1614 757 1680 dilecte.
780 1614 926 1682 redditae
941 1617 1071 1683 fuerunt
1091 1617 1185 1684 nobis
1208 1617 1319 1686 literae
1342 1629 1417 1684 tuae
1519 1597 1527 1610 ’

93 1737 167 1800 quas
193 1715 378 1801 penultima
400 1718 452 1782 dio
474 1721 621 1806 proxime
643 1720 808 1806 praeteriti
829 1721 949 1784 mensis
972 1720 1122 1787 Octobris
1146 1722 1188 1787 ad
1210 1745 1270 1786 nos
1293 1721 1420 1806 dedisti,

91 1829 118 1881 et
139 1818 226 1883 inde
248 1819 472 1902 intelleximuS,
497 1821 576 1908 quid
598 1821 692 1888 isthic
713 1833 821 1887 actum
844 1824 885 1887 sit
906 1824 940 1887 in
954 1825 1089 1909 negocio
1106 1823 1232 1889 concilii
1248 1833 1279 1889 et
1295 1824 1335 1890 de
1351 1825 1421 1890 aliis

95 1922 206 2006 rebus,
243 1933 413 2010 postquam
436 1923 508 1990 ΘΝ·
527 1925 569 1990 D.
590 1927 630 1990 N.
654 1927 806 2012 cognovit
829 1949 911 2013 quae
935 1928 976 1991 sit
999 1926 1104 1993 adhue
1128 1927 1168 1993 de
1189 1927 1251 1992 illis
1274 1928 1422 1994 omnibus

91 2027 203 2112 opinio
222 2037 254 2092 et
269 2029 424 2093 sententia
440 2037 558 2112 nostra,
584 2039 616 2094 et
632 2051 716 2116 quae
731 2037 767 2094 tu
781 2051 877 2116 porro
894 2053 967 2094 cum
983 2029 1028 2094 S¹⁸
1042 2031 1110 2095 eius
1127 2039 1276 2095 oretenus
1291 2031 1422 2098 uberius

91 2128 251 2216 loquutus
273 2131 368 2214 bristi,
399 2155 438 2196 ea
460 2153 538 2198 sane
561 2134 668 2198 omnia
689 2155 749 2197 nos
771 2143 864 2218 grato
887 2141 919 2198 et
941 2132 1090 2202 clementi
1113 2134 1172 2199 abe
1194 2143 1226 2200 te
1249 2133 1355 2200 auimo
1371 2157 1422 2200 ac·

89 2236 250 2320 cepimus.
274 2235 381 2321 itaque
395 2257 481 2300 nunc
496 2236 740 2322 expectabimus
756 2235 834 2324 quid
850 2236 988 2324 denique
1011 2237 1134 2302 consilii
1150 2235 1284 2304 Suetus
1306 2239 1339 2302 in
1361 2238 1424 2304 hae

88 2337 231 2402 materia
253 2339 380 2424 ceperit
413 2359 578 2424 speramus
602 2350 718 2420 autem,
743 2339 873 2428 quando
890 2339 1024 2406 Suetus
1041 2341 1081 2406 de
1102 2342 1140 2405 iis
1157 2363 1286 2428 quoque
1306 2343 1424 2407 certior

88 2442 141 2507 tiet
165 2463 258 2528 quae
277 2441 335 2507 tibi
357 2442 469 2508 ultima
492 2443 543 2508 die
566 2441 668 2530 elapsi
689 2445 809 2508 mensis
832 2445 1017 2531 scripsimus
1034 2444 1074 2509 de
1090 2444 1231 2510 consiliis
1255 2453 1286 2510 et
1309 2444 1422 2510 studiis
1525 2429 1528 2435 ⁵

90 2548 279 2632 principum
302 2545 514 2632 ordinumque
536 2549 619 2612 sacri
642 2547 778 2612 Romani
800 2549 926 2634 imperii
942 2547 1168 2632 Augustanam
1192 2548 1424 2613 confessionem

91 2652 313 2736 profitentium
344 2673 364 2716 a
387 2652 626 2717 continuatione
649 2650 776 2716 concilii
798 2650 979 2715 Tridentini
1007 2671 1110 2738 usque
1139 2650 1221 2717 adeo
1251 2651 1423 2717 abhorren-

93 2754 193 2836 tibus,
218 2753 362 2820 Sar-eius
385 2753 552 2819 inhaere
574 2755 767 2840 gravissima
788 2753 866 2818 nihil
891 2752 1093 2819 decreturum
1117 2765 1172 2818 aut
1195 2776 1423 2840 aggressuram

93 2881 174 2938 esse,
200 2858 286 2945 quod
308 2856 546 2944 perturbandae
570 2859 669 2946 quieti
692 2867 724 2924 et
746 2856 968 2946 tranquillitati
991 2857 1143 2944 publicae
1159 2881 1198 2922 ao
1213 2859 1355 2944 graviori
1377 2881 1425 2924 re·

94 2961 223 3047 ligionis
246 2971 375 3026 nostrae
398 2961 577 3028 catholicae
605 2964 718 3027 ruinae
741 2963 909 3027 materiam
931 2961 1089 3048 praebere
1116 2963 1236 3047 possit3
1270 2961 1422 3048 quemad·

95 3066 227 3130 modum
249 3066 392 3152 profecto
415 3065 494 3130 nihil
517 3067 634 3131 certius
655 3066 840 3152 impendere
855 3067 984 3132 videtur
999 3086 1097 3154 quam
1112 3066 1305 3151 gravisdma
1319 3087 1426 3131 rerum

96 3171 239 3234 omnium
261 3168 460 3254 perturbatio
484 3179 516 3233 et
537 3168 717 3255 perieulum
747 3170 894 3234 interitus
923 3169 1020 3234 totius
1051 3167 1215 3253 religionis
1244 3167 1364 3233 nedum
1392 3171 1425 3235 in

97 3273 283 3355 Germania,
307 3295 418 3338 verum
431 3275 538 3338 etiam
561 3275 595 3338 in
617 3273 688 3338 aliis
710 3275 818 3360 regnis
849 3297 888 3338 ac
909 3272 1102 3350 nationibus,
1126 3294 1211 3358 quae
1233 3271 1367 3358 perinde
1388 3295 1428 3337 ae

97 3377 253 3442 Germani
282 3378 554 3442 continuationem
584 3378 675 3441 istius
705 3375 831 3442 concilii
854 3385 1055 3456 aversantur,
1084 3377 1111 3439 si
1134 3373 1194 3440 δι”
1217 3397 1276 3438 sua
1297 3376 1332 3441 in
1355 3397 1425 3441 sen-

99 3484 198 3548 tentia
221 3479 431 3546 continuandi
460 3479 604 3546 eiusdem
633 3479 759 3546 concilii
787 3482 969 3566 perstiterit.
1015 3501 1090 3544 nam
1118 3485 1242 3542 tantum
1265 3477 1367 3562 abest,
1390 3489 1427 3544 ut

97 3587 309 3673 languescant
330 3593 387 3649 aut
408 3584 619 3672 refrigescant
635 3606 846 3673 quaecunque
863 3585 1048 3651 memoratis
1071 3583 1188 3648 nostris
1203 3580 1303 3647 literis
1320 3581 1363 3647 ad
1378 3581 1424 3647 ul·

100 3693 208 3755 timam
230 3687 383 3754 Octobris
412 3690 538 3775 scriptis
571 3688 732 3776 complexi
760 3710 879 3772 sumus,
902 3697 939 3753 ut
960 3687 1015 3752 illa
1043 3697 1112 3752 tum
1144 3684 1260 3751 eodem
1292 3685 1427 3751 authore

102 3805 167 3858 tum
190 3815 231 3859 ex
254 3792 325 3857 aliis
349 3813 478 3878 quoque
500 3813 565 3856 non
588 3791 735 3856 obscuris
763 3789 842 3857 locis
875 3793 979 3879 magis
1011 3813 1051 3856 ae
1072 3790 1176 3876 magis
1199 3787 1428 3853 confirmentur

103 3907 133 3962 et
156 3905 341 3982 augeantur,
375 3894 533 3981 siquidem
560 3894 654 3960 nobis
681 3894 819 3960 relatum
847 3905 896 3960 est
922 3895 1089 3980 proximos
1120 3891 1200 3956 duos
1230 3911 1424 3976 congressus

103 4023 228 4088 quoqne
255 3998 428 4064 multorum
455 3999 637 4086 principum
665 4007 698 4063 et
720 3997 867 4063 ordinum
889 3996 1101 4084 Augustanae
1132 3993 1342 4061 confessionis
1372 3995 1428 4080 qui

104 4103 308 4192 Stutgardiao
331 4113 363 4168 et
384 4101 489 4168 Halae
511 4103 544 4166 in
567 4099 710 4167 Saxonis
731 4125 836 4188 nuper
856 4100 958 4166 habiti
980 4100 1118 4183 brertmt,
1142 4097 1322 4164 etsisolatii
1338 4095 1426 4161 dum-

104 4220 192 4275 taxat
213 4205 367 4296 captandi
389 4206 493 4292 gratia
515 4207 651 4271 instituti
672 4205 771 4272 tuisse
793 4204 1055 4292 perhibebantur,
1082 4226 1147 4269 non
1163 4203 1304 4269 caruisse
1319 4209 1428 4265 tamon

107 4313 234 4379 occultis
256 4307 448 4377 tractatibus
471 4309 547 4375 hine
569 4309 644 4375 inde
666 4311 795 4396 agitatis
819 4309 860 4375 de
882 4307 1085 4374 odiosissima
1107 4305 1162 4371 illa
1190 4305 1428 4371 continuatione

108 4417 282 4483 Tridentini
304 4411 430 4480 concilii
453 4411 667 4499 impedienda,
691 4421 723 4478 et
745 4411 850 4478 audiri
873 4411 1016 4500 quotidie
1046 4409 1156 4497 palam
1183 4409 1325 4473 minaces
1347 4405 1427 4470 mul-

110 4531 207 4586 torum
228 4541 338 4601 voces,
363 4515 450 4605 quod
471 4516 570 4582 iidem
581 4515 793 4602 Augustanae
808 4513 1019 4581 confessionis
1035 4513 1164 4580 ordines
1180 4511 1276 4576 armis
1300 4511 1428 4576 omnino

113 4626 244 4708 cogitent
278 4620 460 4687 dishubare
487 4619 666 4685 istiusmodi
695 4619 921 4705 intempestiva
954 4627 987 4684 et
1014 4615 1262 4704 praecipitantia
1285 4610 1428 4695 consilia,

114 4735 146 4790 ut
165 4729 221 4814 ipsi
233 4732 362 4808 vocant,
386 4723 501 4789 summi
523 4721 683 4810 pontificis
706 4732 739 4789 et
754 4720 976 4805 cardinalium,
1001 4718 1263 4809 quandoquidem
1278 4724 1429 4782 exactam

115 4832 254 4897 noticiam
277 4829 410 4916 capiunt
432 4849 474 4893 ex
495 4826 575 4893 urbe
598 4829 739 4893 omnium
762 4849 845 4915 quae
867 4827 902 4891 in
924 4825 992 4890 dies
1015 4825 1048 4889 in
1070 4823 1120 4889 his
1145 4831 1177 4889 et
1200 4821 1270 4887 aliis
1285 4820 1429 4906 negociis

116 4931 198 5001 isthic
230 4941 394 5022 gerunttu.
429 4941 592 4998 caeterum
613 4930 783 5018 praetendi
815 4953 858 4996 ex
890 4927 1018 4994 illorum
1051 4935 1153 5014 parte,
1183 4927 1209 4990 si
1232 4924 1429 4990 eiuscemodi

119 5037 250 5108 sinishae
279 5035 509 5106 continuationi
542 5033 736 5102 obtendatur
761 5057 880 5100 nomen
908 5030 1072 5100 christiani
1102 5027 1262 5118 generalis
1293 5027 1429 5113 concilii,
