3460 5826
1353 527 1414 593 437

148 713 252 764 decreti
271 713 375 766 efficaci
393 717 419 764 et
435 715 579 764 necessarii
595 714 728 779 perlevar
738 713 783 764 vis
800 713 881 764 molte
898 713 1036 779 principali
1055 713 1254 776 dellormationi,
1275 719 1301 765 et
1312 715 1416 780 segrirs

147 799 175 850 in
192 815 298 852 nomm
320 816 372 852 con
389 800 484 852 l'sintc
509 799 542 850 ds
561 799 604 852 dio
624 799 683 850 chsl
703 799 816 850 concssio
839 803 923 866 potas,
946 800 1052 865 qnando
1078 813 1139 850 sara
1161 805 1257 866 tempo,
1276 801 1416 850 terminare

154 901 207 935 con
233 886 314 937 frntto
339 890 365 936 et
382 887 453 938 bons
470 887 629 952 riputations
655 892 682 938 et
704 901 751 952 per
770 891 947 950 consequente
972 901 1023 936 non
1049 901 1129 936 senas
1151 901 1217 952 gran
1235 887 1414 938 solsvsmento

147 969 181 1018 de
201 969 230 1020 la
248 970 339 1021 chiesa
358 971 490 1022 catholica
514 977 541 1021 et
557 972 646 1038 ginsts
665 970 819 1023 confiniens
838 971 871 1022 de
889 971 1049 1037 gl’herstici.

650 1169 846 1177 —--——.-

603 1417 882 1505 CCXXXIII.

393 1635 489 1708 Brus
518 1637 592 1708 und
618 1634 726 1708 ΤΙιιιιι
756 1655 802 1709 an
831 1637 903 1709 den
934 1635 1083 1726 Kaisar3

480 1787 494 1808 ⁸
518 1788 648 1852 Trient,
677 1789 862 1842 chbruar
887 1792 976 1840 loos.

373 1965 510 2022 Romana
536 1965 681 2038 capiano
710 1968 741 2021 in
763 1971 854 2040 tergo:
877 1969 915 2022 11
941 1967 1077 2022 Febr-aar.

182 2145 296 2212 Tertio
318 2147 413 2210 huius
436 2147 555 2211 mensis
585 2145 637 2210 die
659 2145 701 2208 D.
725 2145 760 2210 (l.
784 2146 981 2211 Mantuanus
1016 2149 1223 2232 campaneis
1246 2148 1410 2233 praelatus

77 2257 165 2312 esset
188 2251 464 2334 peccatisnostris
487 2247 692 2312 tribuendum
716 2269 786 2312 esse
810 2247 897 2334 quod
919 2257 968 2313 tot
985 2271 1112 2313 menses
1129 2249 1197 2314 sine
1213 2247 1278 2313 ullo
1294 2247 1410 2332 fructu,

76 2371 141 2413 non
166 2363 279 2416 tamen
313 2353 383 2416 sine
411 2373 529 2438 magno
558 2351 656 2416 totius
685 2350 771 2415 orbis
800 2349 952 2417 scandalo
976 2349 1186 2446 effluxiffent,
1215 2351 1346 2416 tandem
1370 2351 1411 2416 ad

78 2450 130 2514 dei
146 2453 404 2519 misericordiam
417 2453 590 2539 confugere
605 2475 664 2518 nos
681 2463 829 2539 oportere
844 2452 928 2518 dixit
945 2453 986 2518 ab
1003 2476 1106 2538 eoque
1127 2439 1250 2540 peteie,
1272 2464 1307 2517 ut
1323 2453 1410 2540 quod

79 2552 242 2621 hactenus
264 2557 384 2622 fastum
413 2579 478 2622 non
506 2559 548 2620 sit
573 2555 709 2642 posthac
741 2566 850 2642 patres
885 2558 918 2620 in
946 2579 1043 2620 unam
1079 2558 1269 2620 sententiam
1293 2579 1408 2621 conve·

75 2657 184 2738 niant3
207 2667 370 2746 postremo
399 2659 485 2723 diem
512 2657 555 2722 22
577 2656 699 2744 Aprilis
723 2659 863 2722 fnmrnm
896 2660 1031 2724 sessioni
1056 2659 1146 2740 dixit,
1180 2659 1226 2722 ita
1249 2667 1358 2724 tamen
1381 2660 1409 2723 si

79 2761 230 2842 patribus
251 2761 338 2825 idem
349 2761 506 2842 videatur,
531 2782 570 2826 ea
592 2759 665 2845 lege
693 2769 729 2824 nt
749 2783 836 2825 nunc
860 2764 1064 2848 quaestiones
1086 2762 1167 2825 istae
1191 2764 1411 2827 contentiosae

77 2861 117 2926 de
141 2862 267 2929 ordinis
287 2872 489 2929 sacramento
512 2863 617 2951 deque
639 2863 834 2928 residentiae
858 2863 987 2930 decreto
1011 2873 1208 2949 seponantur
1231 2874 1263 2929 et
1285 2864 1323 2928 de
1344 2887 1410 2929 ma·

79 2967 224 3032 trimonii
254 2975 456 3032 sacramento
486 2966 609 3052 aliquot
638 2965 765 3032 articuli
794 2989 814 3030 a
843 2967 1003 3053 theologis
1034 2967 1254 3054 disputentur,
1286 2969 1409 3032 interea

78 3079 199 3150 autem,
229 3069 306 3134 dnm
327 3069 471 3156 theologi
498 3093 593 3135 mane
617 3070 827 3157 disputarent,
857 3071 979 3158 aliquot
1001 3081 1109 3157 patres
1133 3093 1153 3134 a
1174 3069 1309 3158 prandio
1334 3091 1408 3134 con·

78 3175 229 3236 venirent
243 3181 275 3236 et
291 3193 346 3237 eos
361 3172 483 3237 abusus
499 3173 689 3259 colligerent
711 3175 765 3260 qui
787 3175 873 3238 circa
890 3173 1010 3238 ordinis
1027 3181 1264 3238 sacramentum
1280 3173 1408 3238 evenire

80 3273 195 3356 solent,
220 3297 302 3362 qnos
325 3275 443 3340 deinde
466 3297 523 3341 suo
539 3285 683 3362 tempore
705 3275 850 3362 patribus
874 3287 1098 3362 proponerent.
1122 3277 1244 3361 primus
1268 3277 1409 3342 omnium

79 3373 164 3440 dixit
185 3375 227 3440 D.
252 3377 288 3443 O.
311 3377 530 3464 Lotharingns
559 3387 592 3443 et
613 3377 714 3443 libere
742 3378 915 3442 admodum
937 3401 1063 3444 omnem
1087 3378 1216 3465 culpam
1244 3381 1277 3443 in
1300 3377 1341 3443 D.
1365 3377 1408 3444 le·

79 3490 173 3561 gatos
196 3479 368 3563 transtulit,
392 3481 480 3567 quod
503 3482 545 3546 ad
568 3491 722 3546 statutum
746 3481 841 3564 diem,
866 3481 927 3546 hoc
950 3491 999 3544 est
1020 3481 1115 3545 huius
1134 3482 1156 3546 4
1175 3484 1294 3548 mensis
1308 3483 1408 3547 sessio

78 3579 192 3648 haberi
215 3603 281 3648 non
303 3593 423 3670 posset,
448 3607 483 3649 se
506 3587 592 3649 enim
607 3605 680 3650 cum
695 3586 763 3650 suis
779 3583 912 3670 collegis
928 3587 992 3649 iam
1009 3594 1083 3648 ante
1101 3585 1142 3649 14
1157 3585 1225 3649 dies
1243 3585 1408 3650 decretum

80 3683 119 3747 de
140 3685 319 3750 residentia
341 3688 560 3773 conscriptum
583 3690 662 3774 ipsis
684 3687 866 3762 tradidisse,
890 3687 1021 3774 quodsi
1044 3689 1245 3774 propositum
1260 3687 1408 3774 patribus

78 3786 202 3869 fnisset,
236 3787 349 3876 procul
372 3789 470 3855 dubio
493 3789 637 3854 fauturum
666 3790 761 3855 etiam
785 3790 884 3853 tuisse
913 3799 948 3854 ut
969 3789 1049 3854 nihil
1077 3789 1232 3876 ampliore
1256 3791 1408 3856 sessionis

80 3892 309 3975 prorogatione
332 3913 412 3977 opus
436 3901 529 3956 esset.
554 3893 587 3955 in
604 3889 689 3956 hanc
712 3893 903 3957 sententiam
925 3891 1018 3978 plura
1041 3891 1131 3972 dixit,
1156 3893 1214 3957 sed
1237 3891 1326 3980 quod
1341 3916 1406 3957 ma-

78 3994 166 4058 xime
190 3993 312 4058 factum
335 3993 515 4079 oportebat,
538 3994 641 4059 levius
665 4017 762 4081 quam
785 3995 995 4080 sperabamus
1019 3994 1059 4060 de
1080 3995 1309 4062 reformatione
1326 3999 1407 4082 egit;

78 4095 211 4160 tandem
239 4098 376 4160 assensit
404 4105 441 4160 ut
463 4095 503 4162 de
525 4099 727 4162 matrimonio
752 4097 978 4183 disputaretur.
1005 4119 1078 4162 enm
1107 4101 1234 4185 sequuti
1257 4102 1312 4185 qni
1335 4108 1409 4164 sunt
1430 4179 1432 4186 y

78 4209 190 4282 patres
218 4199 310 4262 varie
334 4197 496 4264 dixerunt.
532 4221 593 4286 ego
615 4201 788 4287 Pragensis
815 4211 996 4287 temperare
1020 4200 1099 4264 mihi
1127 4223 1193 4266 non
1215 4203 1306 4288 potui
1330 4203 1408 4290 quin

79 4300 210 4385 publice
234 4301 413 4367 obtestarer
434 4310 543 4389 patres
566 4325 626 4388 per
642 4303 748 4386 deum,
771 4313 808 4368 ut
826 4304 955 4369 tandem
980 4303 1153 4391 aliquando
1177 4303 1218 4368 ad
1243 4305 1407 4370 christiani

79 4403 166 4468 orbis
183 4402 384 4470 calamitates
400 4415 432 4469 et
447 4405 603 4470 ecclesiae
619 4405 809 4472 afflictiones
833 4405 943 4472 oculos
967 4417 1190 4472 converterent
1213 4418 1244 4472 et
1260 4409 1406 4475 omnibus

78 4505 175 4570 rebus
190 4509 377 4593 postpositis
388 4510 445 4573 uni
456 4509 675 4574 reformationi
692 4511 776 4574 serio
792 4509 1024 4574 incumberent.
1040 4509 1082 4574 ad
1098 4521 1278 4575 extremum
1294 4527 1406 4577 eorum

77 4609 157 4672 vicit
179 4612 346 4692 sententia,
369 4621 406 4674 ut
424 4611 513 4677 credi
534 4611 605 4676 vult
627 4613 819 4677 secretarius
842 4610 979 4694 concilii,
1004 4614 1059 4699 qni
1081 4611 1123 4677 D.
1147 4613 1314 4679 Mantuani
1331 4637 1405 4702 pro·

79 4713 230 4798 positioni
254 4712 524 4799 subscripserunt.
547 4716 657 4802 itaque
682 4716 734 4780 die
757 4715 872 4782 Lunae
895 4715 1037 4802 theologi
1061 4715 1101 4782 de
1123 4719 1327 4784 matrimonio
1344 4719 1405 4782 dis-

79 4811 249 4900 putabunt.
349 4858 355 4868 ι

179 4913 266 4984 lllud
291 4917 369 4984 mihi
395 4921 571 5006 permirum
592 4921 715 4985 accidit
736 4943 842 5009 neque
857 4945 922 4987 nou
936 4920 1108 4988 molestum
1125 4923 1220 5010 quod,
1245 4924 1304 4988 etsi
1316 4925 1406 4988 varie

79 5019 253 5086 admodum
275 5031 383 5108 patres
407 5022 548 5088 dixerint
570 5034 603 5089 et
626 5046 690 5089 non
712 5025 809 5110 pauci
833 5047 872 5090 ea
887 5026 1070 5090 conditione
1085 5025 1161 5091 huic
1188 5028 1406 5113 prorogatioui
