3498 5818
1372 501 1432 574 lit

95 684 227 768 rendae,
256 687 475 752 existimamus
498 689 628 752 omnino
651 687 766 754 decere
789 684 878 774 quod
899 709 959 756 nos
982 694 1110 775 quoque
1134 689 1276 756 vicissim
1293 685 1334 754 8²¹
1365 689 1433 754 eius

94 790 189 854 animi
216 792 321 856 nostri
343 790 570 874 gratitudinem
594 792 724 877 saepius
748 800 972 856 contestemur.
997 793 1106 879 itaque
1123 793 1270 858 volumus
1293 801 1324 858 et
1348 813 1430 856 com·

94 895 255 958 mittimus
278 893 335 958 tibi
359 903 393 958 ut
408 893 447 956 δ’·
470 896 549 977 eius,
573 894 704 980 quando
728 893 988 959 commoditatem
1013 905 1126 960 nactus
1148 897 1247 962 fueris
1270 918 1341 961 eam
1359 917 1431 960 eon-

94 995 260 1076 veniendi‚
284 1019 350 1082 qua
371 1019 431 1082 par
453 1007 501 1061 est
523 997 704 1062 reverentia
727 1019 883 1082 exponas,
908 1019 967 1062 nos
984 997 1023 1061 S'i
1047 1000 1116 1062 eius
1140 1000 1286 1084 ingentes
1308 1000 1431 1083 gratias

93 1120 199 1182 agere,
226 1099 318 1185 quod
341 1098 399 1164 8¹¹³
428 1101 498 1164 eius
521 1109 650 1165 nostrae
678 1099 844 1185 dignitatis
872 1108 995 1164 tantam
1018 1102 1173 1166 rationem
1197 1101 1316 1166 habeat
1337 1103 1370 1166 in
1394 1125 1432 1166 eo

93 1200 177 1286 quod
203 1201 304 1266 nobis
326 1201 408 1268 adeo
432 1213 578 1268 amanter
600 1212 698 1290 atque
713 1202 853 1288 benigne
871 1201 994 1268 deferat
1010 1212 1177 1288 paternam
1193 1226 1284 1268 suam
1300 1226 1431 1291 operam

94 1306 121 1366 in
137 1303 368 1370 disturbandis
385 1303 535 1388 consiliis,
560 1307 658 1391 siqui
674 1303 848 1392 aliquando
865 1304 907 1371 ad
924 1306 1164 1392 suscipiendam
1181 1307 1304 1394 absque
1320 1319 1430 1374 nostro

8 1409 9 1450 l
94 1430 259 1472 consensu
282 1407 470 1474 electionem
495 1410 580 1494 regis
596 1408 813 1474 Romanorum
838 1410 1013 1494 spectaturi
1036 1418 1068 1474 et
1091 1412 1232 1474 animum
1256 1410 1432 1478 adhibituri

92 1523 217 1593 essent,
256 1534 380 1598 nosque
403 1513 545 1577 vicissim
573 1513 612 1576 iis
641 1535 725 1598 quae
754 1511 796 1576 ad
828 1511 1102 1598 comprobandam
1136 1511 1176 1578 Sli
1205 1515 1274 1580 eius
1302 1513 1431 1580 filialem

93 1624 241 1678 nostram
271 1615 509 1682 observantiam
534 1612 652 1701 [facere
681 1613 865 1700 possimus],
898 1614 986 1685 nullo
1017 1615 1088 1680 loco
1118 1625 1172 1680 aut
1202 1626 1346 1703 tempore
1378 1618 1431 1684 de·

93 1716 220 1782 futuros
246 1741 317 1782 esse
334 1767 341 1782 .
357 1767 390 1781 ..

196 1819 311 1886 Tertio
327 1820 415 1908 quod
431 1819 487 1885 8¹¹¹·
511 1821 580 1884 eius
603 1842 661 1885 nos
686 1843 743 1906 per
765 1830 797 1884 te
821 1819 986 1886 admoneri
1002 1820 1148 1904 voluerit,
1172 1845 1212 1886 ne
1229 1824 1323 1888 nimis
1342 1847 1430 1889 cure-

94 1947 162 1988 mus
195 1926 464 1990 instantissimam
492 1925 677 2010 petitionem
707 1924 742 1988 R.
768 1923 940 1989 cardinelis
963 1923 1175 1990 Warmiensis
1204 1926 1244 1992 de
1268 1927 1431 1993 mittendis

94 2028 282 2094 oratoribus
304 2029 421 2094 nostris
444 2027 487 2092 ad
510 2027 690 2106 concilium,
715 2050 787 2092 cum
811 2025 868 2092 S‘¹⁸
891 2029 960 2092 eius
982 2027 1041 2091 tibi
1062 2038 1189 2115 tempus
1212 2040 1429 2117 opportunum

93 2133 237 2218 ipsamet
258 2131 440 2218 significare
461 2129 549 2213 velit,
578 2132 699 2216 poteris
727 2131 824 2194 etiam
846 2125 886 2195 S*i
919 2131 987 2194 eius
1010 2130 1189 2216 ostendere,
1212 2154 1272 2198 nos
1295 2132 1328 2198 id
1351 2155 1427 2220 quo-

95 2257 155 2321 qne
178 2233 275 2301 filiali
298 2244 330 2300 et
351 2243 443 2322 grato
467 2236 575 2299 animo
598 2257 617 2298 a
639 2232 685 2299 8¹⁹
711 2233 779 2298 eius
803 2234 949 2320 accipere
967 2242 999 2300 et
1014 2244 1242 2321 expectaturus
1260 2235 1339 2324 quid
1355 2257 1428 2302 con·

95 2338 154 2404 silii
176 2361 280 2426 porro
304 2347 495 2425 susceptura
518 2339 559 2401 sit
570 2333 627 2402 ΒΝ
650 2337 718 2403 eius
742 2335 774 2400 in
796 2334 859 2401 boc
881 2338 1020 2423 negotio,
1045 2347 1077 2403 et
1099 2339 1191 2403 iuxta
1211 2361 1348 2428 eaquae
1365 2342 1432 2405 iam

96 2445 229 2530 saepius
253 2441 293 2507 8¹¹
318 2443 387 2508 eins
410 2441 597 2528 scripsimus
621 2449 718 2530 atque
741 2441 975 2524 annotavimus,
998 2439 1077 2504 nibil
1100 2463 1209 2507 eorum
1228 2463 1320 2531 quae·
1333 2441 1428 2508 nobis

97 2557 256 2634 tanquam
279 2545 453 2611 christiano
476 2544 662 2629 imperatori
685 2553 717 2608 et
740 2541 899 2607 catholico
921 2544 1060 2630 principi
1082 2566 1142 2610 nec
1157 2567 1222 2610 non
1237 2544 1428 2634 obsequenti

97 2648 256 2714 ecclesiae
278 2647 344 2712 filio
367 2649 400 2712 in
422 2646 485 2712 boc
508 2648 642 2732 negocio
667 2644 818 2709 facienda
839 2645 1039 2730 incumbunt,
1062 2645 1265 2732 neglecturos
1289 2669 1370 2714 esse.

667 2895 867 2902 ..4———-—-.

689 3151 843 3238 CXIX.

444 3369 731 3448 commendere
758 3392 805 3446 sn
834 3351 907 3446 den
938 3372 1088 3466 Kaisar3

576 3525 945 3588 Aehen,1Juni1b61.

441 3711 577 3766 Romana.
604 3708 744 3779 Originum
766 3708 796 3762 in
818 3715 908 3781 tergo:
931 3710 973 3764 12
988 3707 1100 3781 August.

403 3871 504 3940 Sacra
527 3893 680 3939 caesarea
702 3873 863 3938 maiestas.

200 3997 295 4080 Quae
317 4019 390 4062 mea
412 3995 454 4058 sit
475 3992 681 4059 observantia
703 4013 781 4077 erga
796 3989 829 4056 S.
846 3988 881 4056 O.
896 3989 974 4056 Mam
990 3989 1041 4073 V.,
1064 3987 1278 4055 reverendum
1299 3995 1424 4074 patrem

104 4101 278 4187 Cytardum
308 4098 408 4164 multo
436 4095 549 4164 melius
578 4115 671 4162 nosse
702 4097 871 4178 existimo,
905 4115 1002 4182 quam
1030 4116 1091 4180 ego
1120 4091 1233 4158 litteris
1262 4089 1428 4157 declarare

103 4207 230 4288 possim.
268 4202 361 4268 afficit
387 4199 464 4266 mibi
494 4221 554 4264 sua
575 4199 751 4286 paternitas
773 4196 878 4286 Aquis
904 4205 1144 4284 peropportune
1165 4194 1353 4282 adiuvitque
1378 4215 1430 4260 me

105 4329 160 4374 sua
179 4307 301 4395 pietate
323 4313 357 4370 et
377 4303 550 4390 prudentia
571 4301 744 4388 plurimum
768 4300 810 4366 ad
833 4299 1022 4368 excitandos
1045 4309 1079 4366 ct
1093 4297 1332 4365 confirmandos
1348 4297 1430 4383 opti·

104 4433 222 4478 morum
247 4409 367 4474 civium
389 4408 522 4491 animos,
546 4427 682 4493 quorum
703 4403 864 4492 probitate
887 4413 919 4470 et
941 4403 1123 4470 constantia
1145 4405 1179 4467 in
1201 4400 1359 4488 religione
1376 4421 1430 4466 ea·

105 4513 219 4582 thelica
238 4510 375 4600 perinde
397 4531 468 4576 sum
491 4507 669 4574 delectatus
691 4531 731 4574 ac
751 4531 786 4574 re
802 4509 943 4576 omnium
964 4505 1182 4594 pulcherrima
1204 4503 1330 4591 deoque
1353 4526 1429 4590 gra·

106 4620 234 4698 tissima,
257 4626 290 4681 et
312 4624 347 4681 ut
368 4613 450 4680 tales
472 4616 545 4696 siut,
567 4613 668 4699 patris
685 4611 819 4698 (lytnrdi
834 4613 952 4678 virtute
968 4619 1000 4676 et
1015 4608 1171 4696 singulari
1193 4630 1233 4673 ae
1250 4605 1425 4672 christiana

107 4719 284 4808 eloquentie
306 4719 427 4786 factum
450 4739 521 4784 esse
543 4715 696 4803 intelligo.
720 4715 760 4781 de
781 4714 913 4803 reliquis
936 4735 1021 4801 quae
1043 4723 1117 4778 acta
1133 4711 1254 4778 suntin
1269 4707 1423 4793 Saxonis,

107 4823 255 4906 llarebia,
270 4819 475 4909 Westpbalia
497 4829 529 4886 et
551 4842 624 4886 eum
644 4817 747 4884 Rheni
769 4816 979 4905 principibus,
1002 4815 1116 4902 scripsi
1138 4814 1308 4902 diligenter
1330 4811 1373 4878 ad
1387 4811 1426 4876 R.

108 4927 143 4994 D.
166 4929 305 4996 Herium
328 4924 360 4992 S.
383 4925 421 4990 R„
444 4923 484 4990 Ε.
514 4922 712 4990 cardinalem
740 4923 917 5009 rogavique
945 4931 981 4986 ut
1009 4942 1049 4986 ea
1070 4919 1177 4986 omnia
1199 4915 1230 4984 S.
1254 4915 1290 4984 0.
1313 4915 1366 4982 M²¹
1386 4916 1428 4981 V.

109 5033 244 5116 referret,
267 5053 334 5096 non
356 5029 433 5116 quia
453 5036 603 5115 putarem
624 5025 670 5092 illi
692 5027 803 5112 ignote
823 5045 904 5112 esse,
928 5024 986 5091 sed
1006 5045 1048 5092 ne
1070 5023 1216 5090 deessem
1232 5019 1337 5086 officio
1353 5041 1424 5089 meo
