3498 5818
340 739 501 805 mandatis
522 739 639 804 nostris
662 761 746 826 quae
768 736 811 804 ad
833 747 864 804 te
887 739 920 802 in
941 736 1003 804 hoe
1028 739 1163 826 negocio
1193 735 1356 822 dedimus,
1392 763 1457 806 non
1484 737 1681 805 dubitantes

341 851 372 908 te
394 866 454 930 pro
477 852 533 908 tua
549 843 666 908 eximia
687 839 752 908 fide
776 864 854 906 cura
869 851 901 908 et
916 839 1082 928 diligentia
1097 839 1152 905 illa
1170 843 1277 907 omnia
1297 842 1435 909 fideliter
1454 851 1680 908 executurum

340 955 373 1011 et
393 969 458 1011 non
482 945 580 1011 semel
603 943 661 1010 sed
684 945 938 1032 quotiescunque
962 943 1173 1010 commoditas
1195 942 1321 1027 tulerit,
1345 943 1377 1010 S.
1401 945 1544 1034 pontifici
1569 945 1679 1010 incul-

345 1058 491 1114 caturum
518 1071 589 1115 csse
620 1056 651 1114 et
677 1049 809 1134 insuper
836 1047 1077 1114 accuratissime
1111 1047 1366 1134 invigilatum,
1395 1071 1436 1114 ne
1462 1048 1525 1114 hae
1552 1049 1681 1114 iniuria

341 1160 374 1217 et
403 1151 596 1217 contumelia
625 1149 819 1233 afficiamur,
855 1150 943 1239 quod
970 1148 1024 1218 ille
1053 1150 1097 1216 ad
1126 1149 1297 1216 concilium
1326 1159 1476 1235 vocetur,
1513 1153 1676 1240 quoniam

337 1265 373 1320 ut
403 1277 500 1321 verus
537 1277 577 1319 ac
604 1253 768 1340 legitimus
798 1253 988 1341 Hungariae
1019 1275 1079 1320 rex
1107 1253 1141 1318 id
1170 1276 1335 1342 nunquam
1365 1254 1450 1320 forre
1480 1256 1676 1343 poterimus

338 1380 398 1424 neo
423 1358 484 1423 erit
512 1355 571 1424 aba
593 1380 628 1423 re
651 1355 699 1442 (id
722 1356 809 1444 quod
832 1355 977 1423 similiter
998 1355 1057 1423 tibi
1078 1379 1137 1445 per
1163 1367 1351 1444 praesentes
1385 1358 1564 1423 iniunctum
1602 1381 1677 1422 esse

337 1455 498 1548 volumus)
522 1459 610 1547 quod
631 1470 761 1548 praeter
782 1459 837 1525 illa
867 1469 1058 1547 argumenta
1081 1482 1164 1547 quae
1187 1459 1220 1524 in
1242 1461 1397 1548 proximis
1427 1458 1527 1525 literis
1549 1461 1676 1526 nostris

338 1563 499 1650 complexi
515 1563 641 1647 fuimus,
659 1562 721 1629 hoe
736 1586 864 1651 quoque
880 1561 922 1630 se
941 1565 1010 1629 eius
1025 1563 1153 1628 nomine
1168 1571 1278 1630 nostro
1293 1571 1478 1629 reverenter
1493 1563 1674 1650 significes,

338 1668 365 1732 si
386 1664 441 1733 ille
463 1691 483 1732 a
506 1665 551 1732 S²⁶
575 1665 608 1732 S.
631 1675 766 1732 vocatus
789 1691 848 1755 per
869 1675 1012 1734 oratores
1035 1676 1068 1732 et
1088 1667 1224 1732 nuncios
1246 1688 1320 1733 suos
1345 1675 1557 1753 compareret,
1583 1667 1675 1754 quod

335 1768 423 1834 haud
439 1768 535 1836 dubie
551 1769 678 1836 titulum
693 1769 785 1837 electi
808 1773 894 1857 regis
916 1769 1105 1856 Hungarise
1129 1770 1173 1836 ibi
1189 1793 1316 1859 quoque
1331 1780 1555 1858 usurpaturus,
1580 1780 1618 1834 ut
1641 1771 1674 1833 in

336 1871 436 1939 literis
459 1873 524 1938 suis
546 1873 632 1956 facit,
656 1871 816 1940 stlocum
838 1897 896 1939 seu
923 1875 1098 1939 sessionem
1127 1874 1196 1959 regi
1218 1871 1408 1960 Hungariae
1431 1881 1674 1960 competentem

339 1976 402 2043 sibi
430 1976 658 2043 vendicaturus
686 1985 786 2060 esset,
822 1976 1005 2065 quodcum
1026 2000 1047 2042 a
1067 1976 1161 2042 nobis
1184 1985 1338 2066 tanquam
1359 2000 1438 2042 vero
1455 1999 1495 2042 ac
1521 1975 1672 2062 legitimo

334 2080 523 2166 Hungariae
545 2103 622 2168 rege
643 2079 774 2145 tolerari
796 2088 950 2167 nequeat,
973 2077 1062 2144 haud
1084 2078 1181 2145 dubie
1203 2101 1308 2144 novae
1331 2088 1428 2167 atque
1453 2079 1672 2167 gravissimae

231 2191 234 2202 '
332 2183 425 2249 rixae
449 2193 480 2248 et
503 2185 723 2248 contentiones
746 2181 886 2248 oriturae
916 2191 1032 2266 essent,
1061 2181 1149 2248 unde
1178 2205 1296 2269 magna
1331 2181 1529 2270 perturbatio
1555 2182 1670 2248 multe-

337 2309 399 2374 que
422 2285 626 2352 incommoda
648 2285 852 2372 expectanda
874 2284 992 2368 lorent,
1017 2307 1100 2374 quae
1129 2285 1242 2352 merito
1274 2283 1332 2350 δ”·
1358 2283 1390 2371 S,
1418 2285 1605 2373 ponderare
1641 2295 1673 2350 et

209 2413 213 2418 ·
335 2412 394 2476 pro
417 2412 475 2457 suo
498 2387 653 2477 pastorali
676 2389 781 2456 officio
796 2391 917 2456 evitare
933 2397 965 2456 et
979 2411 1175 2476 praecavere
1191 2388 1317 2456 debeat.
1341 2397 1504 2455 caeterum
1519 2387 1556 2454 id
1573 2387 1669 2454 nobis

332 2492 429 2558 valde
451 2495 566 2573 mirum
588 2491 692 2558 videri
715 2490 804 2580 quod
826 2489 933 2558 Scr⁶³¹¹¹
957 2513 1017 2557 rex
1044 2489 1197 2558 Poloniae
1227 2491 1312 2560 hano
1340 2515 1407 2559 rem
1438 2501 1527 2558 tanto
1562 2491 1669 2558 studio

335 2595 424 2682 apud
445 2595 512 2661 ΒΜ
536 2597 605 2662 eius
628 2595 883 2683 promovendam
906 2596 1100 2682 susceperit,
1130 2618 1203 2660 cum
1232 2593 1327 2662 facile
1356 2595 1533 2684 intelligere
1560 2605 1667 2682 queat,

334 2721 376 2764 ex
398 2721 462 2787 quo
485 2699 519 2765 id
540 2698 663 2787 absque
684 2706 795 2765 nostra
816 2698 934 2764 iniuria
948 2698 1017 2763 fieri
1032 2721 1096 2764 non
1110 2699 1221 2786 possit,
1241 2697 1276 2764 id
1291 2698 1354 2765 sibi
1370 2701 1480 2787 vigore
1494 2697 1665 2764 foederum

335 2825 417 2890 quae
450 2801 543 2871 nobis
571 2825 611 2868 ac
645 2799 720 2868 Ser*
749 2801 819 2868 eius
847 2799 1063 2882 intercedunt,
1097 2825 1302 2892 nequaquem
1336 2802 1449 2887 licere,
1482 2803 1516 2869 in
1547 2802 1665 2892 quibus

337 2903 430 2970 Sem·
453 2905 521 2971 eius
545 2927 615 2970 sese
638 2925 791 2993 expresse
815 2903 971 2992 obligavit
986 2904 1073 2994 quod
1089 2903 1209 2970 dictum
1225 2915 1375 2994 nepotem
1390 2928 1483 2971 suum
1498 2905 1664 2994 quondam

333 3009 420 3092 regis
442 3009 578 3108 Joannip
600 3007 701 3073 filium
724 3008 811 3073 omni
834 3005 967 3074 consilio
991 3015 1023 3073 et
1050 3007 1170 3075 auxilio
1200 3007 1373 3075 destituere
1395 3033 1456 3076 nec
1477 3007 1544 3075 ullo
1568 3009 1662 3074 modo

333 3110 453 3178 directe
474 3111 528 3178 vel
549 3111 705 3178 indirecte
727 3133 786 3197 per
808 3133 842 3176 se
871 3109 924 3176 vel
950 3133 1009 3198 per
1036 3111 1116 3177 alios
1150 3113 1265 3202 quovis
1299 3113 1444 3200 quaesito
1473 3112 1583 3178 colore
1607 3135 1661 3178 seu

332 3224 503 3302 praetextu
524 3216 636 3280 iuvare
657 3213 745 3292 velit,
768 3215 836 3280 sive
857 3211 911 3279 ille
934 3225 991 3279 aut
1010 3213 1154 3281 homines
1177 3214 1261 3281 illius
1284 3216 1378 3282 nobis
1407 3215 1447 3281 de
1468 3213 1660 3303 Hungariae

331 3339 431 3406 regno
453 3317 575 3384 bellum
598 3339 728 3384 movere
751 3327 783 3382 et
812 3318 955 3383 excitare
988 3316 1103 3396 velint,
1138 3319 1206 3384 sive
1235 3317 1288 3384 ille
1316 3341 1438 3406 aequas
1467 3318 1658 3386 concordiae

332 3422 531 3490 conditiones
553 3444 612 3511 per
631 3443 691 3488 nos
713 3420 942 3509 proponendas
964 3420 1160 3487 refutaverit.
1184 3431 1216 3488 et
1238 3419 1299 3488 hoc
1314 3423 1351 3488 R.
1367 3421 1404 3488 Ο.
1420 3419 1657 3489 Warmiensem

330 3549 396 3592 non
417 3527 577 3613 ignorare,
601 3523 858 3612 siquidem’tunc
880 3521 934 3590 8⁰¹¹
953 3525 1040 3611 regis
1062 3523 1216 3591 Poloniae
1239 3534 1399 3592 oratorem
1412 3525 1501 3616 apud
1516 3549 1577 3591 nos
1593 3526 1656 3611 egit

332 3638 364 3694 et
390 3637 547 3694 tractatus
577 3626 649 3694 illos
678 3625 848 3693 nobiseum
869 3627 962 3693 inivit
984 3637 1017 3693 et
1043 3629 1176 3714 peregit.
1199 3629 1232 3694 in
1264 3651 1422 3694 summam
1450 3631 1533 3695 scire
1560 3629 1656 3696 debes

331 3733 417 3798 omni
444 3731 503 3797 tibi
531 3741 650 3796 conatu
679 3729 912 3796 elaborandum
940 3729 1028 3812 fore,
1064 3740 1099 3797 ut
1126 3732 1312 3818 pontificem
1341 3731 1382 3798 ab
1414 3732 1477 3799 hac
1499 3731 1655 3799 sententia

327 3855 512 3918 removeas,
534 3834 581 3898 ita
602 3839 637 3898 ut
659 3831 746 3899 clare
768 3831 927 3920 intelligat
953 3834 1102 3900 iuvenem
1125 3833 1215 3900 illum
1244 3837 1313 3902 sine
1335 3837 1532 3923 gravissima,
1548 3843 1654 3901 nostra

328 3937 503 4004 offensione
526 3937 642 4002 iniuria
664 3945 696 4002 et
716 3936 915 4023 praeiudicio
938 3935 982 4002 ad
1004 3937 1175 4004 concilium
1196 3941 1307 4006 vocari
1329 3963 1394 4006 non
1415 3963 1511 4027 posse
1527 3988 1534 4004 .
1552 3987 1584 4004 ..

427 4041 528 4106 Porro
551 4041 584 4104 in
606 4040 735 4128 negotio
756 4038 960 4106 restaurandi
995 4039 1290 4132 archiepiscopatus
1315 4042 1488 4130 Pragensis
1503 4049 1650 4130 expecte-

328 4143 434 4211 bimus
456 4143 683 4211 resolutionem
705 4143 758 4210 Sl·
782 4141 825 4228 S,
849 4144 909 4210 erit
929 4151 1038 4210 tamen
1060 4143 1202 4211 officium
1227 4155 1317 4212 tuum
1340 4145 1406 4211 ΒΜ
1429 4148 1498 4212 eius
1520 4154 1554 4212 et
1575 4143 1649 4210 alios

326 4270 463 4336 quorum
495 4237 647 4314 manibus¹
675 4270 727 4313 res
759 4247 958 4330 versabitur,
998 4249 1128 4335 saepius
1167 4247 1341 4316 admonere
1374 4274 1416 4316 ne
1449 4249 1522 4338 plus
1555 4245 1647 4314 nimio

329 4349 502 4436 differatur,
525 4361 623 4440 prout
643 4360 676 4416 te
698 4344 857 4418 facturum
879 4373 944 4416 non
966 4350 1169 4438 ambigimus.

426 4454 548 4521 Verum
570 4454 657 4543 quod
680 4463 806 4543 spectat
827 4452 871 4518 ad
892 4455 1064 4540 negocium
1087 4455 1215 4522 concilii
1243 4456 1303 4524 tibi
1325 4457 1463 4545 benigno
1486 4451 1645 4525 committi·

324 4578 412 4641 mus,
442 4567 478 4623 ut
499 4559 629 4646 quando
658 4557 919 4624 commoditatem
941 4567 1057 4625 nectus
1079 4557 1179 4624 fueris
1202 4559 1269 4626 8⁸⁸⁰
1292 4562 1362 4627 eius
1384 4559 1578 4650 alloquendi,
1600 4555 1636 4622 Sl

326 4661 394 4725 eius
416 4660 524 4728 verbis
546 4662 664 4728 nostris
685 4661 807 4728 reseras
828 4681 889 4726 nos
911 4681 1039 4747 semper
1060 4672 1244 4750 promptam
1273 4662 1472 4730 voluntatem
1500 4663 1642 4730 habuisse

326 4773 470 4830 oratores
492 4775 619 4832 nostros
641 4765 684 4830 ad
707 4763 878 4831 concilium
899 4763 1046 4829 mittendi
1069 4765 1103 4829 in
1124 4788 1227 4854 eaque
1250 4769 1409 4834 sententia
1442 4768 1536 4834 etiam
1564 4781 1642 4829 nunc

326 4867 498 4954 persistere
521 4868 668 4957 adeoque
690 4866 761 4934 illos
785 4866 962 4934 certissime
985 4867 1138 4934 missuros
1154 4891 1241 4956 esse;
1264 4871 1355 4936 cuius
1370 4891 1559 4959 progressus
1574 4885 1639 4930 cum

324 4969 481 5034 hactenus
503 4965 685 5038 retardatus
707 4971 811 5055 luerit,
834 4991 894 5035 nos
916 4993 1044 5058 quoque
1069 4972 1308 5060 expeditionem
1330 4973 1456 5041 illorum
1480 4971 1639 5045 distulisse,

325 5074 476 5160 quoniam
514 5074 542 5138 si
557 5087 561 5094 '
579 5074 662 5142 aliae
697 5077 845 5143 nationes
881 5074 1040 5139 neminem
1073 5077 1229 5144 missuras
1265 5088 1374 5144 essent
1402 5087 1435 5146 et
1463 5071 1639 5168 praesertim
