3460 5826
401 692 502 756 belian,
522 689 636 744 eundem
648 695 735 744 mttere
749 687 875 757 dissolbe,
894 689 955 744 ielis
973 689 1041 742 auch
1059 687 1208 743 derKaiser
1225 689 1268 742 die
1279 687 1366 760 Frage
1383 708 1436 744 von
1447 707 1543 744 nouem
1555 705 1667 759 aurugo,

402 777 463 828 dem
482 777 575 829 Concil
588 778 755 841 iiberleasen3
774 777 851 830 sollte
865 778 951 830 dieses
963 777 1034 828 daun
1045 775 1182 828 nochmals
1192 775 1247 828 ihm
1260 775 1302 828 die
1315 775 1401 828 Sache
1414 779 1554 842 mweiaeu,
1575 777 1668 829 elbora

401 865 565 928 peuserebbe
594 863 643 914 che
660 863 687 914 lo
706 863 799 930 spiritu
816 869 892 914 santo
910 863 936 914 lo
954 863 1136 928 inspirerebbe
1153 878 1171 913 ιι
1187 863 1243 913 iare
1261 862 1375 930 qualche
1394 879 1457 916 cosa
1476 864 1526 915 che
1544 863 1620 914 fusse
1637 865 1664 912 in

402 951 487 1014 gratia
505 949 538 1000 de
556 951 617 1000 tutti
636 954 663 1000 et
680 964 698 1000 a
716 951 899 1014 compiarensa
922 948 966 999 del
985 948 1062 1001 duca
1097 949 1147 998 Mit
1165 949 1263 1000 diesem
1282 948 1414 1000 Beacheid
1440 951 1522 1000 reiste
1541 949 1592 999 der
1611 949 1670 998 eine

400 1034 532 1086 bairische
552 1035 688 1086 Gesandte
700 1034 776 1085 Ende
789 1033 836 1084 dee
847 1035 953 1086 Moneta
965 1033 1044 1098 heim,
1062 1032 1187 1084 wihreud
1199 1034 1247 1085 der
1258 1033 1356 1085 andere
1368 1036 1398 1084 iu
1411 1033 1478 1086 Rom
1490 1035 1624 1086 verblieb.
1638 1060 1670 1069 -

399 1121 449 1171 Am
467 1123 498 1172 e1
518 1121 621 1172 Jauuar
638 1120 693 1172 trai
708 1120 755 1170 der
771 1119 825 1170 Abt
847 1135 900 1171 rou
918 1119 945 1170 S.
964 1119 1040 1174 Salut
1063 1119 1162 1170 wieder
1176 1120 1235 1183 ein3
1260 1135 1288 1170 er
1306 1119 1434 1171 meldete:
1461 1120 1669 1186 ilpsrlsmenro

400 1208 508 1257 insieme
527 1222 578 1257 con
596 1206 615 1257 il
633 1221 661 1256 re
679 1205 715 1256 ba
733 1221 861 1257 concesso
881 1205 906 1256 al
924 1219 995 1271 papa
1011 1205 1037 1256 le
1055 1205 1221 1270 preveutioui
1240 1211 1266 1255 et
1283 1205 1413 1270 l’annate,
1432 1208 1507 1257 aceio
1526 1220 1613 1272 possa
1624 1205 1670 1254 ιιι-

399 1308 462 1342 vere
479 1294 488 1341 i
506 1293 600 1356 40‚000
619 1291 696 1342 scudi
715 1291 843 1342 ch’erano
861 1293 890 1341 in
908 1305 986 1342 mano
1005 1291 1049 1341 del
1066 1291 1164 1357 legato,
1183 1290 1255 1356 quali
1272 1306 1327 1342 uon
1344 1291 1516 1342 havrebbono
1535 1306 1587 1356 per
1598 1289 1669 1340 altre

399 1379 444 1428 via
461 1381 554 1442 potuto
572 1377 670 1428 harere
690 1377 832 1442 (Prospero
850 1391 893 1427 um
912 1377 944 1426 13
956 1373 1095 1441 Februar).
1114 1375 1170 1426 Der
1182 1375 1266 1440 Pepet
1282 1375 1318 1425 iat
1332 1373 1400 1440 jetut
1416 1377 1503 1428 bereit
1519 1375 1595 1428 noch
1609 1376 1668 1425 eine

399 1462 505 1528 gleiche
523 1462 630 1513 Summe
657 1479 704 1513 sur
722 1461 878 1528 Veridguug
905 1477 938 1511 uu
956 1460 1058 1524 atellen,
1087 1461 1170 1512 demit
1193 1459 1240 1511 der
1266 1461 1349 1528 Krieg
1374 1463 1402 1512 iu
1426 1461 1596 1513 Frankreicb
1623 1463 1670 1510 mit

402 1549 480 1599 allam
499 1547 662 1599 Nachdmclr
678 1547 833 1614 icrtgesatut
848 1545 937 1597 werde
965 1545 1019 1596 und
1038 1545 1157 1596 dadurch
1175 1546 1245 1596 auch
1265 1547 1314 1597 das
1333 1547 1427 1599 concii
1445 1549 1610 1613 ilbertitissig
1628 1563 1669 1613 ge-

402 1634 493 1685 macht
505 1633 607 1696 werde;
630 1649 659 1684 er
670 1632 833 1698 beschditigt
850 1631 906 1682 sich
925 1630 1035 1682 deshalb
1054 1629 1153 1680 wieder
1165 1630 1242 1698 eiirig
1259 1635 1307 1682 mit
1318 1633 1369 1682 den
1387 1632 1531 1697 Finanren,
1549 1633 1600 1683 hat
1618 1648 1670 1682 ron

403 1719 528 1786 Bologns
548 1719 631 1770 sciron
655 1716 850 1782 reuerterunt
876 1721 1005 1783 zugesagt
1030 1715 1149 1768 erhslten
1172 1717 1228 1768 und
1251 1716 1317 1770 horr
1341 1717 1384 1768 die
1401 1717 1537 1769 fflnffache
1557 1719 1668 1769 Summe

399 1820 449 1856 aus
468 1804 520 1856 den
538 1803 638 1855 anderu
657 1804 788 1856 Gebieten
806 1803 1004 1870 auiaubringen.

893 2245 1155 2332 COXXXV.

535 2463 749 2540 Gutacbten
778 2463 850 2539 dee
879 2465 1058 2541 bischele
1085 2485 1161 2540 von
1190 2462 1460 2560 susurrorem

731 2615 927 2683 russorum,
945 2619 978 2670 ea
996 2616 1148 2670 semu„
1166 2618 1259 2672 reos.

847 2797 985 2852 Itonaeos.
1009 2795 1148 2869 Θήριιιαὶ.

432 2960 576 3025 Tametsi
598 2981 702 3045 nuper
724 2957 756 3024 S.
780 2957 840 3022 Mo.
863 2957 900 3024 O.
923 2959 1013 3022 iussu
1036 2965 1125 3024 certa
1147 2955 1307 3044 quaedam
1329 2956 1439 3044 capita
1459 2955 1504 3021 ad
1540 2953 1664 3022 concilii

331 3061 439 3127 utilem
462 3083 672 3148 progressum
695 3070 727 3125 et
748 3059 844 3125 finem
868 3079 998 3148 quoque
1020 3060 1215 3146 pertinentia
1237 3060 1421 3146 conscripta
1449 3057 1556 3123 eidem
1580 3057 1663 3124 exhi-

330 3164 470 3248 buerim,
504 3167 581 3253 quia
614 3173 722 3228 tamen
752 3163 859 3228 denuo
885 3162 954 3227 ΜΨ
979 3161 1011 3228 S.
1035 3160 1067 3228 S.
1096 3161 1230 3227 mandat
1256 3171 1292 3226 ut
1320 3161 1364 3226 ad
1386 3169 1489 3227 certos
1514 3158 1663 3226 articulos

331 3269 466 3333 eandem
489 3289 556 3333 rem
573 3276 804 3333 concernentes
819 3266 1045 3353 respondeam,
1067 3265 1181 3331 volens
1197 3263 1351 3331 mundato
1368 3261 1403 3329 S.
1417 3262 1478 3329 Mo.
1501 3261 1662 3327 humilime

330 3380 366 3436 ut
394 3370 496 3437 debeo
526 3370 750 3457 obtemperare
773 3368 816 3434 ud
844 3368 989 3454 singulos
1016 3368 1079 3435 hoc
1106 3367 1203 3435 modo
1231 3391 1275 3436 ex
1302 3376 1446 3455 tempore
1472 3363 1661 3452 respondeo.

431 3473 486 3540 Ad
508 3473 525 3537 Ι
546 3473 646 3560 igitur
673 3481 705 3538 et
727 3472 762 3536 ΙΙ
793 3470 946 3538 articulos
973 3472 1061 3538 idem
1092 3471 1166 3539 dico
1197 3472 1285 3560 quod
1312 3472 1346 3536 in
1372 3467 1428 3536 illo
1456 3491 1529 3536 meo
1559 3469 1661 3555 priore

331 3578 451 3664 scripto
479 3575 558 3659 disi,
581 3597 687 3663 neque
715 3575 758 3640 ab
785 3573 842 3640 illa
869 3597 943 3640 mea
970 3577 1078 3663 priore
1106 3577 1266 3642 sententia
1293 3575 1470 3640 etiamnum
1498 3571 1660 3637 discedere

329 3701 471 3767 possum.
487 3715 529 3724 -
545 3678 587 3743 ad
609 3678 660 3742 III
683 3677 756 3742 dico
779 3677 954 3744 admodum
978 3678 1197 3744 necessarium
1219 3675 1298 3742 mihi
1315 3675 1426 3758 videri,
1449 3683 1486 3739 ut
1507 3673 1574 3739 lim
1588 3672 1620 3739 S.
1632 3669 1660 3736 S.

329 3804 388 3868 per
409 3789 569 3847 oratorem
592 3802 686 3846 suum
709 3781 742 3846 in
764 3781 854 3847 Urbe
878 3790 1030 3868 agentem
1051 3789 1118 3846 tam
1142 3779 1230 3868 apud
1253 3799 1412 3844 summum
1433 3775 1618 3863 pontificem
1632 3781 1659 3837 et

332 3883 367 3950 O.
390 3883 623 3950 Bomomseum
646 3907 745 3971 quam
768 3883 857 3971 apud
879 3884 960 3950 alios
984 3884 1081 3950 etiam
1095 3883 1265 3970 primarios
1290 3879 1472 3947 cardinales
1497 3877 1660 3964 diligenter

330 3991 439 4075 urgeri
461 3997 494 4054 et
516 3986 682 4056 sollicitari
703 3987 810 4068 faciat,
835 4010 900 4076 quo
922 3986 1070 4074 patribus
1094 3985 1222 4052 concilii
1244 4007 1304 4050 sua
1317 3984 1451 4050 libertae
1465 3981 1658 4078 relinquatur

329 4113 434 4179 neque
456 4113 516 4178 pro
539 4091 674 4156 minima
696 4090 794 4156 etiam
822 4113 873 4175 re,
902 4091 949 4155 uti
976 4089 1134 4155 hactenus
1161 4088 1369 4170 factumest,
1398 4087 1432 4152 in
1453 4083 1577 4150 Urbem
1605 4083 1656 4146 ire

330 4193 539 4281 quentissime
562 4193 748 4276 cursitetur;
771 4192 858 4258 idem
878 4192 1008 4258 ridetur
1028 4189 1248 4256 mandendum
1272 4187 1454 4255 oratoribus
1476 4187 1510 4251 in
1532 4183 1656 4252 concilio

330 4297 520 4380 constitutis,
533 4305 570 4360 ut
582 4294 696 4362 eadem
709 4294 750 4361 de
761 4318 878 4361 recum
890 4295 932 4360 D.
945 4294 1061 4381 legatis
1074 4295 1157 4360 serio
1173 4299 1272 4380 agant
1286 4291 1531 4377 maiestatisque
1543 4287 1575 4354 S.
1583 4288 1656 4352 banc

330 4421 520 4487 expressam
540 4399 741 4466 voluntatem
770 4421 841 4465 esse
870 4407 982 4488 aperte
1010 4395 1075 4462 illis
1099 4395 1290 4484 significent.
1312 4429 1355 4441 -
1377 4392 1426 4458 IV
1447 4390 1601 4458 articulus
1621 4409 1654 4453 ex

329 4501 391 4567 hoc
412 4503 506 4568 tertio
528 4500 629 4568 fluere
646 4501 790 4588 videtum
818 4523 893 4571 nam
921 4523 1074 4588 magnam
1096 4508 1221 4587 purtem
1242 4495 1401 4565 libertatis
1423 4495 1553 4562 concilii
1574 4496 1654 4560 ineo

329 4606 467 4692 positam
489 4627 561 4672 esse
583 4605 743 4690 existimo,
766 4607 793 4672 si
816 4605 998 4672 oratoribus
1021 4604 1204 4691 principum
1227 4601 1261 4666 in
1282 4599 1423 4688 publicis
1445 4597 1652 4684 congregabo·

328 4708 424 4774 nibus
446 4717 555 4794 patres
578 4706 699 4794 alloqui
709 4709 958 4795 principumque
974 4727 1102 4773 suorum
1116 4705 1248 4791 negotia
1262 4701 1392 4791 publice
1406 4710 1549 4767 mactare
1564 4699 1652 4766 liceat

328 4833 440 4876 verum
463 4833 537 4876 cum
560 4811 686 4897 inipso
709 4811 813 4897 aperti
844 4809 971 4876 concilii
994 4807 1047 4875 die
1070 4807 1235 4874 decretum
1256 4807 1368 4888 luerit,
1398 4814 1435 4870 ut
1457 4803 1566 4870 omnia
1585 4811 1651 4866 trae

327 4914 428 4979 tanda
450 4913 509 4980 soli
532 4913 633 4999 legati
653 4922 846 5001 proponant,
869 4935 975 5002 neque
1003 4911 1065 4977 hoo
1088 4911 1252 4977 decretum
1274 4908 1416 4976 rescindi
1436 4927 1536 4994 posse
1557 4899 1649 4971 existi·

328 5037 420 5108 tuem,
444 5017 610 5085 crederem
631 5027 698 5084 tum
722 5016 807 5105 apud
830 5039 990 5082 summum
1016 5014 1200 5105 pontificem
1226 5023 1295 5081 tum
1323 5009 1411 5102 apud
1437 5009 1511 5076 R³⁶¹
1533 5007 1642 5096 legatos
