3468 5820
609 865 837 953 OOXLHI.

306 1087 413 1161 Thur
444 1087 519 1162 und
549 1083 781 1161 Draskorios
808 1104 854 1158 an
883 1083 955 1160 den
985 1081 1135 1175 Kaisar-3

533 1249 666 1313 Trient,
689 1249 728 1299 28
746 1248 836 1298 Mira
856 1248 945 1298 1563.

399 1431 533 1486 Romana.
558 1429 704 1500 Orfyicol,·
723 1428 755 1485 fa
776 1433 866 1499 terpo:
888 1429 931 1483 30
951 1427 1043 1482 Mun.

167 1609 220 1674 Da
241 1609 291 1676 bis
313 1633 371 1676 aur
393 1609 541 1676 Ankunft
562 1611 620 1677 der
640 1623 745 1676 neuen
774 1609 919 1696 Legaten
948 1608 1134 1694 wicbtigere
1158 1602 1387 1691 Gegenstttnde

71 1711 156 1777 nicht
180 1712 370 1779 verhandelt
392 1713 534 1795 werden,
568 1713 625 1779 hat
647 1713 716 1779 sich
739 1712 797 1779 der
825 1711 860 1778 0.
891 1733 955 1777 von
976 1711 1178 1796 Lotbringen
1205 1709 1263 1774 mit
1284 1706 1388 1774 vielon

71 1817 173 1884 seiner
194 1814 392 1882 Landslente
421 1816 506 1882 nach
534 1815 646 1882 Padua
668 1814 824 1902 begeben.
868 1813 963 1880 Anch
985 1813 1131 1880 mebrcre
1153 1809 1300 1878 italiscbe
1322 1808 1387 1876 und

70 1918 239 2005 spanische
261 1919 413 1986 Biscbbfe
435 1919 509 1986 sind
537 1941 595 1986 aur
616 1918 785 2004 Erbolung
812 1916 896 1984 nach
918 1915 1030 1984 Padua
1059 1914 1138 1984 oder
1158 1913 1308 2000 Venedig
1335 1936 1389 2001 ge·

9 2025 10 2108 f
69 2021 155 2086 rcist.
198 2021 263 2088 Die
285 2021 444 2089 Oratorcn
472 2033 647 2109 vermbgen
669 2019 930 2108 augenbliclrlicb
951 2021 1009 2086 mit
1031 2018 1103 2086 dem
1127 2016 1280 2085 Cardinal
1301 2017 1390 2083 nicht

68 2124 150 2190 tiber
171 2123 229 2190 das
252 2124 484 2212 Rttcksprache
506 2148 548 2190 an
568 2124 715 2209 nahmen,
739 2147 805 2190 was
827 2123 924 2190 ibnen
946 2133 1039 2190 unter
1060 2121 1132 2188 dem
1154 2122 1196 2188 23
1217 2120 1307 2186 Mttra
1323 2119 1389 2185 auf·

8 2261 10 2274 l

9 2237 10 2246 ’
67 2237 222 2314 goti-agan
245 2228 377 2294 worden
396 2230 448 2304 ist,
470 2227 613 2315 glauben
635 2227 717 2294 auch
733 2225 823 2294 nicht
837 2225 939 2292 durch
953 2224 1140 2292 brieflicbcn
1154 2223 1303 2290 Verkehr
1317 2243 1390 2289 aum

66 2329 157 2396 Ziele
178 2352 219 2396 zu
240 2329 402 2398 kcmmen.
437 2330 554 2397 Dieser
576 2331 707 2417 Vernug
734 2330 823 2396 kann
853 2329 935 2396 auch
967 2327 1056 2394 nicht
1078 2326 1229 2394 Schadsn
1251 2325 1390 2393 sondern

66 2432 145 2499 cher
164 2433 312 2500 Vortheil
335 2434 479 2522 bringen.
502 2433 577 2500 Wic
600 2433 698 2500 ihnen
720 2432 859 2500 namlich
881 2433 969 2498 Areo
992 2429 1152 2518 gemeldet
1174 2430 1245 2514 hat,
1274 2431 1316 2494 ist
1338 2428 1389 2494 die

65 2535 215 2602 Antwcrt
237 2537 295 2604 das
316 2537 452 2625 Papstes
475 2537 535 2603 auf
554 2537 612 2602 das
635 2535 813 2603 Schrciben
835 2557 911 2602 vom
934 2535 1059 2602 antas
1083 2532 1184 2600 sehon
1197 2539 1390 2618 unterwegs,

68 2661 101 2706 sc
131 2639 210 2706 dass
233 2639 291 2706 der
312 2641 430 2708 Kaisar
459 2639 544 2707 nach
567 2640 666 2706 deren
687 2639 850 2727 Empfang
881 2640 968 2704 seine
996 2640 1147 2704 ueiteren
1175 2635 1387 2702 Entschlttsse

67 2741 175 2808 fassen
196 2743 263 2808 und
284 2742 381 2810 ihnen
402 2742 579 2808 mittheilen
600 2743 699 2809 kann.
723 2740 845 2808 Sobald
867 2741 915 2806 als
937 2740 1078 2828 miiglich
1093 2739 1222 2806 werden
1238 2739 1285 2804 sie
1301 2737 1387 2805 iibri·

67 2868 145 2931 gens
169 2847 287 2912 wissen
308 2846 425 2930 lassen,
447 2869 515 2912 was
537 2845 590 2912 die
610 2846 798 2912 Francosen
819 2845 888 2911 und
903 2843 1040 2932 Spanier
1060 2844 1119 2910 auf
1130 2843 1183 2910 die
1198 2841 1318 2908 Schrift
1333 2841 1390 2907 der

8 2989 9 2992 =
67 2947 216 3036 Legaten
236 2972 312 3016 rom
336 2949 376 3014 16
397 2949 487 3014 Mare
510 2971 551 3014 uu
573 2948 750 3016 erwiedern
764 2948 881 3015 haben.

167 3051 237 3118 Nos
260 3054 395 3136 interim,
419 3053 569 3140 quoniam
594 3053 659 3118 M*
683 3053 723 3118 V.
747 3051 783 3118 Ο.
807 3061 949 3118 nostram
973 3072 1102 3140 quoque
1131 3051 1320 3116 sententiam
1341 3050 1390 3114 in·

66 3154 214 3243 telligere
235 3155 313 3240 vult,
336 3155 379 3221 ad
401 3157 527 3243 potiora
548 3157 656 3243 capita
677 3155 952 3243 respondebimus,
985 3154 1069 3220 unde
1091 3154 1157 3219 Mt·
1181 3153 1219 3218 V.
1242 3151 1274 3219 S.
1297 3151 1391 3239 plene

67 3268 251 3345 cognoscet,
274 3281 373 3345 penes
397 3282 477 3348 quos
499 3260 701 3347 potissimum
724 3261 827 3324 omnis
848 3281 932 3346 pene
955 3258 1049 3345 culpa
1071 3257 1212 3324 resideat
1225 3279 1330 3322 rerum
1354 3255 1387 3320 in

66 3360 126 3428 hoc
150 3360 287 3428 concilio
309 3385 478 3449 perperam
499 3372 673 3448 gestarum.
696 3361 751 3427 ubi
773 3362 839 3426 ΜΨ
868 3361 906 3426 V.
931 3363 966 3428 O.
990 3361 1083 3428 nobis
1106 3361 1280 3426 clementer
1301 3381 1387 3424 man·

65 3465 131 3549 dat,
157 3473 194 3528 ut
215 3463 360 3552 patribus
381 3475 531 3532 auctores
556 3466 654 3532 simus
676 3487 717 3529 ne
740 3466 987 3552 supervacaneis
1010 3473 1041 3530 et
1056 3464 1184 3528 minime
1196 3463 1388 3528 necessariis

66 3566 311 3654 quaestionibus
344 3577 471 3654 tempus
495 3566 683 3651 extrahant,
717 3566 751 3632 id
779 3589 838 3632 nos
869 3577 901 3632 et
930 3577 1026 3632 antea
1052 3567 1186 3632 fecimus
1209 3587 1336 3652 semper
1359 3575 1391 3632 et

65 3669 205 3757 posthae
227 3672 322 3738 etiam
344 3671 462 3738 facturi
484 3693 594 3738 sumus
618 3673 703 3737 omni
727 3670 895 3758 diligentia
917 3680 949 3736 et
970 3671 1093 3753 studio,
1124 3679 1157 3734 et
1177 3671 1211 3734 in
1234 3692 1271 3736 eo
1295 3671 1390 3756 inpri-

65 3777 125 3838 mis
163 3772 399 3840 elaborabimus
425 3797 466 3841 ne
497 3798 562 3860 qua
592 3798 691 3842 causa
717 3775 910 3862 praebeatur
940 3797 1023 3862 quae
1057 3773 1198 3839 salutare
1220 3783 1252 3837 et
1278 3795 1391 3840 neces·

66 3880 190 3944 sarium
211 3877 446 3944 reformationis
470 3903 551 3966 opus
573 3879 729 3967 impedire
752 3888 859 3966 queat.
883 3888 979 3966 atquc
1001 3879 1125 3944 utinam
1148 3878 1170 3942 ii
1193 3877 1250 3965 qui
1271 3875 1313 3942 ad
1329 3876 1393 3942 ola·

67 4005 144 4047 rum
168 3981 298 4065 sedent,
326 3993 437 4048 nostra
467 3993 499 4048 et
526 3984 662 4048 aliorum
691 3983 848 4049 bonorum
877 3993 909 4048 et
939 3984 1066 4071 piorum
1089 3983 1231 4048 virorum
1262 3979 1395 4046 consilia

68 4085 159 4150 initio
184 4083 391 4150 admisissent
411 4107 563 4173 nequesc
586 4087 768 4152 iustissimis
791 4085 974 4152 sanctorum
996 4087 1220 4172 episcoporum
1235 4085 1393 4170 petitioni-

68 4186 129 4254 bus
154 4190 391 4274 apposuissent,
415 4198 502 4254 certe
524 4211 611 4254 nuno
627 4191 722 4254 etiam
737 4191 879 4276 ipsorum
895 4187 1012 4254 iudicio
1027 4211 1093 4253 non
1107 4189 1152 4253 ita
1165 4187 1393 4252 laboraremus.

69 4291 127 4356 sed
151 4291 213 4356 hac
244 4290 284 4356 de
317 4315 353 4358 re
381 4293 414 4356 in
436 4315 591 4379 responso
626 4293 668 4358 ad
689 4292 732 4357 D.
760 4291 940 4379 legatorum
967 4291 1076 4358 literas
1103 4289 1229 4378 plenius
1251 4311 1394 4376 agemus.

70 4393 109 4458 de
137 4393 332 4460 residentiae
354 4394 549 4481 episcopalis
571 4395 707 4460 articulo
730 4395 858 4482 publice
880 4394 959 4460 nibil
981 4395 1088 4460 adhuc
1111 4403 1219 4460 actum
1241 4403 1290 4458 est
1311 4391 1395 4458 inter

70 4507 189 4582 patres.
222 4499 373 4582 privatim
403 4497 518 4564 saltem
539 4521 598 4564 nos
620 4521 685 4563 una
709 4521 779 4563 eum
808 4499 849 4564 D.
873 4498 908 4564 C.
938 4497 1136 4584 Lotharingo
1160 4506 1192 4562 et
1213 4497 1394 4583 principum

71 4600 252 4667 oratoribus
274 4611 308 4666 et
329 4602 406 4686 ipsis
429 4603 525 4668 etiam
555 4602 597 4666 D.
620 4602 735 4688 legatis
758 4601 905 4668 dedimus
936 4625 1067 4688 operam
1096 4611 1141 4680 ut,
1164 4598 1300 4664 sublatis
1323 4600 1391 4686 qui-

72 4701 211 4770 busdam
233 4702 341 4768 verbis
365 4727 407 4770 ex
428 4704 483 4770 illo
508 4705 637 4770 decreto
669 4705 756 4793 quod
779 4705 819 4770 D.
844 4705 879 4771 O.
902 4703 1120 4790 Lotharingns
1151 4725 1223 4768 cnm
1252 4703 1318 4766 suis
1340 4701 1393 4765 de·

71 4808 193 4891 putatis
216 4805 415 4886 confecerat,
439 4807 502 4874 alia
524 4807 684 4895 quaedam
707 4811 1001 4895 interponerentur,
1036 4829 1120 4894 quae
1140 4827 1298 4871 novarum
1321 4825 1394 4868 con·
1523 4812 1531 4828 ⁰

73 4908 250 4974 tentionem
272 4910 437 4974 materiam
461 4910 694 4996 praeciderent.
718 4911 977 4977 animadversum
999 4911 1084 4976 enim
1100 4919 1168 4975 erat
1183 4907 1261 4974 illud
1288 4905 1396 4972 decre-

74 5019 158 5094 tum,
187 5013 234 5078 ita
256 5020 409 5080 utentes
438 5023 628 5101 conceptum
650 5013 767 5089 fuerat.
797 5015 959 5104 plerisque
987 5036 1052 5082 non
1075 5013 1270 5080 satisfacere.
1300 5009 1396 5079 buius

123 5149 216 5196 ticket
228 5161 248 5194 a.
266 5149 292 5193 G.
305 5147 328 5192 d.
342 5146 433 5192 Concita
1193 5134 1225 5186 81
