3512 5838
1358 501 1419 565 551

94 690 190 756 huius
213 690 343 755 mensis
366 689 463 755 scribi
484 689 618 773 fecerat,
647 698 683 754 ut
713 691 740 754 is
768 689 874 754 medio
904 691 998 754 unius
1028 691 1162 754 oratoris
1190 688 1273 754 Galli
1294 692 1421 756 nomine

93 795 247 860 Ferrerei
273 817 347 860 cum
369 791 405 860 C.
428 794 626 880 Lotbaringo
651 793 691 859 de
714 792 933 880 abrumpendo
963 794 1098 859 concilio
1126 803 1250 878 ageret,
1284 794 1420 881 quodsi

91 897 195 962 abeo
221 898 463 984 impetraretur,
492 899 561 962 vita
582 898 683 984 ipsius
707 897 842 962 durante
870 896 1061 982 legationem
1090 921 1110 962 a
1134 897 1233 962 latere
1262 899 1294 962 in
1322 920 1421 983 regno

91 999 223 1066 Galliae
249 1023 326 1066 cum
348 1000 553 1087 amplissimis
574 999 782 1066 facultatibus
804 1000 844 1066 de
865 999 1040 1082 beneficiis,
1062 999 1248 1065 venditione
1263 1000 1420 1066 bonorum

89 1104 404 1186 ecclesiasticorum,
428 1103 529 1168 calice
551 1127 610 1190 pro
632 1103 722 1168 laicis
746 1113 778 1168 et
798 1103 943 1190 pluribus
973 1103 1129 1168 eiusmodi
1159 1101 1190 1167 S.
1214 1101 1263 1168 se.
1291 1103 1420 1168 nomine

87 1209 149 1294 ipsi
173 1209 344 1273 offerrent
367 1206 575 1295 promittebat
590 1209 686 1272 etism
700 1207 846 1294 pontifex
868 1230 902 1273 se
926 1217 1117 1290 curaturum,
1140 1216 1175 1271 ut
1194 1216 1419 1293 postmortem

87 1333 222 1400 quoque
249 1335 343 1376 suam
365 1313 435 1398 ipse
456 1310 675 1397 Lotharingus
698 1334 718 1375 a
740 1333 925 1378 successore
946 1311 1097 1398 pontifice
1131 1310 1171 1375 ab
1196 1334 1234 1376 ea
1264 1310 1419 1396 dignitate

86 1417 240 1482 amoveri
255 1438 323 1482 non
336 1415 449 1502 possit.
473 1437 512 1480 sc
536 1413 610 1479 dum
632 1411 847 1500 Lotban‘ngns
863 1438 883 1480 a
897 1414 1099 1481 Viterbienss
1114 1416 1323 1499 interrogaret
1343 1435 1419 1499 quo·

85 1517 186 1584 modo
212 1519 251 1584 id
282 1539 411 1582 cassare
440 1527 472 1584 et
494 1516 601 1583 cath*
622 1539 699 1603 rege
726 1540 791 1582 non
819 1517 1089 1582 consentientibus
1116 1517 1185 1582 fieri
1214 1525 1336 1604 posset,
1366 1515 1419 1582 ille
1531 1582 1535 1590 ,

86 1643 127 1686 ex
149 1621 374 1688 instructione
398 1643 494 1709 quarn
515 1619 630 1686 hebuit
661 1621 837 1707 respondit,
866 1622 989 1686 caesari
1013 1619 1208 1686 satisfactum
1230 1621 1285 1700 iri,
1319 1621 1346 1685 si
1375 1620 1418 1685 sd

86 1746 162 1789 eum
199 1747 281 1790 cum
302 1725 492 1790 necessariis
525 1722 731 1790 facultatibus
757 1724 884 1811 legatus
913 1723 953 1790 de
982 1722 1080 1790 latere
1107 1726 1250 1789 mittatur
1277 1725 1331 1812 qui
1358 1747 1417 1811 pro

84 1837 164 1893 voto
180 1827 252 1892 MV
276 1827 312 1895 Ο.
335 1829 442 1895 omnis
470 1829 506 1895 iu
532 1829 666 1915 imperio
693 1828 802 1914 regnis
831 1836 863 1894 et
888 1829 1062 1915 provinciis
1083 1827 1144 1893 Μὶίι
1166 1827 1198 1892 S.
1222 1827 1416 1912 institueret,

87 1927 213 1996 Catbffl'
241 1941 349 1998 autem
371 1955 430 1998 rex
451 1941 620 1998 contentus
643 1940 728 1996 esset
749 1931 884 2014 firturus,
914 1932 941 1996 si
970 1931 1079 1996 omnia
1105 1952 1143 1997 ea
1172 1929 1234 1996 sibi
1263 1931 1417 1998 concede·

83 2044 201 2099 rentur
226 2057 313 2122 quse
335 2057 355 2100 a
377 2033 409 2100 S.
432 2033 476 2100 δ”
502 2043 569 2099 tam
591 2056 649 2120 pro
670 2033 853 2099 triremibus
876 2055 972 2122 quum
995 2032 1065 2099 eliis
1087 2035 1152 2098 suis
1173 2033 1416 2099 necessitatibus

83 2138 178 2222 petit.
203 2137 272 2204 hoc
293 2141 399 2226 ipsum
417 2137 563 2225 reginam
584 2137 742 2205 Francius
764 2147 796 2202 et
810 2147 953 2202 oratores
968 2135 1060 2202 Chr*
1081 2137 1167 2222 regis
1189 2135 1244 2222 qui
1266 2135 1319 2202 bic
1342 2147 1416 2202 sunt

84 2239 149 2306 sibi
173 2242 321 2307 suasisse
336 2240 517 2324 affirmavit,
541 2241 683 2306 contenti
705 2262 742 2305 eo
766 2239 852 2328 quod
873 2239 1020 2306 viderent
1041 2262 1075 2305 se
1098 2239 1233 2305 alterum
1256 2241 1415 2328 quendam

84 2343 280 2427 pontificem
302 2347 336 2409 in
358 2342 473 2410 Galliis
494 2341 669 2410 habituros.
694 2367 804 2410 verum
827 2365 900 2410 cum
927 2343 969 2409 D.
991 2342 1207 2430 Lotharingns
1234 2343 1359 2410 videret
1381 2343 1415 2408 id

84 2447 156 2514 sine
189 2449 313 2516 Christi
342 2458 375 2513 et
401 2446 593 2514 universalis
621 2446 777 2514 ecclesiae
809 2447 991 2533 proditione
1024 2469 1166 2534 suaeque
1201 2447 1414 2513 conscientiae

85 2553 289 2635 gravissima
324 2551 499 2618 offensione
538 2573 574 2616 se
616 2550 724 2615 fecere
759 2573 824 2615 non
861 2571 970 2635 posse,
1014 2549 1200 2636 dignitatem
1240 2549 1301 2614 sibi
1340 2572 1413 2615 cum

85 2655 283 2720 muneribus
319 2653 460 2721 oblatam
499 2652 586 2741 quod
623 2653 805 2718 refutasset
849 2651 883 2717 id
916 2673 987 2718 cum
1024 2651 1236 2717 intellexisset
1269 2654 1415 2739 pontifex

86 2757 294 2846 vidissetque
326 2757 390 2824 bac
421 2758 475 2823 via
508 2755 635 2824 concilii
663 2755 903 2822 dissolutionem
936 2756 1047 2843 perfici
1079 2778 1142 2821 non
1174 2777 1284 2842 posse,
1318 2755 1413 2822 sliam

84 2859 259 2948 ingressus
291 2883 378 2928 nunc
411 2861 517 2927 medio
548 2859 651 2927 cath*
686 2861 772 2946 regis
805 2860 939 2926 oratoris
966 2868 1001 2924 ut
1029 2861 1212 2946 scripsimus
1244 2857 1412 2924 concilium

87 2963 289 3052 abrumpere
328 2974 512 3048 conaretur,
553 2987 595 3028 ne
632 2963 733 3029 multa
764 2962 851 3030 bons
879 2963 922 3028 ud
950 2962 1206 3030 reformationem
1235 2962 1413 3048 spectantia

87 3089 173 3153 quse
205 3069 270 3132 iam
307 3068 373 3134 fere
400 3089 478 3154 prae
506 3068 654 3134 manibus
681 3067 836 3132 habemus
866 3089 906 3132 ex
932 3065 995 3131 boc
1025 3065 1159 3132 concilio
1188 3067 1220 3129 in
1247 3065 1410 3151 publicum

86 3170 258 3254 prodeunt.
295 3171 405 3258 itaque
435 3172 562 3256 rogavit
594 3191 653 3234 nos
687 3191 887 3256 summopere
920 3179 955 3233 ut
986 3169 1066 3234 baec
1094 3168 1135 3232 ad
1167 3167 1241 3231 Ma„
1274 3167 1313 3233 V.
1340 3192 1410 3256 per·

88 3272 282 3349 scribamus,
305 3272 410 3339 ethic
433 3273 580 3339 omnibus
602 3271 723 3337 viribus
747 3271 928 3337 adnitamur
949 3281 984 3336 ut
1007 3291 1112 3337 comes
1129 3270 1169 3335 de
1183 3269 1277 3336 Luna
1291 3273 1323 3336 in
1337 3297 1412 3361 pro·

90 3376 183 3442 xima
207 3377 349 3442 sessione
371 3375 495 3464 aliquas
517 3375 627 3440 turbas
649 3399 712 3440 non
737 3377 864 3458 excitet,
899 3374 957 3440 sed
989 3374 1048 3440 snb
1079 3373 1175 3440 finem
1197 3376 1280 3439 sacri
1301 3375 1343 3440 ad
1364 3379 1411 3465 ip·

91 3499 164 3544 sam
188 3481 364 3546 sessionem
385 3481 504 3546 veniat.
527 3479 652 3544 interim
676 3486 783 3544 autem
805 3479 849 3544 ad
869 3500 978 3565 regem
1001 3475 1127 3544 Orthe*
1149 3477 1288 3544 scribere
1310 3482 1411 3566 possit

89 3591 122 3646 et
146 3585 268 3650 rescire
291 3582 369 3670 quid
391 3582 529 3669 amplius
551 3583 585 3646 in
612 3583 658 3646 eis
679 3581 776 3647 rebus
797 3581 843 3646 illi
873 3583 915 3646 sit
936 3581 1113 3667 egendum,
1142 3581 1410 3668 quemadmodum

90 3681 212 3750 Gallici
235 3695 378 3752 oratores
401 3687 442 3751 sd
464 3686 608 3772 reginam
632 3705 760 3773 qnoque
783 3685 933 3771 scripturi
956 3693 1075 3768 essent,
1103 3693 1139 3749 ut
1165 3686 1325 3774 principes
1346 3689 1408 3775 ipsi

88 3785 176 3853 inter
199 3811 233 3854 se
256 3789 398 3877 aliquem
420 3789 624 3854 concordiam
653 3791 768 3854 inirent
793 3811 897 3876 neque
919 3789 1003 3854 hanc
1026 3810 1225 3854 communem
1255 3789 1410 3856 ecclesiae

89 3889 260 3958 utilitatem
281 3892 456 3958 turberent.
488 3890 660 3958 obtulimus
682 3915 741 3957 nos
763 3890 825 3958 hoc
847 3901 1027 3974 curaturos,
1056 3901 1088 3958 et
1109 3915 1193 3957 nunc
1215 3893 1344 3960 demum
1367 3917 1408 3960 ex

90 3995 199 4061 animo
221 3995 255 4061 id
277 3996 377 4060 simam
399 3997 524 4078 facturi,
555 4019 627 4061 cum
649 3995 756 4060 studia
783 3994 938 4060 eiusmodi
967 3995 1165 4062 clandestina
1191 3998 1225 4062 in
1254 3999 1408 4065 ecclcsiae

89 4099 188 4163 totius
212 4099 398 4164 scandulum
422 4107 454 4165 et
475 4098 706 4186 propemodum
730 4109 906 4164 extremam
933 4101 1059 4165 ruinam
1081 4101 1246 4166 tendentia
1274 4125 1406 4189 cognos-

90 4219 211 4265 camus.
235 4200 438 4268 nihilominus
462 4223 558 4288 super
580 4202 630 4267 his
652 4201 800 4267 omuibus
822 4200 919 4268 rebus
947 4205 1144 4290 gravissimis
1167 4204 1345 4270 uberiorem
1368 4229 1407 4272 sc

92 4300 229 4369 celerem
252 4327 271 4368 a
294 4304 332 4369 V.
356 4303 389 4370 S.
412 4303 467 4368 Μ’·
489 4305 744 4370 informationem
774 4315 990 4392 expectamus.
1024 4307 1213 4394 significavit
1240 4319 1406 4395 praeterea

89 4404 182 4472 nobis
205 4405 289 4472 idem
313 4405 353 4470 D.
370 4407 541 4472 cardinalis
563 4429 597 4472 se
619 4407 807 4495 propediem
827 4407 968 4475 nobilem
984 4409 1142 4498 quendam
1164 4412 1218 4498 qui
1239 4435 1342 4499 nuper
1364 4437 1405 4478 ex

91 4503 207 4574 Galliis
228 4509 292 4575 buc
313 4511 402 4577 venit
423 4509 466 4576 sd
488 4511 520 4576 S.
543 4510 582 4575 V.
604 4511 680 4576 Man
702 4512 926 4599 expediturum
948 4535 1083 4602 eumque
1105 4523 1231 4600 gramm
1253 4517 1405 4582 nuncium

90 4611 139 4678 Mo
160 4615 201 4681 V.
224 4615 265 4681 de
286 4617 397 4702 regina
420 4615 547 4682 Scotiae
568 4616 737 4682 allaturum
760 4639 830 4684 esse
845 4666 852 4681 .
869 4667 901 4683 ..

225 4803 276 4854 Die
295 4803 425 4855 Oratores
448 4804 559 4856 sandten
581 4819 624 4856 am
642 4805 763 4873 gleicben
786 4808 860 4874 'l'sge
882 4807 937 4858 nnd
954 4811 982 4858 in
999 4808 1065 4859 aller
1086 4809 1168 4874 Hast,
1194 4813 1243 4862 wie
1270 4811 1317 4862 das
1335 4812 1404 4863 anch

159 4887 205 4938 der
228 4889 383 4939 fehlsrbufte
402 4889 450 4940 Stil
467 4890 586 4954 verrttth,
606 4892 660 4942 drei
684 4892 771 4943 Brisfe
794 4908 828 4943 un
853 4895 903 4945 den
925 4894 1019 4945 Kaiser
1041 4893 1083 4947 ab.
1109 4896 1169 4946 Den
1191 4895 1289 4948 uuletst
1311 4899 1402 4962 mitge-

157 4973 268 5025 theiltsn
285 4975 357 5025 butte
375 4977 441 5026 Brus
461 4976 636 5044 eigenbitndig
653 4977 839 5045 geschriebem
862 4980 904 5031 die
927 4980 1021 5031 beiden
1039 4981 1137 5032 andern
1156 4981 1202 5033 der
1219 4983 1338 5033 Secrstttr
1356 4983 1403 5034 der

158 5059 316 5113 Gessudten.
334 5061 389 5112 Der
407 5064 465 5114 sine
483 5063 530 5113 der
547 5064 656 5114 lstatern
673 5064 782 5116 hundelt
798 5065 1010 5117 ausscblr'ssslicb
1032 5083 1085 5119 von
1108 5067 1167 5119 dem
1184 5067 1285 5120 Vorfall
1308 5085 1349 5121 am
1367 5070 1400 5121 29
