3498 5818
96 647 207 712 concilii
229 647 346 716 litteris
369 659 401 714 et
422 650 549 714 nunciis
565 657 639 714 acta
655 659 737 731 sunt,
761 648 891 714 abunde
908 671 1103 736 cognoscere
1117 649 1261 735 potuisse
1277 656 1411 734 quantos

94 774 157 836 pere
177 752 249 816 Mm
275 751 308 818 S.
334 751 369 818 C.
392 751 455 818 hoc
489 751 690 838 praeclarum
714 759 745 818 et
768 751 896 818 salubre
919 754 976 817 toti
998 750 1196 838 reipublicae
1220 750 1413 816 christianae

93 856 260 920 instititum
292 854 476 922 celebrandi
506 853 677 920 concilium
705 854 856 940 generale
879 865 911 920 et
933 855 1173 921 oecumenicum
1197 876 1324 940 semper
1346 851 1413 916 lan-

92 957 205 1021 daverit
228 968 262 1022 et
288 957 572 1039 commendaverit,
602 956 851 1044 quodquidam,
877 957 1148 1044 quemadmodum
1170 957 1241 1020 Me·
1262 954 1295 1020 S.
1319 955 1355 1022 Ο.
1380 978 1414 1020 se

91 1058 240 1124 iacturam
261 1062 450 1148 saepissime
472 1061 611 1145 recepit,
642 1061 817 1126 etiamnum
838 1082 897 1147 pro
921 1060 1005 1126 virili
1028 1083 1087 1126 sua
1108 1069 1201 1146 parte
1223 1081 1415 1146 promovere

92 1165 181 1248 cupit,
218 1163 397 1230 dnmmodo
427 1187 479 1230 rea
508 1167 554 1230 ito.
587 1165 771 1228 instituatur
800 1173 836 1228 ut
859 1172 1001 1250 optatum
1025 1164 1100 1229 inde
1122 1163 1261 1229 finctum
1284 1185 1415 1249 sperare

91 1264 188 1348 liceat,
223 1291 270 1333 ne
291 1268 374 1334 forte
401 1270 568 1354 graviores
599 1267 781 1334 discordiae
805 1289 844 1332 ac
866 1265 980 1332 turbae
1002 1267 1078 1332 inde
1100 1267 1252 1332 oriantur.
1276 1267 1414 1354 ideoque

91 1368 147 1432 Mes
169 1367 203 1436 S.
229 1369 268 1436 C.
292 1393 358 1436 non
381 1372 595 1456 praetermisit
618 1369 803 1436 commodas
824 1381 857 1435 et
877 1370 1011 1436 idoneas
1025 1372 1166 1436 rationes
1185 1380 1217 1434 et
1231 1370 1301 1434 vias
1317 1392 1414 1456 qnae-

91 1493 148 1536 rere
171 1472 294 1558 quibus
318 1472 447 1539 ordines
476 1483 508 1538 et
537 1482 640 1538 status
664 1472 696 1537 S.
720 1472 756 1537 R.
781 1475 906 1560 imperii
929 1472 1156 1560 Augustanam
1180 1473 1414 1539 confessionem

91 1575 270 1658 profitentes
304 1575 347 1640 ad
380 1576 632 1662 comparendum
660 1578 694 1640 in
728 1575 864 1643 concilio
898 1577 1128 1643 inducerentur
1162 1586 1228 1658 aut,
1263 1579 1290 1640 si
1311 1575 1358 1640 illi
1381 1575 1415 1640 id

91 1689 282 1762 recusarent,
305 1679 419 1745 saltem
442 1677 609 1745 catholicis
632 1689 803 1744 caveretur
825 1680 913 1766 quod
934 1681 997 1766 ipsi
1021 1681 1090 1746 sine
1111 1678 1256 1767 periculo
1280 1679 1325 1743 ad
1340 1701 1413 1744 con·

92 1779 188 1846 cilium
218 1782 378 1848 accedere
404 1792 551 1869 possent,
586 1785 619 1848 in
650 1805 715 1870 qua
749 1785 943 1870 cogitatione
966 1793 998 1849 st
1020 1807 1099 1849 cura
1122 1805 1244 1848 summe
1266 1782 1412 1869 profecto

91 1886 269 1950 necessaria
290 1885 358 1950 ΜΨ
381 1883 414 1950 S.
438 1885 474 1952 O.
497 1886 606 1952 adbuc
628 1879 748 1952 sedulo
764 1896 921 1969 versatur,
945 1886 1209 1974 quandoquidem
1225 1885 1297 1951 ΒΜ·
1314 1885 1357 1952 D.
1374 1885 1414 1950 N.

93 2007 129 2050 ex
159 1987 348 2076 aliquorum
381 1987 556 2054 electorum
592 1999 624 2054 et
656 1989 837 2074 principum
873 1988 1102 2055 catholicorum
1136 2011 1291 2077 responso
1326 1988 1415 2078 quod

93 2087 138 2154 Sl·
164 2089 197 2156 S.
221 2093 353 2158 nunciis
375 2092 417 2158 ad
439 2115 495 2158 eos
517 2092 622 2158 missis
639 2091 806 2173 dederunt,
830 2091 917 2158 haud
934 2092 1071 2159 obscure
1087 2114 1284 2178 cognoscere
1298 2094 1415 2179 potuit,

91 2215 179 2278 qnam
201 2217 308 2282 grave
329 2194 391 2260 illis
415 2205 447 2262 et
469 2192 613 2262 ecclesiis
636 2193 763 2260 illorum
786 2195 970 2280 periculum
992 2195 1177 2262 adeundum
1193 2196 1284 2280 foret,
1309 2198 1336 2262 si
1350 2195 1417 2262 lon·

92 2297 155 2380 gn'us
178 2319 198 2364 a
221 2298 344 2364 ditione
367 2321 427 2364 sua
449 2298 492 2364 ad
515 2297 686 2366 concilium
709 2298 919 2382 excederent,
949 2300 1138 2386 prinsquam
1161 2298 1223 2364 illis
1247 2300 1289 2366 ab
1313 2299 1418 2389 altera¹

91 2409 174 2482 parte
197 2413 331 2468 cautum
354 2403 403 2468 sit.
426 2403 553 2468 interim
576 2413 682 2468 autem
705 2402 773 2468 ΜΝ
796 2401 828 2468 S.
853 2402 889 2469 C.
905 2404 938 2468 in
952 2401 1090 2490 reliquis
1101 2405 1198 2469 etiarn
1210 2403 1289 2468 nihil
1305 2426 1416 2469 sorum

93 2501 228 2588 neglexit
251 2528 335 2592 quae
358 2507 411 2570 Mo
444 2503 476 2570 S.
501 2505 536 2572 C.
560 2527 619 2592 pro
642 2507 766 2570 ratione
788 2507 929 2572 muneris
952 2508 1000 2570 sui
1024 2509 1166 2572 caesarei
1189 2517 1345 2594 tanquam
1368 2529 1417 2571 sn·

94 2626 195 2688 premo
225 2620 261 2676 et
295 2608 453 2676 catholico
483 2609 648 2676 christiani
682 2609 768 2676 orbis
797 2612 935 2697 principi
968 2613 1001 2676 in
1029 2610 1091 2677 hoc
1120 2610 1251 2698 publico
1279 2611 1416 2697 negocio

95 2707 297 2796 incumbunt,
331 2713 478 2801 adeoque
501 2715 564 2780 iam
587 2713 712 2800 pridem
737 2713 920 2800 designavit
941 2716 1028 2780 viros
1050 2714 1245 2780 authoritate
1268 2712 1417 2779 doctrina

96 2821 121 2874 et
140 2817 262 2900 pietate
283 2826 486 2904 praestantes
510 2839 646 2904 quorum
669 2839 768 2903 opera
783 2819 816 2882 in
832 2817 894 2883 hoc
909 2818 1045 2884 concilio
1060 2828 1178 2903 utatur,
1203 2841 1283 2906 qnos
1300 2820 1411 2906 utique

95 2911 153 2978 Μιιι
175 2917 209 2986 S.
234 2919 271 2985 O.
295 2923 533 3008 quamprimum
562 2921 631 2987 fieri
653 2923 774 3007 poterit
794 2920 881 2987 haud
904 2924 1065 3008 gravatim
1086 2922 1277 2988 Tridentum
1303 2923 1418 3004 mittet,

96 3025 122 3080 st
140 3026 206 3086 turn
230 3022 338 3090 offimo
354 3045 412 3090 suo
428 3046 580 3090 caesareo
596 3034 665 3090 tum
681 3025 841 3090 communi
856 3026 1041 3090 necessitati
1057 3023 1197 3091 afflictae
1217 3023 1417 3112 reipublicae

96 3119 171 3188 nullo
195 3124 269 3192 loco
290 3137 348 3192 aut
369 3137 513 3214 tempore
536 3127 648 3194 deerit.

185 3228 318 3296 Accidit
337 3239 446 3298 numm
468 3231 521 3297 Mn
539 3230 571 3297 S.
595 3231 631 3298 G.
653 3233 872 3318 gratissimum
895 3232 983 3318 quod
1006 3230 1078 3298 ΒΜ·
1101 3231 1143 3296 D.
1167 3232 1206 3296 N.
1223 3233 1315 3296 iuxta
1332 3232 1417 3297 desi·

96 3321 210 3398 derium
233 3333 300 3398 Ml·
318 3331 351 3400 S.
369 3332 406 3400 O.
422 3333 562 3422 benigne
578 3357 617 3400 ac
631 3345 766 3422 paterno
781 3334 982 3421 polliceatur,
999 3359 1072 3402 cum
1089 3333 1129 3400 S¹¹
1151 3333 1183 3400 S.
1200 3345 1417 3422 opportunum

96 3437 366 3502 antecessoriam
388 3437 561 3522 videbitur,
586 3461 621 3505 se
643 3441 747 3526 ipsam
771 3461 901 3527 quoque
924 3462 998 3504 curn
1020 3440 1172 3504 universo
1194 3438 1232 3502 R.
1246 3437 1289 3502 D.
1313 3438 1416 3502 cardi·

95 3531 206 3604 nulium
230 3537 366 3627 collegio
389 3541 432 3607 ad
454 3542 625 3608 concilium
647 3543 876 3631 profecturam,
900 3545 1052 3630 quoniam
1068 3543 1197 3608 omnino
1215 3541 1414 3608 credendum

96 3644 138 3700 ast
157 3637 211 3704 8²¹·
239 3639 271 3707 S.
294 3646 510 3730 praesentiam
532 3645 630 3711 rebus
653 3644 780 3712 concilii
802 3668 867 3711 non
890 3646 994 3711 solum
1015 3669 1167 3732 magnam
1190 3647 1415 3712 auctoritatem

96 3757 129 3802 ὅθ
148 3740 338 3829 dignitatem
360 3747 619 3832 conciliaturam,
650 3771 727 3816 vero
751 3751 848 3814 etiam
870 3773 1028 3815 summam
1051 3749 1223 3816 utilitatem
1245 3747 1415 3814 allaturam

97 3861 165 3910 esse.
193 3849 228 3914 in
257 3863 396 3938 eumque
419 3861 570 3918 eventum
592 3853 664 3932 ppo
687 3852 718 3918 S.
742 3853 788 3937 C,
811 3854 858 3919 uti
880 3863 978 3919 antea
999 3853 1042 3919 So
1068 3855 1138 3920 cius
1158 3854 1321 3940 promisit,
1352 3873 1417 3918 non

97 3947 182 4016 modo
212 3949 428 4040 Ocnipontem
457 3977 561 4042 usquc
590 3956 826 4040 proficiscetur,
862 3957 919 4021 sed
953 3956 1177 4022 Tridentinum
1200 3978 1330 4043 quoque
1354 3954 1416 4021 deo

98 4053 232 4137 propicio
254 4058 365 4122 venire
387 4081 451 4124 non
473 4057 672 4144 gravabitur.

190 4158 246 4225 Sic
274 4182 402 4248 quoque
425 4161 494 4226 ΜΝ
517 4159 551 4227 S.
574 4161 610 4228 O.
634 4147 820 4250 cumprimis
848 4160 961 4228 laudat
982 4163 1162 4228 institutum
1184 4161 1238 4227 8⁸¹⁵
1269 4159 1302 4227 S.
1325 4163 1414 4247 pium

100 4265 126 4322 a
144 4264 298 4349 optimum
327 4265 389 4350 ipsi
422 4263 559 4331 concilio
593 4287 719 4331 omnem
749 4269 814 4333 vim
837 4275 870 4330 et
893 4268 1115 4358 auctoritatem
1139 4265 1319 4347 tribuendi,
1341 4289 1416 4330 nam

99 4355 157 4424 Ma·
189 4365 222 4432 S.
257 4365 293 4433 O.
328 4379 438 4436 censet
470 4389 510 4434 ea
542 4370 666 4436 ratione
707 4371 804 4436 statui
837 4379 936 4456 atque
977 4367 1186 4435 incolumitati
1221 4367 1417 4435 christianae

99 4465 285 4552 reipublicae
307 4473 485 4540 rectissime
509 4472 631 4540 consuli
655 4495 759 4560 posse.

188 4574 288 4641 Porro
316 4575 405 4661 quod
427 4575 484 4641 82¹³
508 4577 576 4641 eius
605 4577 805 4642 constituerit
831 4577 914 4642 inter
944 4576 1025 4642 alios
1048 4577 1231 4644 saeculares
1253 4578 1415 4664 principes

101 4669 273 4744 lioscoviae
297 4700 428 4766 quoque
449 4679 564 4744 ducem
587 4679 630 4744 ad
653 4679 823 4746 concilium
845 4701 904 4766 per
926 4679 1049 4744 litteras
1065 4689 1097 4745 et
1110 4681 1264 4746 nuncium
1278 4681 1415 4744 invitare

106 4773 190 4865 idque
211 4803 254 4848 cx
275 4803 312 4846 re
334 4781 410 4848 fidei
438 4782 631 4848 christianae
658 4783 799 4848 futurum
823 4792 929 4869 putat,
963 4806 1027 4848 non
1049 4793 1100 4848 est
1122 4783 1210 4870 quod
1231 4782 1299 4847 ΜΝ
1323 4781 1354 4848 S.
1379 4781 1415 4848 Ο.

103 4898 161 4948 sese
182 4884 257 4950 hnic
280 4883 500 4952 deliberationi
524 4885 576 4952 Sl·
599 4885 632 4952 S.
656 4897 815 4973 opponat;
849 4886 908 4951 sed
929 4887 962 4951 in
978 4909 1016 4951 eo
1039 4887 1128 4973 quod
1147 4885 1212 4952 Μή*
1235 4885 1268 4951 S.
1284 4885 1416 4951 arbitrio

104 4989 296 5071 permittitur,
332 4998 439 5055 utrum
467 4990 504 5054 R.
527 4989 570 5054 D.
600 4991 771 5076 episcopus
802 4989 974 5055 Pharansis
1006 4987 1058 5054 vel
1079 4989 1121 5053 D.
1152 4989 1316 5056 Cauchius
1344 5009 1415 5053 eam

1154 5110 1208 5160 1³*
