3468 5820
314 511 378 578 tto

378 705 405 754 iu
424 705 507 771 ipsius
526 704 631 756 concilii
649 709 710 758 ecta
728 701 882 756 referentur.
899 703 1010 754 interest
1027 708 1115 754 autern
1133 701 1188 753 Me·
1205 702 1232 754 Β.
1252 701 1283 754 (i.
1306 702 1424 767 inprimis
1446 705 1477 751 ut
1498 705 1633 768 postorita

379 791 518 859 intelligat,
536 793 583 845 iiia
599 795 682 845 verba
699 795 905 860 proponentibus
921 791 1016 860 legatis
1034 809 1086 844 nou
1104 809 1164 844 eum
1183 809 1287 844 sensum
1305 792 1405 845 habere
1421 797 1452 842 ut
1468 795 1593 860 patribus
1605 811 1645 846 re-

378 882 456 947 gibus
474 898 506 932 ac
523 883 684 949 principibus
703 885 899 949 praeiudicatur
915 888 961 934 aut
978 883 1012 936 ab
1030 884 1068 934 eis
1085 883 1171 934 libera
1187 884 1352 950 proponendi
1369 883 1483 935 iacuitas
1502 885 1645 935 abiudica-

377 973 429 1032 tur,
447 969 494 1020 sed
505 970 556 1020 bac
573 969 666 1021 eadem
684 971 718 1022 de
735 987 763 1022 re
781 973 834 1022 iam
852 976 930 1022 autea
943 973 1051 1037 copiose
1063 973 1141 1022 etiam
1155 987 1187 1021 ex
1199 973 1232 1024 D.
1243 971 1395 1038 Imtharing'
1407 975 1543 1023 sententia
1563 973 1645 1036 serip-

377 1057 466 1110 simus.
492 1056 516 1105 V
534 1058 555 1106 si
573 1061 647 1108 tanta
665 1063 735 1108 esset
753 1057 929 1110 concludendi
953 1063 1052 1126 quauta
1074 1063 1113 1110 est
1136 1059 1242 1110 dicendi
1265 1059 1379 1110 facultas
1396 1061 1423 1110 in
1441 1058 1492 1110 hoc
1513 1060 1645 1122 concilio,

379 1156 443 1192 sane
461 1141 526 1192 nibil
545 1147 615 1193 esset
631 1159 741 1194 necesso
758 1145 872 1196 subinde
889 1145 998 1196 Romam
1021 1149 1156 1212 tamquam
1174 1145 1340 1212 adpetenda
1364 1147 1472 1197 oracula
1489 1163 1646 1208 recurrere3

378 1231 487 1282 libertas
505 1232 609 1298 quidem
627 1233 732 1285 dicendi
749 1237 825 1284 tenta
842 1238 882 1284 est
899 1239 930 1284 ut
946 1233 1030 1284 maior
1047 1247 1105 1284 esee
1122 1249 1175 1284 non
1193 1236 1283 1300 possit.
1302 1235 1340 1284 VI
1357 1234 1446 1286 multis
1463 1233 1646 1285 incommodis

379 1332 448 1384 quae
466 1334 499 1369 ιι
516 1319 699 1386 suffragiorum
716 1318 881 1372 multitudine
894 1321 1009 1370 existunt
1020 1321 1125 1371 obviam
1143 1319 1175 1370 iri
1193 1324 1291 1386 posset,
1309 1322 1332 1372 si
1348 1319 1437 1387 piures
1448 1321 1566 1372 aliarum
1578 1337 1645 1388 quo·

380 1419 432 1469 que
449 1407 583 1456 undenum
602 1407 719 1473 episcopi
737 1407 859 1458 adessent
882 1410 909 1456 et
931 1406 1026 1456 Italica
1049 1407 1121 1457 natio
1139 1422 1191 1458 uon
1209 1421 1301 1458 omncs
1319 1407 1385 1458 alias
1402 1407 1578 1459 multitudiue
1603 1425 1644 1459 su·

379 1497 495 1558 peraret3
514 1493 561 1544 sed
580 1509 640 1545 cum
652 1494 768 1546 libertati
785 1495 853 1546 sa'cri
872 1493 978 1546 concilii
995 1493 1171 1560 praeiudicari
1184 1509 1236 1545 non
1254 1493 1359 1558 debeat,
1376 1499 1406 1544 ut
1423 1509 1504 1560 saepe
1517 1511 1572 1546 nos
1583 1496 1645 1546 ΜΨ

380 1577 407 1629 S.
427 1578 457 1630 C.
475 1595 522 1646 per
539 1580 630 1632 literas
648 1581 790 1633 admorme
809 1581 917 1648 dignata
935 1587 981 1646 est,
999 1598 1052 1634 non
1070 1580 1190 1632 videmus
1208 1581 1341 1647 quomodo
1358 1581 1547 1648 suffragiorum
1566 1583 1645 1632 unius

379 1666 493 1716 nationis
510 1667 650 1718 multitudo
669 1669 798 1719 coarctari
815 1671 905 1733 possit,
923 1683 984 1718 nam
1001 1683 1091 1720 omnes
1108 1673 1261 1735 praesentes
1278 1667 1389 1720 liberam
1407 1667 1440 1718 de
1459 1669 1588 1719 omuibus
1606 1685 1644 1717 re—

379 1752 430 1803 bus
456 1755 597 1820 propositis
614 1756 770 1806 sententiam
793 1755 881 1806 dicere
904 1755 1005 1806 volunt.
1032 1751 1085 1806 VII
1103 1771 1256 1820 responsum
1279 1759 1319 1805 est
1343 1755 1377 1806 ad
1400 1753 1472 1804 bunc
1496 1756 1644 1807 articulum

379 1840 407 1890 in
425 1840 524 1905 quinto.
542 1841 607 1892 VIII
625 1842 658 1892 de
676 1844 826 1892 secretariis
843 1843 896 1893 iam
913 1847 1074 1893 transactum
1093 1847 1141 1905 est,
1159 1845 1188 1891 ut
1206 1840 1410 1909 scilicetplures
1422 1843 1474 1892 sint
1486 1857 1541 1894 nec
1554 1847 1644 1892 tamen

381 1927 510 1992 episcopi3
537 1928 607 1993 quod
626 1933 714 1979 autern
737 1929 865 1981 hactenus
888 1927 1003 1980 noudum
1027 1927 1136 1980 adrem
1154 1933 1261 1978 rentum
1280 1929 1327 1991 sit,
1355 1943 1386 1978 so
1410 1928 1512 1979 iactum
1541 1932 1585 1978 est
1611 1944 1644 1978 nc

379 2014 473 2078 prioris
491 2016 625 2064 secretarii
642 2031 711 2067 mors
729 2017 774 2082 qui
790 2015 940 2082 perinulose
959 2015 1094 2066 decumbit
1110 2013 1275 2066 acceleretur
1293 2019 1319 2064 et
1336 2029 1369 2065 ne
1382 2013 1494 2082 quidde
1507 2014 1643 2065 eiusddei

380 2103 407 2150 ot
424 2101 580 2166 Integritatis
599 2103 791 2153 existimatione
809 2119 856 2168 per
873 2117 999 2179 aesopum
1011 2103 1212 2152 secretariorum
1224 2101 1406 2153 suffectionem
1420 2101 1572 2152 detractum
1587 2117 1643 2164 csse

379 2185 509 2250 videatur,
526 2203 594 2254 quae
612 2187 718 2254 quidem
735 2204 777 2239 res
794 2189 859 2240 iacit
871 2193 901 2239 ut
917 2187 969 2238 bac
987 2189 1014 2237 in
1031 2193 1107 2254 parte
1115 2187 1149 2242 D.
1160 2186 1243 2254 legati
1262 2189 1318 2238 eius
1336 2189 1519 2239 misereantur.
1539 2189 1580 2238 IX
1594 2187 1643 2237 dis·

379 2271 536 2324 solutionem
555 2274 661 2325 concilii
677 2291 731 2326 non
749 2280 850 2326 tautum
869 2273 1059 2338 dissuademus,
1076 2273 1124 2325 sed
1143 2277 1222 2325 etiam
1240 2276 1303 2325 totis
1321 2276 1415 2325 animis
1433 2274 1576 2326 horremus
1589 2291 1642 2325 om·

379 2376 435 2424 nes,
453 2363 516 2428 quin
534 2378 596 2413 vero
615 2365 643 2413 in
660 2379 691 2414 eo
709 2364 852 2430 praecipue
869 2363 1019 2414 laboramus
1036 2366 1066 2412 ut
1083 2362 1119 2414 ad
1136 2378 1301 2430 progressum
1320 2368 1408 2429 patres
1427 2368 1453 2413 et
1464 2361 1603 2414 monendo
1618 2367 1641 2410 et

380 2447 498 2514 rogando
517 2448 689 2500 adducamus.
707 2449 731 2500 X
749 2447 905 2500 universalis
923 2448 1073 2500 reformatio
1092 2455 1118 2500 et
1135 2451 1289 2516 praesertim
1302 2451 1333 2504 R,
1346 2450 1435 2502 curiae
1448 2453 1475 2500 et
1487 2449 1642 2499 necmsarie

380 2540 407 2584 et
425 2535 542 2601 optanda
560 2541 614 2600 est,
640 2553 673 2588 ac
692 2539 812 2604 quamvis
831 2552 889 2587 eam
911 2537 939 2586 in
955 2533 1063 2602 publica
1087 2539 1293 2604 congregatione
1310 2538 1465 2603 promissam
1484 2535 1640 2596 habeamus,
1726 2583 1727 2586 ,

379 2626 468 2673 umen
485 2639 605 2675 veremur
622 2639 656 2676 ue
673 2625 750 2676 uobis
768 2625 851 2675 verba
869 2622 975 2685 dentur,
1006 2626 1035 2672 ut
1052 2638 1144 2673 verum
1162 2621 1304 2686 fateamur,
1334 2623 1414 2690 idque
1437 2621 1481 2672 vel
1499 2627 1642 2690 propterea

379 2709 463 2775 quod,
491 2712 539 2762 etsi
561 2716 618 2762 tum
634 2713 757 2777 privatim
779 2715 834 2760 tum
852 2709 959 2776 publice
977 2724 1057 2773 saepe
1082 2709 1181 2760 dictum
1205 2711 1239 2760 sit
1256 2710 1339 2761 muita
1357 2710 1414 2760 eius
1432 2710 1540 2774 generis
1559 2708 1640 2760 reior-

379 2799 502 2848 metionis
520 2799 608 2864 capita
624 2797 677 2848 buc
696 2815 728 2849 ex
739 2797 812 2849 Urbe
830 2798 910 2847 missa
928 2811 993 2855 esse,
1012 2810 1089 2846 nemo
1107 2801 1196 2848 tamen
1215 2801 1263 2860 est,
1284 2813 1316 2848 ex
1333 2798 1365 2848 iis
1383 2795 1487 2864 quidem
1505 2812 1578 2862 quos
1595 2813 1639 2846 no·

379 2883 419 2934 bie
438 2883 536 2950 alioqui
553 2884 636 2948 licuit,
655 2886 699 2950 qui
717 2883 760 2935 vei
778 2899 859 2934 unum
877 2899 910 2932 ex
927 2881 979 2932 iilis
998 2897 1203 2934 commemorare
1221 2883 1311 2949 possit.
1330 2882 1456 2950 quicquid
1473 2887 1567 2934 temmr
1587 2883 1639 2932 eius

381 2972 437 3034 erit,
462 2973 636 3037 promiserunt
653 2972 687 3022 D.
705 2969 787 3038 legati
804 2985 841 3034 se,
859 2973 1000 3036 antequam
1018 2974 1204 3034 proponentur,
1233 2970 1372 3020 nobiscum
1390 2971 1638 3030 communicaturos,

378 3062 515 3110 uteorum
533 3059 752 3124 praedecessores
769 3058 857 3109 bonae
874 3060 1016 3111 memoriae
1034 3059 1070 3111 D.
1086 3058 1249 3108 nannenus
1267 3062 1293 3108 et
1311 3055 1470 3122 Seripandus
1489 3055 1638 3108 cardinales
1727 3053 1728 3110 i

380 3144 470 3196 iacere
488 3145 559 3198 soliti
577 3151 659 3201 erant

446 3251 488 3302 De
507 3251 686 3318 dogmatibus:
704 3252 719 3303 1
735 3250 769 3303 ds
788 3251 880 3304 calicis
897 3252 1082 3304 communione
1100 3249 1163 3316 quid
1179 3250 1214 3300 D.
1233 3247 1374 3300 condiisrii
1392 3246 1419 3298 S.
1433 3245 1463 3300 O.
1474 3245 1519 3296 IIu
1542 3247 1637 3298 iacien-

380 3335 441 3388 dum
461 3339 607 3404 consulant,
626 3355 678 3390 nou
697 3344 807 3404 apparet
824 3355 857 3389 ex
874 3339 927 3390 boo
943 3338 1051 3404 scripto,
1069 3341 1209 3403 propterea
1231 3334 1303 3401 quod
1319 3335 1392 3386 raris
1415 3334 1544 3398 scriptum
1568 3349 1636 3398 repc-

378 3425 472 3488 rimus,
490 3425 606 3476 nonnihil
624 3427 703 3478 etiam
722 3426 845 3488 deletum,
863 3427 915 3476 imo
933 3439 997 3476 sere
1015 3426 1042 3476 tn
1060 3428 1177 3474 extrenm
1193 3422 1271 3474 huius
1289 3420 1379 3486 scripti
1397 3417 1503 3484 pagella
1520 3421 1558 3472 D,
1576 3419 1636 3470 Bru·

377 3526 427 3560 nus
444 3513 482 3562 ita
498 3511 597 3575 haeret,
615 3517 646 3564 ut
663 3512 724 3578 quid
743 3513 905 3577 potissimum
923 3512 998 3577 sequi
1017 3511 1114 3562 debeat
1130 3513 1247 3560 statuere
1268 3523 1297 3558 se
1314 3521 1366 3556 uec
1382 3521 1461 3570 posse
1471 3521 1524 3557 nec
1538 3505 1634 3556 debm

378 3598 485 3649 scribat.
503 3600 580 3650 nobis
598 3614 703 3664 quoque
719 3597 829 3650 muitum
848 3597 982 3663 diuquein
999 3601 1136 3662 unamque
1152 3601 1253 3661 partem
1266 3593 1461 3659 disputantibus
1473 3595 1500 3642 et
1522 3592 1635 3642 ratium

379 3687 588 3738 examinantibus
600 3701 684 3751 aeque
696 3684 803 3736 difficile
815 3684 919 3734 ridetur
935 3683 1070 3746 indicium,
1087 3697 1142 3734 non
1158 3681 1264 3747 quidem
1282 3695 1317 3730 au
1333 3679 1438 3730 ommno
1458 3679 1513 3743 peti
1533 3678 1634 3736 debeat,

377 3786 438 3824 nam
457 3773 490 3824 de
509 3789 540 3826 ce
559 3787 691 3838 nunquam
709 3771 894 3835 dubitavimus,
913 3787 974 3822 cum
991 3775 1075 3822 totum
1094 3770 1185 3820 orbem
1202 3767 1230 3818 id
1241 3769 1328 3832 ipsum
1346 3765 1461 3816 clamars
1471 3764 1633 3816 animadver-

379 3863 505 3923 teremus,
523 3859 570 3910 sed
587 3875 622 3910 au
638 3875 655 3910 a
668 3857 780 3912 concilio
799 3860 901 3921 iterum,
919 3873 953 3910 an
971 3873 1034 3908 rere
1052 3858 1087 3907 ab
1105 3857 1164 3922 ipso
1183 3853 1233 3906 8¹¹⁰
1250 3854 1285 3905 D.
1304 3853 1336 3902 N.
1353 3849 1496 3918 petendum
1514 3865 1575 3902 esse
1587 3849 1633 3898 exi·

377 3947 519 3998 sumemus.
539 3962 556 3997 e
573 3945 630 3998 solo
647 3944 823 4011 pontifice-ne
841 3949 954 4010 petatur,
974 3943 1040 3994 illud
1058 3943 1165 3994 obstare
1181 3939 1287 3992 videtur
1303 3937 1382 4004 quod,
1406 3937 1510 3987 etiamsi
1527 3935 1633 3986 iortasm

377 4033 435 4096 ipse
454 4032 591 4095 concedet,
609 4047 662 4084 non
680 4048 740 4084 eum
757 4047 836 4098 quem
853 4043 987 4096 speramns
1005 4028 1076 4094 apud
1094 4027 1260 4078 adversarios
1276 4029 1379 4076 nosnos
1396 4023 1448 4074 hac
1466 4023 1631 4072 concessione

378 4117 491 4170 ιιιιιιιιιιι
501 4133 699 4186 consequemur,
711 4120 816 4170 tametsi
826 4117 879 4180 ilie,
892 4118 915 4168 ιι
928 4114 1064 4178 concedet,
1076 4113 1145 4165 hanc
1157 4112 1355 4165 concessionem
1366 4125 1398 4160 eu
1408 4106 1435 4159 S.
1445 4107 1523 4158 huius
1529 4105 1628 4158 concilii

379 4207 569 4273 approbatIone
590 4206 752 4258 concessisse
770 4203 910 4267 videbitur,
935 4218 994 4254 oum
1015 4201 1092 4252 huius
1114 4197 1290 4251 concessionis
1307 4195 1420 4248 facultas
1433 4193 1468 4245 sd
1484 4195 1543 4244 eius
1550 4193 1630 4244 gan,

377 4293 494 4360 patribus
505 4293 604 4344 retecta
614 4293 656 4344 ιιι
674 4291 709 4342 ad
720 4291 860 4344 eonciiium
870 4306 905 4340 ne
915 4291 1011 4340 iterum
1023 4286 1212 4352 confugimus,
1224 4288 1304 4336 terret
1314 4298 1361 4334 nos
1374 4296 1465 4332 recens
1478 4279 1628 4346 exemptum,

379 4383 458 4430 terret
464 4379 673 4444 Hispanorumiu
685 4393 734 4430 sua
744 4377 790 4428 illa
795 4377 903 4442 pristim
909 4372 1214 4426 etcbiirmstasententia
1225 4371 1331 4420 misitne
1338 4366 1471 4420 laudanda
1480 4365 1628 4431 permansio,

380 4469 459 4516 terret
470 4466 586 4530 inprimis
598 4464 706 4530 idquod
717 4465 871 4516 moratione
882 4462 987 4513 nomiae
1000 4457 1163 4524 catheregis
1171 4457 1278 4523 publice
1287 4457 1314 4506 in
1323 4454 1482 4506 admissione
1490 4453 1524 4506 D.
1536 4449 1628 4503 ιοιιιιιι

380 4567 397 4602 a
413 4552 491 4602 Luna
507 4552 597 4602 habita
615 4553 722 4617 copiose
740 4556 766 4602 et
783 4565 879 4618 magna
902 4549 1070 4600 contentione
1086 4546 1197 4612 petitum
1216 4549 1269 4606 est,
1288 4543 1362 4594 cuius
1381 4539 1487 4606 quidem
1504 4535 1627 4605 petitionis

377 4639 489 4690 maxime
507 4638 574 4690 ratio
591 4637 746 4700 haberetur,
763 4637 867 4702 quoties
884 4635 918 4684 ad
936 4649 990 4684 rem
1007 4635 1093 4698 ipsam
1114 4632 1256 4682 veniretur.
1283 4627 1331 4682 sed
1348 4632 1437 4678 ιιιιιιι
1454 4625 1496 4676 ιιι
1516 4623 1626 4676 omuibus

379 4741 432 4776 non
450 4723 623 4787 obstantibus,
641 4725 664 4774 si
682 4724 716 4775 ab
734 4723 855 4776 omnibus
873 4721 907 4772 D.
926 4718 1083 4772 Germanias
1102 4721 1129 4768 et
1146 4717 1258 4768 alimum
1275 4714 1411 4764 nationum
1429 4711 1559 4776 episcopis
1575 4721 1625 4773 pre·

379 4815 514 4862 curatores
539 4809 592 4860 buc
607 4810 772 4861 mitterentur
789 4823 850 4860 cum
867 4805 1008 4858 sufficienti
1025 4804 1188 4866 testimonie,
1216 4818 1249 4852 ex
1266 4815 1318 4866 quo
1337 4803 1459 4848 constare
1476 4811 1511 4847 ao
1533 4789 1625 4861 probari

378 4903 468 4963 posset
483 4897 601 4962 patribus
620 4912 665 4948 eos
683 4898 721 4947 its
738 4895 857 4946 iudicare
874 4897 905 4944 ut
922 4893 1015 4944 caliois
1033 4891 1231 4942 concessionem
1257 4886 1399 4938 salomem
1424 4888 1452 4934 et
1473 4882 1509 4934 ad
1526 4877 1624 4932 baereti-

379 4999 469 5035 corum
487 4981 668 5034 reductionem
685 4982 860 5032 necessadem
879 4978 934 5029 iore
952 4979 1110 5039 anement
1128 4977 1150 5026 si
1168 4978 1305 5041 praeterea
1322 4969 1434 5020 eliorum
1451 4963 1623 5034 quoquepriu·

377 5071 465 5136 cipum
482 5067 575 5118 literae
591 5067 627 5121 ed
644 5066 772 5134 synodum
791 5064 956 5116 adferrentur
973 5064 1000 5114 iu
1018 5061 1112 5128 quibus
1130 5059 1201 5112 idem
1218 5059 1358 5125 peteretur,
1382 5059 1439 5106 tum
1455 5068 1519 5104 raro
1537 5048 1622 5106 nullan
