3468 5820
636 867 866 956 OOXLVI.

333 1068 440 1144 Thur
471 1071 544 1145 und
574 1069 806 1147 Draslrovlcs
834 1093 880 1147 an
909 1073 981 1147 den
1011 1071 1161 1158 Kaiser3

546 1223 677 1288 hient,
707 1227 744 1276 16
761 1226 854 1291 April
874 1228 963 1278 1563.

433 1403 568 1458 Romana.
594 1404 739 1478 Oripiacl;
761 1404 791 1458 in
813 1410 903 1478 ter-po:
927 1406 967 1460 19
988 1403 1079 1476 April.

189 1608 388 1696 Accepimus
415 1607 477 1674 Ml·
499 1608 539 1673 V.
563 1608 595 1674 S.
625 1607 734 1674 literas
764 1611 803 1676 12
830 1609 926 1674 buius
954 1612 1073 1675 mensis
1101 1609 1203 1692 datas,
1227 1632 1269 1674 ex
1297 1607 1414 1695 quibus

85 1714 283 1778 coniicimus
305 1712 382 1776 Μιοιιι
404 1711 443 1776 V.
460 1711 493 1777 S.
515 1721 590 1799 post
611 1711 666 1778 ΒΙιυι
688 1712 729 1778 D.
752 1712 924 1778 cardinalis
940 1713 1067 1779 Moroni
1088 1711 1282 1803 colloquium
1298 1709 1415 1776 isthinc

85 1816 321 1884 discessuram.
345 1838 410 1903 qua
431 1815 562 1902 quidem
577 1827 689 1882 nostra
704 1817 888 1882 coniectura
903 1815 1093 1882 adducimur
1109 1825 1143 1880 ut
1158 1815 1287 1882 minime
1304 1825 1416 1880 contra

83 1920 235 1985 officium
257 1930 290 1986 et
310 1916 499 1986 fidelitatem
520 1929 663 1986 nostram
685 1943 745 1986 nos
767 1920 909 1986 facturos
932 1920 1131 2002 arbitramur,
1155 1920 1181 1983 si
1203 1917 1369 1983 humilima
1385 1927 1417 1982 et

84 2046 162 2090 cum
197 2021 285 2088 bona
311 2031 343 2088 et
370 2021 519 2088 clementi
547 2021 609 2088 ΜῑΙΙ
640 2023 679 2088 V.
708 2021 740 2088 S.
771 2025 867 2088 venia
896 2032 1038 2089 nostram
1062 2023 1251 2088 sententiam
1274 2020 1417 2086 breviter

82 2130 302 2214 aperiremus.
324 2135 522 2214 quapropter
541 2125 592 2192 Ml
610 2125 652 2190 V.
675 2130 707 2192 S.
730 2136 914 2192 reverenter
946 2129 980 2192 in
1006 2127 1192 2192 memoriam
1225 2147 1415 2190 revocamus

84 2230 229 2350 quidm
250 2229 314 2296 illis
335 2227 436 2294 literis
458 2252 539 2318 quas
560 2231 581 2296 3
603 2228 711 2294 Martii
738 2227 879 2294 adS¹”¹¹¹”
907 2229 949 2295 D
972 2229 1010 2294 N.
1041 2229 1130 2296 dedit
1159 2227 1286 2294 scribi
1278 2228 1415 2310 iusserit,

82 2335 244 2400 nimirum
276 2355 311 2400 se
344 2332 428 2398 hane
461 2355 593 2420 operam
627 2331 799 2396 christiano
834 2332 940 2398 orbi
932 2355 965 2396 m
994 2331 1054 2398 hac
1077 2355 1202 2398 summa
1224 2332 1416 2396 necessitate

82 2446 331 2524 praestaturum
352 2446 397 2515 ut,
421 2437 570 2523 sepositis
593 2435 742 2502 omnibus
765 2436 836 2500 aliis
859 2437 1058 2522 gravissimis
1083 2433 1341 2520 difficultatibus,
1373 2436 1416 2501 ad

84 2539 262 2608 concilium
295 2542 405 2606 veniat
438 2549 471 2606 et
497 2561 704 2626 progressum
736 2540 804 2604 eius
832 2561 890 2604 sua
919 2541 1101 2628 praesentia
1130 2539 1238 2627 quoad
1270 2563 1412 2628 unquam

82 2643 159 2710 lieri
181 2645 301 2730 poterit
327 2665 518 2730 promovere
546 2641 685 2706 studeat
719 2664 802 2728 quae
823 2641 884 2708 M²¹¹
907 2643 947 2706 V.
978 2642 1010 2708 S.
1039 2643 1151 2708 literae
1182 2664 1255 2707 cum
1277 2666 1342 2709 non
1362 2643 1416 2708 hic

83 2757 217 2814 tantum
238 2757 272 2814 ct
292 2748 423 2828 Rornae,
447 2746 506 2812 sed
527 2749 649 2834 passim
672 2745 791 2834 ubique
814 2770 872 2836 per
893 2757 992 2812 totam
1008 2747 1136 2812 Italiam
1153 2769 1218 2811 non
1235 2746 1267 2811 in
1284 2768 1415 2832 magno·

82 2875 161 2918 rum
183 2851 282 2918 modo
304 2852 455 2929 virorum,
480 2872 592 2916 verum
616 2850 711 2916 etiam
735 2851 838 2916 omnis
861 2849 1053 2916 conditionis
1080 2849 1245 2916 hominum
1267 2849 1415 2915 manibus

83 2965 252 3039 terantur,
275 2977 348 3020 cum
371 2953 562 3040 iampridem
582 2953 743 3018 nescimus
767 2953 857 3018 cuins
881 2975 977 3040 opera
1000 2951 1166 3040 divulgata
1188 2955 1264 3035 sint,
1295 2952 1329 3016 in
1350 2974 1415 3016 ma·

83 3061 214 3126 ximem
236 3079 326 3145 spem
350 3069 382 3124 et
403 3057 661 3144 expectationem
689 3055 836 3122 homines
865 3057 964 3122 erecti
993 3065 1076 3137 sunt,
1099 3056 1167 3122 fore
1196 3065 1231 3122 ut
1253 3079 1339 3123 nunc
1361 3056 1414 3121 de·

83 3186 178 3228 mum
200 3184 254 3228 res
276 3160 403 3230 concilii
426 3160 509 3226 bene
532 3169 564 3225 et
585 3158 721 3225 feliciter
742 3182 972 3247 progressurae
996 3162 1067 3224 sint
1090 3158 1255 3226 bumilime
1277 3159 1353 3224 M²''²¹
1368 3159 1409 3225 V.

84 3265 120 3333 S.
147 3266 366 3353 supplicamus
388 3273 423 3329 ut
444 3285 503 3350 pro
519 3285 579 3328 sua
593 3263 752 3349 sapientia
768 3272 799 3327 et
814 3263 932 3350 pietate
947 3260 1147 3349 perpendere
1163 3262 1313 3349 dignetur
1328 3285 1411 3348 quae

84 3368 177 3436 mala
199 3391 242 3436 ex
263 3391 321 3436 suo
345 3365 490 3434 discessu
512 3367 554 3432 ad
576 3365 638 3432 hoc
661 3366 831 3432 concilium
854 3375 886 3432 et
907 3389 964 3452 per
987 3389 1187 3455 consequens
1221 3364 1263 3432 ad
1285 3366 1410 3431 univer-

84 3495 159 3539 sam
190 3471 422 3559 rempublicam
452 3471 660 3536 christianam
683 3468 865 3536 redundare
899 3469 1033 3555 possint
1068 3492 1135 3534 non
1168 3470 1253 3534 enim
1285 3471 1412 3556 ignorat
1517 3507 1523 3518 ·

85 3577 158 3642 Mm
184 3576 225 3641 V.
249 3574 281 3642 S.
304 3585 406 3642 totum
431 3573 638 3639 christianum
661 3571 772 3637 orbem
794 3574 920 3637 ineam
943 3571 1045 3638 solam
1072 3569 1182 3638 oculos
1206 3573 1411 3656 convertisse,

85 3680 173 3746 adeo
196 3679 325 3768 quidem
348 3689 384 3744 ut
406 3677 564 3766 quidquid
585 3677 654 3742 sive
676 3675 752 3741 boni
775 3677 843 3742 sive
864 3675 940 3740 mali
962 3675 1037 3740 hine
1060 3684 1237 3761 enascatur,
1261 3674 1296 3741 id
1311 3685 1412 3742 totum

85 3783 142 3849 Ma
163 3783 203 3848 V.
227 3783 259 3849 S.
282 3783 428 3872 inprimis
451 3790 620 3867 acceptum
648 3779 916 3866 referentiumque
939 3801 1009 3845 esse
1032 3779 1177 3846 homines
1200 3780 1412 3845 existimaturi

85 3888 163 3952 sint.
191 3895 333 3952 ceterum
363 3887 423 3951 etsi
452 3908 517 3951 non
540 3883 723 3950 dubitemus
745 3882 822 3948 Ma..
844 3882 885 3946 V.
909 3881 941 3947 S.
970 3884 1048 3948 satis
1070 3905 1128 3970 pro
1152 3905 1210 3948 sua
1243 3880 1413 3971 prudentia

85 3989 284 4077 perspicere,
308 4011 404 4078 quam
427 3998 571 4056 mentam
588 3987 630 4053 D.
654 3986 689 4053 Ο.
712 3979 866 4052 Moronus
889 4009 998 4052 secum
1021 3985 1064 4050 ad
1077 3986 1154 4052 M...
1169 3986 1210 4050 V.
1226 3985 1259 4052 S.
1282 3988 1316 4052 in
1339 3985 1412 4053 obe·

85 4093 178 4158 unda
198 4115 285 4159 nova
306 4094 370 4158 ista
391 4115 452 4158 sua
472 4091 633 4178 legatione
656 4089 790 4174 adferat,
813 4098 922 4155 tamen
943 4111 984 4154 ne
1005 4089 1067 4155 hcc
1083 4089 1213 4177 quidem
1228 4112 1286 4176 pro
1302 4099 1412 4158 nostm

87 4196 198 4263 officio
220 4196 393 4265 scendum
415 4194 672 4262 existimavimus
695 4193 784 4282 quod
805 4216 848 4258 ex
871 4193 940 4260 cius
962 4194 1106 4259 oratione
1135 4215 1245 4259 coram
1266 4193 1412 4280 patribus

85 4299 200 4366 habita
222 4308 255 4366 et
276 4301 410 4387 privatis
438 4297 638 4364 sermonibus
670 4320 709 4362 ac
738 4298 835 4362 variis
864 4296 1055 4362 coniecturis
1087 4298 1217 4386 assequi
1238 4297 1411 4384 potuimus.

88 4403 130 4469 de
152 4402 326 4468 residentia
348 4425 431 4490 quac
453 4401 572 4468 multos
594 4402 659 4467 iam
680 4400 774 4467 nobis
796 4424 923 4466 menses
946 4401 1065 4467 exemit
1094 4410 1126 4465 ct
1152 4403 1186 4465 in
1215 4423 1278 4490 qua
1306 4399 1412 4468 adhuc

88 4507 201 4572 forsan
221 4504 350 4593 plurimi
371 4505 500 4572 labores
522 4515 616 4570 crunt
636 4503 819 4570 insumendi
840 4514 971 4592 propter
993 4506 1221 4570 sententiarum
1244 4504 1411 4570 diversita-

88 4619 169 4693 tem,
200 4610 246 4676 ita
268 4610 386 4676 sentire
407 4606 535 4676 videtur
557 4618 593 4674 ut
614 4606 693 4672 nibil
715 4609 870 4674 interesse
894 4608 1071 4690 existimet,
1099 4631 1162 4696 quo
1185 4610 1270 4692 iure,
1301 4607 1411 4674 divino

90 4737 132 4780 an
154 4712 311 4796 humano,
333 4712 529 4795 recideretur,
551 4711 648 4778 modo
671 4710 753 4777 tales
775 4711 903 4799 aliquae
925 4711 1014 4798 leges
1038 4712 1272 4778 constituantur
1294 4711 1411 4801 quibus

90 4818 112 4882 ii
135 4839 271 4904 qnorum
293 4817 426 4882 interest
445 4814 618 4882 resideant.
641 4814 672 4879 ei
695 4817 871 4880 sententiae
895 4837 932 4882 eo
955 4817 1101 4882 tenacius
1123 4815 1280 4882 adhaeret
1295 4825 1326 4880 et
1340 4817 1410 4902 ipse

91 4929 123 4986 et
144 4922 200 5008 qui
226 4920 311 4988 idem
335 4921 491 5004 sentirmt,
530 4917 619 5006 quod
642 4917 839 4986 arbitrantur
860 4919 936 4983 M²⁸¹⁰
958 4919 998 4984 V.
1022 4917 1058 4985 0.
1081 4919 1167 4986 idem
1198 4917 1291 4986 velle.
1326 4926 1411 4984 essct

91 5024 220 5113 quidem
241 5024 304 5092 hcc
325 5026 468 5114 inprimis
497 5023 674 5113 optandum
700 5034 736 5090 ut
764 5022 894 5092 tandem
921 5021 1035 5113 aliquis
1063 5022 1140 5089 huic
1169 5023 1408 5094 controversias
