3450 5818
1325 492 1388 559 m

77 683 182 765 rents,
205 684 267 750 sed
288 684 385 773 plane
400 681 576 750 habueritis
598 691 798 770 compertum
819 705 888 750 rem
909 704 948 748 eo
970 683 1035 750 loci
1056 705 1127 750 ease
1150 682 1330 766 adductam,
1352 692 1389 749 ut

74 789 153 850 iuxta
174 796 340 853 oratorum
371 796 404 853 et
425 785 640 874 praelatorum
663 785 882 874 Hispanorum
916 789 1106 854 sententiam
1135 786 1178 852 ad
1200 808 1388 873 expressam

18 949 19 970 ,
73 890 313 958 condunationis
340 891 536 957 mentionem
557 889 797 978 procedendum
820 890 870 970 sit,
901 898 978 955 tunc
1003 893 1037 955 in
1060 912 1099 956 ec
1122 911 1232 954 omues
1255 894 1387 954 conatus

18 1045 20 1100 l

70 1003 186 1060 veros
209 994 377 1080 intepdere
400 993 567 1077 debebitis,
590 1017 631 1059 ne
653 994 687 1058 id
708 991 765 1058 fiat
787 1015 890 1080 nsque
906 993 988 1058 adeo
1004 992 1083 1058 nude
1100 1002 1131 1058 et
1151 1001 1261 1080 aperte
1277 1015 1386 1080 quem·

68 1095 235 1162 admodum
257 1099 437 1164 institutum
458 1098 531 1180 fuit,
565 1096 826 1185 quandoquidem
858 1095 953 1162 adid
976 1097 1147 1162 connivere
1179 1117 1384 1182 nequaquam

66 1219 243 1284 possemus,
273 1201 332 1266 sed
353 1200 510 1266 referatur
533 1197 645 1266 saltem
676 1199 718 1265 ad
741 1200 881 1266 debitam
916 1199 1043 1266 concilii
1066 1199 1333 1274 consultationem
1355 1209 1387 1266 et

65 1301 277 1386 ponderentur
297 1305 438 1370 rationes
460 1303 535 1370 hinc
558 1303 631 1369 inde
652 1303 826 1368 militantes
848 1303 967 1390 fiatque
984 1301 1122 1390 desuper
1137 1301 1264 1368 aoncilii
1282 1304 1384 1389 ipsius

65 1403 291 1490 determinatio,
315 1406 584 1494 quemadmodum
608 1404 702 1472 etiam
718 1408 751 1472 in
765 1405 862 1471 rebus
878 1407 1010 1472 missoris
1024 1407 1177 1472 momenti
1191 1405 1262 1470 fieri
1277 1405 1383 1490 debet,

66 1531 120 1573 non
143 1520 254 1575 antem
275 1510 446 1576 inducatur
470 1510 553 1576 haec
574 1508 773 1576 consuetudo
804 1519 840 1574 ut
861 1508 1045 1576 huiusmodi
1066 1511 1204 1596 negocia
1225 1507 1268 1573 ad
1289 1508 1384 1574 huius

64 1613 110 1676 vel
132 1613 266 1679 alterium
289 1609 457 1679 arbitrium
479 1623 573 1680 extra
595 1615 699 1700 ipsum
723 1612 895 1678 concilium
918 1621 951 1678 et
965 1611 1202 1700 quodammodo
1223 1613 1307 1676 intra
1321 1613 1383 1699 pri⁴

65 1727 150 1782 rates
164 1719 305 1803 parietes
321 1716 532 1783 decidantur.
553 1765 559 1780 .
578 1769 584 1782 .
608 1726 750 1782 ceterum
770 1716 797 1780 si
812 1714 891 1780 nihil
905 1737 1038 1802 prorsus
1051 1715 1191 1780 consiliis
1207 1725 1239 1780 et
1254 1716 1382 1780 monitis

65 1822 173 1884 reseis
194 1819 412 1907 profeceritis,
441 1818 499 1886 sed
520 1819 580 1886 ΙΨ
600 1817 698 1906 legati
721 1819 754 1884 in
776 1819 925 1905 proxima
947 1818 1056 1882 futura
1077 1820 1219 1883 sessione
1250 1816 1383 1882 crudam

65 1922 154 2008 plane
174 1933 208 1988 et
230 1932 375 2010 apertam
398 1921 647 2010 explicationem
662 1931 694 1987 et
709 1920 957 1988 declarationem
973 1921 1221 1986 continuationis
1237 1920 1382 2003 fecerint,

64 2025 204 2090 volumus
226 2036 262 2090 ut
282 2047 341 2090 vos
364 2025 515 2114 deinceps
537 2027 629 2091 iuxta
650 2026 758 2112 priora
776 2024 927 2090 mandata
941 2031 1052 2089 nostra
1067 2047 1087 2088 a
1101 2022 1239 2110 publicis
1255 2023 1380 2089 actibus

64 2128 255 2210 abstineatis,
279 2128 383 2195 donec
406 2128 471 2194 alia
492 2153 512 2195 a
534 2129 627 2194 nobis
648 2128 802 2194 mandata
816 2127 1017 2216 acceperitis,
1040 2126 1081 2192 de
1094 2149 1159 2214 qua
1183 2126 1311 2214 quidem
1327 2149 1382 2193 vo·

62 2229 177 2298 luntate
199 2243 311 2298 nostra
333 2231 492 2298 debebitis
514 2231 585 2296 ΒΜ·
607 2231 731 2319 legatos
757 2241 831 2297 ante
855 2231 941 2298 diem
963 2231 1114 2297 sessionis
1137 2231 1289 2296 certiores
1311 2231 1382 2296 red-

63 2333 147 2418 dere,
175 2347 272 2424 prout
293 2338 388 2402 etiam
415 2345 511 2402 antea
545 2336 585 2401 dc
607 2334 786 2401 istiusmodi
814 2334 925 2402 ultim
947 2334 1171 2401 mandatorum
1199 2344 1381 2400 nostrorum

61 2438 159 2522 gradu
179 2440 366 2506 informatos
392 2440 491 2506 titisse
513 2438 691 2506 mallemus.

154 2542 253 2608 Porro
277 2538 363 2630 qnod
398 2543 512 2608 attinet
545 2542 588 2607 ad
621 2545 774 2630 scriptum
801 2541 894 2624 vobis
925 2541 1062 2608 antehac
1094 2541 1316 2608 transmissum
1343 2543 1377 2606 in

61 2647 190 2731 negocio
211 2645 447 2712 reformationis
470 2655 502 2712 et
522 2645 731 2712 relaxationis
747 2668 805 2711 seu
825 2645 1044 2732 indulgentiae
1066 2645 1233 2710 faciendae
1254 2646 1288 2708 in
1305 2647 1377 2710 arti·

63 2747 138 2814 culis
159 2748 350 2836 quibusdam
372 2748 413 2815 de
436 2751 506 2814 iure
529 2751 667 2836 positivo
685 2749 884 2834 introductis,
918 2749 1202 2837 operaepretium
1225 2747 1374 2814 duximus

62 2851 142 2938 qood
162 2853 288 2939 ipsimet
308 2851 374 2917 Ra.
403 2850 518 2939 legatis
540 2853 682 2918 animum
702 2864 847 2920 noenum
875 2873 935 2941 per
956 2853 1124 2919 adiunctas
1151 2851 1260 2918 literas
1288 2863 1376 2939 pate·

61 2953 229 3020 laceremus
252 2955 361 3042 cisque
391 2977 450 3023 nes
473 2965 626 3043 quantum
648 2956 718 3022 fieri
740 2966 845 3044 potest
867 2977 1108 3041 excusaremus3
1141 2957 1251 3044 itaque
1279 2956 1373 3023 vobis

60 3055 190 3145 benigne
212 3060 406 3146 iniungimus
420 3068 457 3125 ut
470 3059 663 3126 eiuscemodi
684 3058 794 3127 literas
814 3070 940 3128 nocuas
961 3059 1040 3126 PM
1058 3081 1169 3127 eorum
1190 3059 1254 3123 Ru·
1276 3081 1373 3147 quam

60 3163 188 3246 primum
198 3163 327 3228 nomine
341 3172 450 3230 nostro
464 3162 605 3230 reddatis
620 3185 659 3230 ac
674 3163 812 3252 desuper
825 3165 927 3253 primo
944 3186 1071 3252 quoque
1086 3173 1229 3250 tempore
1242 3185 1372 3251 respon-

60 3285 125 3330 sum
135 3265 277 3332 obtinere
290 3265 452 3349 studeatis,
469 3276 500 3332 et
516 3265 655 3354 denique
668 3288 726 3333 vos
740 3269 773 3332 in
786 3267 933 3334 omnibus
948 3265 1127 3334 actionibus
1142 3267 1256 3332 vestris
1271 3267 1371 3332 menti

58 3377 87 3431 et
109 3367 263 3436 voluntati
283 3379 413 3436 nostrae
434 3370 467 3434 in
489 3369 536 3435 eis
558 3372 637 3435 satis
659 3378 769 3457 aperte
792 3371 959 3456 expositae
989 3370 1204 3456 obsequenter
1226 3391 1370 3437 accomo-

57 3469 147 3556 detis,
175 3475 324 3562 quoniam
352 3475 385 3539 in
412 3472 499 3540 hunc
527 3473 624 3540 finem
653 3472 877 3560 praesentibus
904 3482 972 3540 tum
1004 3470 1178 3538 earundem
1206 3469 1371 3541 literarum

56 3583 227 3644 nostrarum
249 3587 317 3644 tum
339 3579 436 3644 etiam
459 3579 570 3664 scripti
592 3577 686 3643 nobis
709 3599 729 3642 a
750 3576 805 3644 1³⁵⁰
827 3577 945 3644 nuncio
967 3575 1144 3664 apostolico
1166 3576 1229 3642 hoc
1243 3577 1314 3662 ipso
1330 3575 1370 3641 ds

58 3683 183 3764 segode
206 3680 342 3748 exhibiti
363 3679 547 3768 exemplum
569 3681 666 3748 adiici
687 3681 848 3748 iussimus.

146 3783 190 3851 Et
214 3787 292 3872 quia
312 3783 414 3851 dictos
436 3785 508 3850 ΒΜ·
529 3784 654 3872 legatos
677 3805 801 3850 summo
824 3783 928 3850 studio
950 3783 1135 3868 rogavimus
1158 3791 1190 3847 et
1213 3780 1369 3854 cohortati

59 3901 157 3951 sumus
178 3897 224 3970 nt,
249 3889 275 3952 si
297 3887 458 3954 intellecta
480 3898 590 3954 nostra
612 3889 821 3955 excusatione
842 3888 1025 3954 censuerint
1038 3895 1247 3954 memoratum
1268 3887 1370 3974 scrip-

59 3993 117 4052 tum
139 3989 284 4076 patribus
307 3990 435 4058 concilii
463 3990 569 4058 adhuc
590 3993 728 4078 proponi
749 4013 860 4078 posse,
887 3989 922 4054 id
944 3992 1055 4077 aequis
1082 3990 1196 4054 animis
1223 3988 1291 4056 fieri
1312 4012 1369 4077 pa·

57 4088 173 4176 liuntur,
195 4103 323 4160 vestrae
344 4115 432 4160 nunc
445 4102 554 4181 partes
569 4104 664 4160 erunt
685 4093 855 4180 diligenter
870 4115 965 4158 aures
980 4103 1013 4158 et
1027 4093 1168 4160 animum
1183 4091 1225 4156 ad
1240 4092 1368 4179 singula

57 4191 231 4278 siveram,
262 4206 298 4262 ut
320 4197 361 4264 ab
383 4197 462 4284 ipsis
485 4197 549 4262 lim·
578 4195 692 4283 legatis
714 4197 769 4282 pic
797 4218 836 4262 ac
857 4198 940 4262 iusto
963 4193 1123 4261 desiderio
1144 4203 1253 4262 nostro
1276 4197 1365 4262 satis·

58 4292 285 4387 fiat-adeoque
306 4298 435 4388 siquid
461 4300 543 4366 forte
565 4301 598 4366 in
620 4299 689 4366 dies
712 4309 866 4382 occurret,
896 4299 929 4363 in
951 4321 1016 4386 quo
1039 4297 1200 4364 officiosae
1222 4297 1363 4366 adnom-

58 4397 150 4466 tiones
177 4423 236 4468 seu
258 4401 495 4471 informationes
518 4411 645 4470 vestrae
666 4402 840 4490 praedictis
863 4399 928 4468 ΙΨ·
956 4399 1071 4488 legatis
1093 4421 1132 4466 ac
1164 4403 1278 4468 ceteris
1302 4401 1362 4467 1³⁶¹·

58 4509 85 4564 et
98 4502 180 4564 pisa
202 4505 347 4592 patribus
369 4506 501 4572 adrem
523 4505 605 4572 bene
627 4505 801 4592 gerendam
823 4503 979 4572 inservire
1000 4512 1159 4592 poterunt,
1182 4503 1215 4568 in
1239 4527 1277 4571 eo
1297 4505 1363 4570 offi-

57 4605 130 4670 cium
154 4630 218 4674 non
246 4609 341 4675 modo
362 4608 505 4676 fidelium
534 4619 566 4678 et
598 4607 782 4676 sedulorum
810 4619 971 4675 oratorum
999 4629 1037 4672 ac
1059 4608 1277 4674 ministrorum
1307 4629 1363 4675 no·

58 4715 198 4790 sitorum,
226 4710 284 4776 sed
315 4712 410 4778 edam
432 4711 607 4799 proborum
639 4721 672 4778 et
693 4710 921 4780 catholicorum
943 4710 1169 4798 cpiscoporum
1191 4721 1362 4798 praestare.

59 4806 199 4880 debebitis
215 4825 323 4882 autem
337 4816 499 4904 inprimis
514 4815 685 4904 diligenter
699 4817 820 4884 instare
832 4825 865 4884 et
879 4813 1036 4898 laborare,
1060 4840 1101 4882 ex
1117 4837 1180 4904 quo
1191 4815 1247 4882 R¹'²¹
1264 4814 1363 4902 legati

59 4917 256 5003 ostenderunt,
281 4920 308 4985 si
331 4921 450 5008 quain
473 4920 559 4986 dicto
582 4922 700 5008 scripto
722 4929 831 4987 nostro
854 4922 909 5008 pia
924 4918 1131 5009 salubriaque
1152 4922 1360 5008 reperiantur,

59 5011 103 5082 illa
121 5021 188 5108 ipsa
209 5031 317 5111 patres
340 5022 423 5090 ultro
446 5023 591 5090 fortassis
613 5033 649 5088 ut
670 5046 740 5089 mos
763 5033 812 5088 est
826 5027 909 5089 inter
931 5045 1001 5090 sese
1025 5021 1197 5089 collaturos
1211 5046 1250 5088 ac
1264 5044 1360 5111 super
