3498 5818
1357 459 1420 524 21⁹

110 646 158 730 cipi
180 645 355 728 subiectus,
379 645 431 712 vel
455 646 568 712 saltem
591 654 746 733 tauquam
776 644 923 711 subditus
952 645 1095 712 Turcao:
1125 661 1261 735 quorum
1282 653 1319 710 ut
1341 645 1422 713 illud

107 751 270 814 maximum
292 751 386 816 nobis
409 749 581 818 allatarum
606 759 691 816 esset
713 749 938 816 detrimentum
962 759 994 817 et
1015 751 1248 840 praeiudicium
1271 773 1331 816 nec
1354 748 1419 816 ullo

106 852 187 917 modo
211 877 231 917 a
255 853 349 919 nobis
371 854 500 920 tolerari
521 865 640 942 posset,
663 855 796 942 agnosci
819 852 942 919 scilicet
963 863 997 920 et
1017 853 1129 920 haberi
1151 877 1190 920 ac
1204 853 1347 942 reputari
1362 876 1421 941 pro

106 956 240 1045 principe
263 965 295 1022 et
318 956 446 1023 domino
467 956 569 1023 libero
593 965 689 1046 atque
712 955 860 1022 absoluto
876 955 966 1022 illum
982 959 1037 1045 qui
1052 980 1087 1023 re
1102 957 1174 1045 ipsa
1189 980 1228 1023 ac
1244 956 1423 1023 secundum

106 1055 203 1124 divina
237 1067 270 1125 et
297 1059 440 1125 humana
475 1061 546 1125 iura
573 1059 667 1126 nobis
702 1070 738 1125 ut
770 1083 847 1126 vero
881 1083 920 1125 ac
952 1059 1094 1148 legitimo
1128 1062 1197 1150 regi
1230 1061 1423 1148 Hungariae

106 1160 261 1227 subiectus
283 1185 355 1230 esse
389 1163 493 1248 debet,
516 1165 550 1230 id
573 1163 662 1252 quod
682 1189 742 1253 per
764 1163 923 1232 eiusmodi
944 1166 1146 1231 vocationem
1169 1165 1298 1230 omnino
1320 1165 1423 1248 fieret,

106 1263 142 1326 ito
167 1272 200 1329 et
227 1265 290 1332 hoc
319 1267 496 1334 alteruma
526 1267 685 1358 dignitate
715 1279 748 1334 et
774 1267 879 1335 officio
903 1267 956 1334 8⁸¹⁸
980 1267 1013 1334 S.
1043 1267 1139 1356 plane
1170 1268 1310 1334 alienum
1331 1268 1423 1350 foret,

106 1391 199 1455 neque
224 1373 310 1436 enim
333 1375 490 1437 cernimus
514 1395 579 1461 qua
602 1375 764 1462 aequitate
789 1383 845 1438 aut
866 1394 930 1461 quo
961 1372 1139 1438 honestade
1174 1369 1281 1440 colore
1304 1369 1424 1438 subditi

107 1471 272 1539 infidelium
296 1473 339 1540 ad
361 1475 531 1542 concilium
555 1476 762 1541 christianum
785 1477 895 1544 vocari
917 1478 1043 1563 possint
1066 1486 1122 1542 aut
1144 1475 1293 1544 debeant.

200 1575 373 1643 Caeterum
395 1603 460 1645 non
483 1579 637 1646 absimilis
661 1601 790 1668 quoque
811 1581 894 1646 ratio
918 1590 966 1646 est
995 1579 1217 1647 Vaivodarum
1239 1577 1422 1646 Moldaviae

108 1685 133 1740 ct
151 1675 343 1766 Velachiae,
375 1685 431 1770 qui
459 1683 570 1748 itidem
594 1683 662 1748 sine
684 1682 882 1770 praeiudicio
910 1692 1019 1750 nostro
1048 1683 1090 1754 ad
1121 1682 1290 1750 concilium
1312 1682 1425 1750 vocari

108 1801 162 1843 non
183 1795 321 1868 possunt
341 1808 403 1850 nec
425 1784 557 1870 debent,
588 1785 745 1874 siquidem
774 1796 806 1852 et
838 1787 861 1850 ii
888 1809 958 1853 esse
989 1787 1108 1852 debent
1135 1786 1175 1852 de
1207 1788 1277 1852 iure
1307 1784 1426 1852 subditi

107 1886 198 1948 nostri
222 1895 255 1951 et
275 1887 404 1953 ficerunt
425 1889 644 1978 superioribus
667 1889 874 1978 temporibus,
899 1892 976 1977 quin
998 1912 1057 1957 nos
1081 1891 1142 1977 ipsi
1165 1913 1294 1978 quoque
1315 1889 1425 1957 literas

110 1983 145 2049 ab
166 1985 230 2052 illis
252 2000 285 2054 et
306 1989 442 2056 subditis
465 2015 576 2057 eorum
598 1991 754 2058 habemus
779 1993 896 2080 quibus
919 1991 1015 2058 fidem
1038 2003 1071 2058 et
1093 1991 1309 2059 obedientiam
1332 1991 1426 2059 nobis

24 2098 30 2115 ¹
109 2097 139 2151 ut
158 2093 228 2178 regi
250 2091 440 2180 Hungsriae
463 2094 605 2161 debitam
627 2105 863 2181 recognoscunt
885 2103 917 2160 et
937 2096 1093 2180 fatentcu,
1117 2118 1214 2183 quam
1237 2106 1273 2162 ut
1295 2097 1424 2182 saepius

109 2193 195 2259 nobis
233 2197 477 2284 significandam
516 2208 726 2282 curaverunt,
763 2221 849 2266 nunc
883 2200 980 2264 etiam
1006 2197 1143 2265 libenter
1170 2195 1264 2265 nobis
1291 2223 1326 2264 re
1357 2201 1428 2287 ipsa

110 2309 318 2384 praestarent,
340 2303 402 2366 nisi
424 2304 570 2390 pervim
591 2312 782 2390 cogerentur
804 2325 918 2392 parere
942 2313 974 2370 et
995 2303 1132 2370 subiecti
1153 2325 1223 2370 esse
1247 2303 1427 2372 Turcarum

110 2405 253 2483 potestati
276 2403 468 2494 illorumque
491 2407 579 2471 iussa
602 2429 780 2494 capessere.

206 2507 369 2588 Quocirca
383 2509 442 2575 tibi
455 2509 595 2597 benigne
611 2519 643 2576 et
657 2533 811 2598 expresse
826 2510 1018 2577 mandamus
1033 2522 1069 2578 ut
1082 2509 1163 2578 haec
1179 2511 1287 2578 omnia
1302 2532 1427 2579 summo

112 2607 247 2692 pontifici
270 2610 380 2676 ordine
403 2635 549 2700 exponas
572 2623 605 2679 et
627 2615 653 2680 si
674 2637 758 2704 opus
781 2616 840 2680 erit
863 2616 981 2704 scripto
1005 2636 1134 2704 quoque
1157 2613 1328 2700 exhibeas,
1359 2614 1429 2681 eius

21 2716 26 2747 ²
113 2709 171 2773 som
193 2725 377 2781 reverenter
400 2715 620 2800 admonendo,
643 2717 736 2785 nobis
758 2717 845 2798 nullo
867 2719 963 2786 modo
986 2717 1154 2784 ferendum
1176 2718 1244 2786 fore
1265 2717 1354 2807 quod
1374 2718 1430 2784 ΕΝ

116 2811 144 2877 S.
165 2817 217 2884 vel
240 2817 360 2885 dictum
383 2822 470 2904 regis
493 2820 629 2887 Joannis
646 2821 745 2888 filium
761 2819 813 2888 vel
827 2821 991 2910 praefatos
1006 2820 1191 2888 Moldeviae
1206 2831 1239 2888 et
1253 2821 1431 2890 Valschiao

114 2913 270 2986 Vaivodas
293 2922 336 2987 ad
359 2923 530 2988 concilium
553 2935 656 3008 vocet,
680 2947 719 2990 ac
735 2924 875 3014 desuper
888 2926 1017 2992 nomine
1033 2935 1142 2992 nostro
1158 2949 1178 2992 a
1193 2925 1238 2992 8¹²
1257 2927 1325 2994 eius
1340 2937 1432 3014 petas

115 3029 144 3084 ut
164 3023 326 3110 dignitatis
348 3037 382 3092 et
402 3027 649 3093 existimationis
671 3037 800 3094 nostrae
822 3051 882 3094 nec
904 3051 969 3094 non
984 3030 1108 3100 ,iurium
1129 3039 1310 3100 nostrorum
1325 3042 1431 3118 pater·

115 3145 180 3190 nam
202 3129 358 3196 rationem
380 3129 501 3198 habere
524 3129 610 3215 velit,
626 3141 721 3218 prout
735 3130 841 3200 filialis
857 3134 957 3198 nostri
978 3156 1057 3220 erga
1072 3132 1138 3198 S²⁰¹¹¹
1153 3135 1222 3200 eius
1237 3144 1271 3199 et
1286 3143 1431 3202 sanctam

24 3308 29 3325 Ι
115 3225 200 3296 iatam
236 3233 345 3300 sedem
382 3234 528 3323 obsequii
565 3235 706 3302 studium
743 3246 897 3322 meretur,
935 3246 967 3302 et
998 3259 1058 3302 nos
1087 3236 1152 3302 Sam
1184 3240 1270 3323 eius,
1302 3239 1433 3324 cognita

115 3323 270 3402 voluntate
306 3348 437 3424 nostra,
479 3338 573 3406 nobis
609 3340 642 3406 iu
676 3363 710 3406 re
744 3341 828 3406 iusta
860 3349 892 3406 et
929 3361 1036 3428 aequa
1072 3341 1325 3428 gratificaturam
1366 3364 1431 3406 non

23 3442 28 3513 ζ
119 3433 359 3508 diffidimus...

247 3571 304 3638 ugr.
325 3571 438 3626 rusina
455 3575 481 3639 2,
499 3574 557 3628 css.

670 3737 874 3750 u-—n—n--u

674 3937 865 4026 CXXXI.

352 4153 431 4229 Der
457 4153 592 4260 Kaisar
617 4179 663 4234 au
692 4158 825 4232 scinco
853 4154 996 4233 Orator
1023 4158 1058 4231 in
1088 4153 1199 4250 aona

530 4309 637 4375 Wien,
657 4313 693 4364 12
711 4309 907 4376 September
926 4312 1017 4362 1501.

618 4491 690 4548 Acco
711 4491 747 4546 A.
792 4490 930 4563 Orips'col.

617 4615 754 4670 mmm.
779 4612 903 4685 Gocccpt

215 4795 391 4882 Magnifice
413 4792 516 4860 fidelis
534 4791 632 4860 ,nobis
655 4792 781 4862 dilecte.
802 4793 950 4868 redditae
972 4791 1100 4860 suerunt
1121 4792 1215 4859 nobis
1234 4791 1345 4858 literae
1360 4800 1436 4858 tuae

121 4921 193 4986 quas
216 4901 268 4966 die
291 4901 332 4966 23
354 4900 502 4988 proxime
535 4896 636 4986 elapsi
664 4901 784 4966 mensis
805 4898 945 4984 Augusti
969 4896 1011 4963 ad
1040 4919 1099 4962 nos
1133 4895 1260 4964 dedisti.
1290 4905 1325 4962 et
1349 4894 1438 4983 quod

122 5003 265 5093 imprimis
290 5005 404 5114 attinet
426 5003 468 5070 ad
486 5000 587 5070 filium
603 5001 767 5090 quondam
782 5003 868 5089 regis
883 5000 1019 5068 Joannis
1034 4998 1238 5083 inhaeramus
1253 5000 1436 5066 novissimis

1188 5120 1235 5173 16*
