3532 5832
120 657 226 724 anisi
250 663 309 722 tot
328 655 554 744 inquisitiones
576 661 690 743 totque
712 675 885 743 processus
908 673 1008 742 super
1034 675 1071 720 re
1104 651 1164 718 ille
1195 652 1326 720 formati
1349 663 1458 721 essent

115 784 149 827 ex
169 783 206 826 se
227 761 311 849 ipso
333 758 412 826 illud
433 759 595 826 facturum
616 757 735 842 titisse,
770 757 829 825 sed
850 757 987 824 fratr-mn
1008 779 1140 824 suorum
1168 757 1455 844 congregationem

111 864 313 930 indicturum
333 885 405 930 esse
432 865 496 930 iste
518 861 559 928 de
582 884 683 928 causa
709 861 982 951 effecturumque,
1020 870 1057 928 ut
1079 861 1208 927 omnino
1230 859 1300 925 ΜΝ
1321 859 1364 926 V.
1385 864 1455 928 voti

111 991 241 1056 compos
265 968 328 1032 fiat
349 989 484 1054 remque
505 965 591 1033 hanc
612 974 703 1033 tanto
725 967 760 1032 in
782 975 929 1054 tempore
952 964 1196 1054 expediturum,
1231 973 1269 1032 ut
1290 987 1352 1052 ego
1373 972 1454 1031 tam·

109 1093 198 1158 quam
221 1071 299 1136 Mu·
317 1071 359 1137 V.
375 1069 412 1137 Ο.
434 1069 563 1157 legatus
585 1070 786 1136 coronationi
808 1091 887 1136 suae
909 1068 1026 1136 adesse
1047 1092 1188 1158 possem.
1212 1065 1354 1137 ostendit
1374 1068 1454 1135 mibi

107 1183 257 1262 preterca
289 1175 468 1260 scripturas
492 1174 593 1260 (quae
612 1172 760 1260 profecto
782 1171 904 1240 multae
918 1170 1008 1260 sunt)
1030 1173 1065 1240 in
1085 1173 1149 1240 hac
1169 1173 1307 1239 materia
1328 1179 1454 1250 confec-

106 1284 159 1342 tas.
182 1276 231 1342 ad
254 1275 345 1342 baec
367 1284 478 1343 autem
501 1297 564 1362 ego
585 1276 716 1342 nomino
736 1275 803 1342 Mu·
822 1275 864 1342 V.
887 1273 932 1342 δῖ’
957 1274 991 1342 S.
1007 1278 1130 1364 gratias
1153 1279 1206 1366 egi
1228 1287 1261 1345 et
1283 1300 1326 1344 ex
1346 1311 1401 1354 ma
1415 1305 1456 1352 aa

107 1403 184 1469 quae
209 1379 274 1446 M²¹
291 1380 333 1446 V.
356 1388 565 1469 opponuntur
585 1401 795 1468 nequaquam
816 1401 896 1446 vera
917 1401 1006 1465 esse,
1044 1380 1169 1449 sodex
1189 1382 1455 1457 calumniantium

107 1483 419 1570 demendumque
439 1481 640 1571 malignitate
653 1505 787 1550 manare
802 1483 972 1550 affirmavi.
996 1493 1030 1551 et
1042 1483 1105 1552 hoc
1127 1484 1204 1553 dato
1225 1510 1383 1576 responso
1399 1507 1456 1561 ac-

107 1599 196 1676 septa
223 1586 366 1654 licentia
388 1608 409 1653 a
430 1585 478 1652 Sa
494 1585 527 1652 S.
552 1585 696 1654 discessi.
719 1595 849 1675 patrum
877 1595 986 1654 autem
1020 1591 1229 1677 congregatio
1258 1593 1292 1658 in
1314 1596 1454 1666 eundem

106 1695 207 1780 ipsum
233 1691 329 1758 diem
350 1691 500 1757 intimata
521 1690 597 1776 ibit,
621 1713 720 1780 qaam
740 1691 890 1780 pontifex
904 1693 939 1758 in
961 1691 1060 1758 alium
1082 1693 1188 1781 diem,
1212 1719 1286 1764 cum
1309 1700 1455 1791 aliquan·

106 1798 202 1864 trlurn
224 1797 384 1886 podagre
404 1795 555 1864 laborare
568 1797 740 1885 inciperet,
765 1797 898 1863 distulit.
921 1797 991 1864 beri
1007 1817 1087 1864 vero
1109 1799 1201 1867 iussu
1222 1805 1384 1889 pontificis
1399 1829 1456 1894 pa-

106 1909 164 1967 tres
192 1903 232 1966 in
264 1899 425 1990 palatium
453 1908 689 1979 convenerunt,
727 1909 760 1966 et
785 1899 862 1966 buic
891 1902 1135 1990 congregationi
1161 1903 1241 1970 RQ·
1273 1908 1452 1976 cardinalis

107 2005 340 2091 Tridentinus,
363 2004 441 2071 licet
460 2004 507 2070 ita
527 2003 732 2092 podagrosus
754 2013 841 2072 esset
854 2013 892 2071 ut
913 2007 973 2072 vix
987 2027 1023 2072 se
1045 2028 1178 2074 movere
1192 2020 1319 2097 posset,
1341 2021 1453 2080 tamen

108 2108 221 2176 adesse
245 2108 354 2176 voluit
373 2107 439 2173 Mi·
462 2107 503 2174 V.
527 2129 636 2174 ceusu.
658 2105 806 2195 patribus
827 2130 906 2174 vem
934 2107 1082 2196 pontifex
1115 2117 1207 2178 tanta
1235 2135 1309 2180 cum
1331 2116 1452 2203 pietate

107 2222 136 2278 st
154 2235 276 2281 amore
309 2212 477 2300 negotium
497 2210 564 2277 Mi·
583 2211 624 2278 V.
653 2211 837 2299 proposuit,
874 2220 911 2278 ut
938 2212 1068 2280 omnino
1096 2219 1286 2303 apperuerit
1314 2217 1382 2284 8⁸⁸⁰
1416 2218 1451 2286 S.

106 2315 167 2382 bl*
192 2317 240 2382 V.
265 2315 522 2384 amantissimam
544 2335 625 2380 esse.
661 2322 755 2380 tanta
781 2337 860 2381 vero
889 2313 930 2382 de
958 2316 1144 2402 integritate
1166 2317 1273 2408 deque
1293 2321 1452 2409 religione

107 2419 168 2485 lt*
186 2419 233 2487 V.
262 2419 347 2486 dixit
367 2439 473 2506 eoque
493 2416 591 2484 modo
614 2416 741 2485 obiecta
763 2416 864 2502 diluit,
887 2419 935 2484 uti
955 2427 1072 2506 postea
1092 2418 1172 2486 mibi
1186 2443 1246 2510 per
1268 2423 1451 2493 cardinales

108 2535 280 2591 umatum
301 2531 371 2609 est,
393 2531 431 2588 ut
453 2523 595 2589 omnium
611 2519 825 2588 cardinalium
839 2521 939 2586 animi
954 2533 1238 2591 commoverentur
1258 2527 1293 2593 in
1314 2536 1450 2615 tantiam,

109 2636 141 2691 ut
160 2629 364 2694 unanimiter
389 2650 451 2715 per
477 2647 590 2694 omnes
618 2624 784 2692 decretum
806 2625 866 2710 sit,
904 2647 944 2691 ea
970 2623 1039 2690 M⁸¹⁸
1050 2625 1092 2692 V.
1116 2625 1153 2694 O.
1181 2628 1357 2697 tribuenda
1379 2655 1479 2729 essex

112 2754 190 2818 quae
212 2756 280 2820 per
299 2731 436 2798 Paulum
457 2731 506 2798 IV
527 2729 713 2819 pontificem
735 2728 896 2816 denegata
918 2729 1063 2814 fixorum,
1091 2730 1172 2796 Mae
1190 2732 1314 2801 scilicet
1329 2735 1371 2802 V.
1393 2738 1451 2803 im·

110 2845 296 2920 peratorem
319 2833 551 2924 appellandum
578 2832 722 2921 mihique
750 2833 858 2900 locum
885 2831 1095 2900 tribuendum
1124 2837 1181 2923 qui
1203 2859 1357 2906 caesareo
1379 2863 1451 2908 ora·

113 2942 169 3005 tori
192 2940 270 3008 dari
293 2940 385 3008 solet.
409 2939 549 3006 dimissis
563 2938 711 3028 patribus
725 2938 888 3026 pontifex,
911 2936 989 3005 licet
1009 2940 1075 3004 iam
1090 2937 1245 3008 inclinata
1267 2951 1354 3010 esset
1369 2943 1450 3031 dies,

112 3065 159 3110 ne
179 3047 216 3110 in
239 3043 399 3132 palatium
429 3066 488 3132 per
514 3041 689 3131 quemdam
718 3065 761 3109 ex
789 3043 857 3108 suis
878 3043 1027 3128 vocavit3
1065 3045 1189 3111 accessi
1216 3053 1249 3112 et
1270 3047 1379 3114 statim
1400 3049 1447 3114 in·

113 3169 242 3232 gressus
265 3149 382 3215 iterum
404 3145 448 3213 Se
462 3144 496 3213 S.
518 3149 640 3233 gratim
663 3147 716 3232 egi
738 3144 780 3212 de
806 3153 899 3212 tanta
921 3145 1122 3232 benignitate
1150 3169 1216 3236 qua
1244 3171 1323 3216 usus
1345 3160 1396 3217 est
1417 3154 1452 3219 in

112 3249 205 3318 rebus
230 3250 270 3319 O.
281 3250 348 3316 Ma
365 3251 407 3318 V.
429 3249 648 3339 proponendis
670 3259 703 3316 et
722 3249 869 3334 tuendis,
892 3271 1124 3337 nunquamque
1139 3248 1209 3316 'hoc
1230 3273 1274 3318 ex
1294 3257 1452 3322 memoris

113 3351 175 3419 ll¹¹⁸
197 3355 244 3422 V.
268 3357 454 3422 excisurum
481 3355 642 3422 affirmavi
674 3355 846 3443 omniaque
874 3355 960 3440 grati
990 3353 1090 3418 animi
1116 3355 1211 3440 signa
1231 3354 1312 3420 Man
1330 3357 1372 3424 V.
1396 3356 1450 3424 de·

114 3469 363 3527 monstraturum
385 3481 466 3526 esse
490 3457 534 3525 ed
555 3457 637 3525 haec
659 3466 768 3525 autem
783 3456 841 3524 δ”·
863 3455 907 3542 S,
932 3479 983 3538 se,
1006 3479 1081 3524 cum
1096 3459 1130 3522 in
1151 3458 1331 3526 minoribus
1354 3470 1450 3546 esset,

115 3571 143 3625 et
161 3561 385 3630 marchionem
398 3563 532 3630 stau-em
553 3583 648 3628 suurn
668 3561 724 3627 Μ*ι
736 3561 779 3627 V.
795 3561 984 3646 inservisse3
1005 3583 1093 3628 nimo
1107 3571 1216 3628 autem
1232 3585 1305 3629 cum
1327 3564 1381 3631 dei
1396 3587 1451 3652 op·
1495 3553 1499 3560 ’

114 3665 177 3732 timi
198 3667 338 3733 maximi
367 3664 525 3733 beneficio
558 3665 602 3732 ad
628 3665 715 3731 hunc
743 3663 910 3752 dignitatis
943 3659 1082 3752 gradum
1115 3675 1231 3734 evecta
1253 3668 1314 3750 sit,
1347 3667 1449 3736 multo

114 3771 236 3836 maima
262 3770 423 3836 facturam
444 3769 499 3836 Me
525 3769 567 3837 V.
590 3771 723 3836 servitia
752 3791 853 3856 seque
885 3769 1014 3834 omnino
1042 3767 1112 3835 Mi·
1134 3769 1176 3838 V.
1207 3771 1347 3841 enricum
1375 3794 1447 3840 esse

116 3871 192 3940 velle
229 3873 329 3960 dixit,
369 3873 540 3942 concilium
566 3882 737 3962 praeterea
765 3893 801 3938 se
829 3870 1028 3941 indicturum
1051 3872 1347 3992 perfectumque
1374 3897 1447 3944 esse

117 3997 210 4062 quarn
232 3980 373 4068 primum
395 3988 428 4044 et
450 3977 693 4066 expedictionos
714 3978 749 4042 in
770 3975 924 4042 Turcbes.
948 3974 1112 4066 adeoque,
1134 3979 1345 4046 invictissime
1373 4001 1448 4047 cae·

118 4101 183 4168 sar,
221 4104 316 4170 spero
351 4083 460 4148 omnia
492 4082 534 4150 ab
566 4081 630 4149 hoc
657 4090 769 4148 sancto
808 4079 962 4169 pontifice
992 4081 1073 4147 Mas
1094 4080 1136 4150 V.
1173 4094 1447 4172 consequuturam

213 4287 352 4376 Insuper
372 4310 432 4375 per
454 4287 522 4354 ΒΜ
542 4284 575 4353 S.
598 4286 677 4353 mibi
699 4286 822 4354 dictum
843 4286 919 4372 brit,
942 4297 979 4353 ut
1000 4289 1047 4354 ita
1067 4311 1120 4356 me
1141 4311 1388 4379 praepararem,
1410 4302 1448 4360 ut

117 4397 268 4480 tanquam
289 4392 354 4458 Mi·
368 4391 412 4458 V.
434 4390 562 4479 legatus
596 4393 795 4460 coronationi
822 4413 920 4477 suae,
955 4413 1039 4481 quae
1069 4392 1121 4460 die
1148 4393 1354 4482 Epiphaniae
1380 4397 1446 4484 fiet,

119 4493 228 4561 adesse
249 4517 394 4582 possem,
432 4504 465 4562 et
486 4494 575 4585 quod
595 4495 652 4562 fiet
672 4518 733 4583 per
754 4494 821 4562 8²⁸⁰
843 4493 876 4562 S.
898 4495 999 4563 breve
1022 4495 1263 4566 deliberationis
1285 4500 1391 4568 factae
1413 4503 1447 4567 in

119 4600 365 4685 congregatione
387 4621 485 4686 super
505 4600 636 4686 negotio
658 4598 725 4665 Mi·
744 4597 786 4664 V.
802 4597 839 4666 O.
863 4600 904 4666 de
925 4598 1099 4688 nepotibus
1113 4625 1192 4672 vero
1207 4605 1273 4670 suis
1296 4603 1388 4686 dixit,
1411 4627 1447 4672 se

119 4721 212 4768 unum
235 4725 278 4768 ex
298 4701 361 4768 illis
384 4701 428 4768 ad
448 4703 528 4769 Mam
549 4704 590 4770 V.
612 4705 786 4769 missurum
801 4725 888 4789 esse,
912 4705 969 4791 qui
990 4704 1024 4770 in
1039 4707 1170 4773 servitio
1192 4708 1235 4773 sit
1255 4706 1320 4773 ΜΨ
1339 4706 1381 4774 V.
1396 4710 1446 4775 in·

119 4803 222 4872 tellexi
244 4807 342 4872 etiarn
364 4829 385 4872 a
405 4805 567 4873 nonnullis
588 4806 776 4895 fidedignis,
814 4807 1000 4896 pontificem
1022 4809 1206 4878 decrevisse
1227 4811 1308 4877 ΜωιΙΙ
1328 4812 1370 4879 V.
1394 4835 1445 4880 oo·

119 4931 229 4978 ronarc
250 4919 283 4978 et
304 4912 366 4976 ista
388 4911 429 4979 de
462 4933 563 4978 cause
591 4911 772 4979 Bononiam
801 4911 959 4980 accedere
987 4935 1046 4982 seu
1074 4938 1292 5004 expensarum
1325 4916 1445 4983 eviten-

121 5011 228 5083 darum
249 5037 349 5083 causa
369 5015 496 5082 mittere
518 5015 659 5104 aliquem
680 5015 725 5082 ad
744 5016 824 5083 Men
837 5017 879 5084 V.
901 5039 976 5085 cum
997 5020 1189 5088 sonoritate
1210 5019 1446 5120 teoracensi,
