3468 5820
83 707 153 773 gere
175 685 312 774 dignata
334 695 392 771 set,
413 690 534 754 versati
556 711 679 774 sumus,
711 699 743 756 et
764 713 806 756 ex
828 711 890 778 quo
914 687 1004 756 (ihrnl
1024 691 1110 778 regis
1133 692 1250 758 oratori
1270 694 1391 780 praesi-

83 789 164 854 denti
185 791 307 878 Birago
329 813 349 855 a
371 813 465 857 sacra
487 791 610 880 synodo
633 791 713 858 illud
734 816 923 880 responsum
947 793 1073 859 absenti
1096 793 1203 860 daurm
1226 803 1283 874 est,
1306 794 1393 883 quod

81 914 134 956 nos
154 895 222 958 iam
247 905 320 960 ante
342 896 495 979 misimus,
518 894 648 985 publice
671 895 750 962 nihil
772 905 879 964 actum
900 904 957 963 est.
979 898 1127 984 privatim
1150 920 1226 964 vero
1248 899 1281 963 in
1296 921 1334 964 eo
1349 896 1392 962 la·

79 994 208 1062 boratur
231 1007 268 1063 ut
288 1007 396 1086 patres
420 997 466 1064 illi
488 1001 543 1087 qui
565 1001 598 1064 in
623 999 736 1064 eadem
760 1002 1008 1088 congregatione
1038 1022 1101 1087 qua
1122 1000 1241 1088 Birago
1263 1023 1392 1088 respon·

80 1120 143 1164 sum
166 1109 238 1182 est,
268 1101 309 1165 ad
332 1102 520 1168 scribendos
551 1101 591 1168 de
620 1113 819 1169 sacramento
847 1105 1040 1169 matrimonii
1067 1125 1206 1170 canones
1234 1127 1254 1169 a
1281 1113 1392 1170 sancto

79 1205 213 1273 concilio
238 1204 382 1295 deputati
404 1206 546 1288 fuerant,
575 1207 683 1272 omnia
710 1230 794 1294 quae
821 1207 885 1274 huc
912 1208 1072 1294 pertinent
1097 1209 1130 1272 in
1159 1215 1310 1294 promptu
1337 1205 1392 1270 ha·

77 1305 178 1393 beant,
204 1319 242 1375 ut
264 1309 304 1375 de
326 1311 364 1375 iis
388 1332 469 1397 quae
491 1310 553 1397 ipsi
576 1307 764 1395 collegerint
787 1312 891 1376 statim
908 1321 981 1397 post
996 1311 1170 1377 sessionem
1191 1320 1299 1398 patres
1322 1331 1391 1374 sen·

76 1413 187 1476 tentiae
202 1412 311 1478 dicere
322 1416 454 1500 possint,
480 1412 594 1500 quibus
618 1413 658 1477 D.
682 1413 781 1499 legati
804 1412 954 1480 articulos
977 1414 1132 1501 quosdam
1155 1413 1195 1479 ad
1210 1411 1392 1500 generalem

76 1513 333 1582 reformationem
362 1517 558 1604 pertinentes
594 1514 774 1580 adiuncturi
804 1516 1035 1582 existimantur.
1074 1515 1114 1582 de
1143 1537 1181 1581 eo
1210 1514 1296 1603 quod
1325 1535 1392 1580 sae·

75 1617 142 1700 pius
165 1620 202 1684 in
227 1618 354 1685 concilii
376 1619 621 1686 tractationibus
642 1619 777 1684 Romam
799 1621 951 1703 mittatur,
973 1642 1032 1685 nos
1055 1629 1141 1686 certe
1163 1619 1392 1707 frequentaret

74 1723 236 1787 nescimus
265 1745 306 1788 an
339 1746 404 1788 non
431 1725 528 1788 etiam
554 1744 711 1810 persaepe
737 1723 780 1788 ad
807 1723 950 1788 taedium
981 1745 1082 1810 usque
1110 1745 1183 1789 cum
1210 1721 1252 1786 D.
1279 1721 1393 1807 legatis

75 1824 221 1908 egimus,
255 1847 296 1890 ne
324 1825 387 1891 hoc
409 1848 467 1890 suo
490 1825 575 1890 facto
599 1847 709 1890 sacrae
731 1825 825 1890 huius
848 1824 964 1912 synodi
986 1827 1188 1892 autoritatem
1216 1833 1248 1891 et
1269 1845 1394 1890 omnem

74 1927 343 1993 existimationem
377 1927 503 1994 elevare
533 1937 630 2015 atque
658 1927 738 1994 adeo
766 1937 968 2015 prosternere
998 1938 1198 1994 conarentur.
1229 1927 1295 1993 iam
1321 1937 1394 2014 post

72 2027 130 2092 Ma.
152 2031 197 2096 V.
222 2031 256 2097 S.
281 2055 353 2098 cum
375 2031 436 2096 R¹²⁰
457 2030 498 2096 D.
521 2031 655 2097 Morono
679 2029 873 2120 colloquium
894 2040 927 2098 et
946 2033 1167 2097 tractationem
1188 2053 1253 2096 non
1274 2029 1395 2097 habent

73 2133 159 2220 quod
182 2134 274 2200 aliud
295 2135 525 2222 respondeant,
556 2135 616 2200 nisi
644 2135 729 2222 quod
760 2157 799 2200 ea
826 2158 909 2224 quae
937 2157 1023 2202 nune
1043 2135 1177 2200 Romam
1200 2135 1298 2199 missa
1320 2143 1394 2200 sunt

73 2235 232 2303 eiusmodi
255 2248 338 2322 sunt,
362 2249 397 2304 ut
418 2238 591 2326 plurimum
613 2235 668 2304 S¹²⁰
688 2237 730 2303 D.
752 2237 792 2303 N.
814 2239 940 2304 intersit
961 2239 1044 2304 scire
1065 2236 1143 2326 quid
1164 2237 1205 2302 de
1219 2235 1282 2302 illis
1298 2238 1394 2303 statui

73 2337 200 2425 debeat,
231 2343 286 2429 agi
307 2341 391 2406 enim
414 2341 453 2406 de
476 2341 507 2406 S.
531 2339 580 2406 sa.
601 2342 694 2406 titulo
717 2351 749 2406 et
769 2343 947 2408 autoritate.
970 2340 1010 2406 de
1040 2341 1261 2428 superioritate
1289 2363 1393 2428 papae

75 2451 105 2506 et
126 2442 259 2509 concilii
281 2443 321 2509 de
344 2465 409 2530 qua
437 2443 503 2508 Ma·
527 2441 565 2508 V.
589 2443 621 2508 S.
649 2465 722 2508 cum
750 2442 792 2507 D.
821 2445 938 2510 nuncio
964 2443 1129 2528 dissensit,
1158 2442 1286 2530 publice
1315 2442 1394 2510 nihil

73 2553 119 2608 est
142 2557 254 2613 actum
277 2569 319 2613 ex
341 2545 499 2634 professo,
521 2547 583 2611 nisi
606 2545 692 2634 quod
714 2546 813 2635 aliqui
834 2551 943 2633 patres
964 2548 997 2611 in
1009 2546 1145 2614 dicenda
1161 2569 1221 2632 sua
1235 2549 1393 2613 sententia

73 2668 133 2715 uno
162 2661 263 2738 atque
291 2649 391 2716 altero
419 2648 522 2716 verbo
553 2649 725 2737 aliquando
754 2651 846 2736 quasi
874 2673 933 2738 per
959 2651 1167 2716 transennam
1199 2648 1394 2716 invehebant

74 2753 147 2838 quid
171 2753 215 2819 de
238 2777 275 2820 eo
298 2755 462 2836 sentirent,
483 2753 581 2841 idque
602 2761 669 2818 tum
693 2752 802 2831 fiebat,
825 2754 853 2818 si
882 2753 961 2842 quid
988 2754 1070 2820 forte
1098 2753 1207 2820 durius
1235 2752 1276 2819 de
1297 2754 1393 2820 refor-

73 2857 214 2924 matione
237 2856 447 2922 cardinalium
471 2865 503 2922 et
525 2856 633 2923 curiae
646 2857 684 2922 R.
707 2854 866 2922 abusuum
889 2857 1004 2923 dicturi
1027 2867 1126 2924 erant.
1149 2855 1204 2922 alii
1226 2859 1310 2924 enim
1331 2857 1393 2924 hac

73 2960 273 3042 praefatione
295 2959 479 3044 utebantur,
501 2981 566 3024 non
588 2961 634 3026 ita
657 2960 762 3046 accipi
784 2959 902 3026 debere
925 2982 1009 3049 quae
1032 2961 1149 3025 dicturi
1164 2970 1278 3046 essent,
1302 2961 1394 3048 quasi

73 3061 131 3146 ipsi
155 3087 280 3131 summo
312 3063 455 3151 pontifici
480 3062 699 3149 praescribere
727 3061 862 3148 vellent;
899 3063 981 3128 scire
1016 3064 1101 3128 enim
1129 3084 1163 3127 se
1197 3071 1231 3129 et
1260 3063 1393 3130 firmiter

74 3166 205 3234 credere
228 3166 307 3232 nulli
329 3189 401 3234 eum
424 3167 575 3253 potestati
599 3165 742 3232 subesse.
766 3165 821 3231 alii
842 3188 919 3232 vero
943 3168 997 3254 qui
1016 3165 1091 3232 huic
1112 3168 1305 3234 contrariam
1320 3189 1392 3234 seu·

74 3272 207 3338 tentimn
228 3281 367 3354 tuentur,
390 3279 423 3336 et
443 3271 504 3358 ipsi
527 3267 671 3336 nonnihil
700 3267 851 3334 dicebant
872 3290 914 3333 ex
936 3291 1000 3355 quo
1027 3267 1161 3356 intelligi
1189 3279 1309 3356 potest,
1337 3293 1392 3339 eos

73 3372 152 3439 nihil
174 3376 280 3442 vereri
302 3376 399 3442 etiam
420 3373 604 3462 pontificem
627 3372 755 3438 concilii
777 3371 914 3437 decretis
942 3373 1136 3458 astringere3
1159 3373 1218 3438 sed
1232 3383 1338 3441 umen
1359 3373 1393 3440 hi

74 3477 177 3545 minus
200 3487 310 3566 aperte
331 3499 400 3544 rem
422 3478 569 3564 agebant.
593 3477 655 3540 iam
676 3497 754 3540 vcro
785 3475 812 3538 si
840 3472 918 3562 quid
949 3474 989 3540 de
1018 3474 1079 3541 hac
1101 3478 1287 3562 quaestione
1308 3479 1392 3544 intra

72 3581 216 3664 privatos
238 3583 377 3669 parietes
399 3583 554 3668 agitatur,
575 3602 640 3646 non
663 3579 807 3644 arbitrati
830 3601 939 3644 sumus
963 3599 1080 3666 operae
1100 3581 1244 3666 precium
1259 3581 1327 3647 fora
1355 3590 1391 3647 ut

73 3681 104 3746 id
126 3707 256 3776 quoque
276 3684 335 3750 Mu
348 3685 389 3751 V.
414 3684 444 3750 S.
468 3683 748 3772 perscriberemus.
770 3681 929 3746 infinitum
951 3682 1035 3747 enim
1058 3692 1142 3750 esset
1164 3683 1304 3750 omnium
1326 3694 1391 3750 stu·

75 3783 126 3852 dia
147 3799 180 3855 et
200 3809 344 3855 rumores
366 3791 422 3877 qui
444 3787 633 3875 plerumque
656 3786 766 3873 spargi
789 3785 895 3853 solent
924 3795 955 3850 et
980 3784 1170 3874 frequenter
1195 3787 1272 3852 vani
1301 3797 1390 3874 sunt,

74 3909 330 3977 commemorare,
355 3901 387 3958 et
407 3890 590 3957 huiusmodi
611 3889 672 3955 Ma.
693 3888 733 3956 V.
757 3889 789 3955 S.
815 3889 946 3955 auribus
968 3889 1102 3975 indigna
1124 3898 1206 3955 sunt.

172 3995 334 4063 Articulos
356 3993 417 4060 Mt·
438 3994 478 4060 V.
503 3993 534 4060 S.
558 3993 598 4060 de
620 3995 844 4080 episcoporum
866 3991 1021 4058 electione
1036 4002 1067 4057 et
1082 3993 1295 4079 capitulorum
1309 3990 1389 4058 Ger·

73 4102 197 4168 maniae
218 4100 452 4182 reformatione,
476 4121 549 4162 cum
570 4098 636 4162 iam
658 4105 753 4162 antea
777 4097 811 4160 in
833 4096 996 4162 sententiis
1018 4096 1135 4162 uostris
1160 4094 1294 4161 coneilio
1317 4115 1390 4182 pro·

74 4207 289 4287 posuissemus
312 4213 344 4269 et
364 4210 401 4267 ut
422 4199 808 4268 eorumratiohaberetur
829 4200 1040 4287 petiissemus,
1063 4198 1131 4264 heri
1154 4200 1271 4286 scripto
1294 4199 1389 4264 etiam

75 4307 319 4396 comprehensos
340 4305 383 4371 D.
404 4305 520 4392 legatis
542 4303 743 4386 tradidimus,
773 4304 864 4370 utin
886 4306 1030 4389 proxime
1053 4302 1160 4368 futura
1183 4302 1324 4368 sessione
1348 4300 1388 4368 de

75 4406 111 4474 iis
135 4433 262 4502 quoque
285 4419 486 4476 statueretur.
509 4407 551 4473 D.
574 4407 673 4494 legati
694 4418 884 4495 receperunt
905 4431 940 4474 se
963 4414 1186 4473 ematuruerit
1212 4407 1235 4471 ii
1262 4426 1390 4495 quoque

76 4511 144 4580 aliis
167 4515 309 4583 articulis
330 4515 520 4582 inserantur.

172 4617 307 4707 Egimus
338 4642 466 4708 quoque
496 4617 665 4706 diligenter
691 4617 860 4708 negocium
889 4612 1229 4687 excommonicationis
1257 4612 1387 4706 reginae

76 4711 225 4808 Angliae,
252 4733 285 4789 et
305 4723 366 4788 Ma·
388 4721 427 4788 V.
457 4721 489 4789 S.
512 4724 723 4792 rationes...
759 4725 800 4790 D.
823 4725 937 4812 legatis
963 4725 1187 4812 proposuimus
1221 4731 1254 4787 et
1288 4721 1384 4809 longo

77 4841 218 4894 sermone
239 4829 402 4914 prosecuti
426 4847 542 4892 sumus.
576 4829 781 4916 quiquidem
806 4851 860 4895 eas
888 4830 1027 4893 rationes
1050 4835 1086 4890 ut
1107 4848 1166 4912 par
1194 4833 1262 4891 erat
1291 4823 1388 4890 admi·

78 4939 182 4994 serunt
204 4939 236 4996 et
256 4929 335 4997 nihil
358 4931 444 5020 quod
473 4955 528 4997 eas
557 4933 717 4998 infirmare
746 4942 856 5019 posset
884 4935 916 4998 in
944 4930 1085 4997 medium
1114 4927 1302 5012 attulerunt,
1331 4925 1389 4994 sed

78 5050 181 5102 omues
208 5037 398 5104 unanimiter
419 5036 666 5124 prudentissimo
690 5037 750 5101 Ma.
772 5037 813 5102 V.
837 5035 869 5102 S.
900 5033 1031 5102 consilio
1064 5035 1302 5125 acquievenmt
1332 5053 1388 5118 po·

1184 5150 1236 5208 36*
