3512 5838
148 681 249 734 mass
277 663 432 722 Verdienste
454 685 498 722 nn
525 667 573 722 das
587 667 844 723 zmundsmnnen
871 668 918 722 der
940 668 1054 722 Decreta
1077 667 1125 722 der
1148 669 1283 723 slebestsn
1311 667 1420 737 &nug

148 757 303 810 erworben
329 757 415 820 hatte,
445 758 536 812 immsr
568 757 746 810 aahlreiobsre
776 756 830 808 und
860 756 962 808 lentore
987 756 1093 822 Klagen
1124 756 1240 810 erheben
1273 757 1352 822 (Note
1387 773 1419 808 au

147 841 194 892 Nr.
218 841 378 904 CCLXXI).

224 928 301 980 Vom
320 929 349 980 C.
367 945 421 980 von
438 929 607 996 Lotbringen,
629 930 696 982 ttbsr
720 928 812 979 dassen
831 927 961 994 damalige
982 927 1101 994 Haltuug
1125 928 1171 980 der
1194 929 1337 996 allerdiugs
1359 929 1419 980 sehr

145 1015 323 1076 partciischs
341 1015 448 1068 Bericht
464 1015 492 1066 in
509 1014 610 1066 Pallor.
629 1016 654 1078 2,
672 1015 722 1066 839
740 1013 794 1066 und
812 1013 855 1064 die
872 1013 1092 1065 Venetianischen
1109 1014 1268 1080 Depeschsn
1290 1016 1316 1066 in
1332 1014 1418 1066 Mille·

147 1098 251 1150 donne
264 1102 314 1152 236
325 1098 394 1152 noch
405 1117 438 1152 au
457 1099 626 1166 verglsicben
644 1100 710 1160 sind,
728 1098 901 1152 ttberbrachte
920 1099 966 1150 der
982 1100 1013 1150 B.
1026 1115 1079 1152 von
1096 1096 1205 1152 esthan
1223 1099 1416 1169 (Concilscten)

146 1184 289 1252 folgende
307 1187 476 1253 Vorstellnng
492 1201 527 1238 an
545 1186 596 1237 den
613 1187 718 1238 Kaisar:

225 1272 344 1324 Nomine
361 1272 395 1322 D.
413 1271 567 1338 Lotharingi
585 1271 741 1324 cardinalis:
759 1287 886 1322 summum
899 1269 1048 1338 pontificem
1059 1271 1125 1323 nihil
1137 1287 1229 1324 curare
1239 1275 1323 1340 magis
1335 1290 1414 1342 qnam

149 1363 184 1408 ut
205 1360 357 1410 concilium
374 1373 532 1424 quocunque
549 1357 656 1410 tandem
673 1357 751 1408 modo
770 1356 797 1408 id
814 1356 870 1410 fieri
887 1359 970 1422 possit
993 1358 1117 1408 citisdms
1143 1358 1304 1422 absolvatur,
1327 1364 1416 1427 proin-

147 1443 251 1510 deque
269 1444 334 1496 nihil
352 1460 443 1496 eorum
465 1445 671 1510 praetermittere
694 1458 762 1509 quae
786 1442 837 1494 boc
860 1445 917 1494 eius
934 1440 978 1496 Sl·
1002 1443 1139 1494 consilium
1162 1444 1288 1498 adiuvare
1308 1449 1417 1512 possint.

144 1528 226 1582 banc
249 1531 332 1580 fnisse
355 1531 435 1582 etiam
452 1544 575 1592 causam,
598 1545 645 1580 cur
667 1543 700 1580 ea
721 1528 777 1580 tisri
800 1529 963 1582 mandaverit
986 1545 1054 1595 quse
1077 1545 1167 1582 eorum
1190 1533 1303 1582 omniun
1326 1548 1416 1584 ansam

141 1618 345 1681 praebuerunt,
363 1631 432 1684 quae
449 1632 533 1683 nuper
550 1618 578 1666 in
595 1615 700 1682 capella
717 1615 790 1668 facta
806 1621 867 1668 sunt
889 1616 957 1666 inter
980 1614 1054 1668 Βιιιῐ·ιι
1076 1616 1262 1682 Hispaniarum
1286 1623 1313 1670 et
1336 1617 1416 1671 Chr¹²¹

144 1702 308 1754 Galliarum
325 1705 394 1770 regia
413 1708 538 1767 oratores,
555 1708 586 1754 ut
603 1703 686 1756 omnis
704 1701 824 1754 dissoluti
843 1702 949 1754 concilii
967 1702 1054 1767 culpa,
1076 1703 1100 1752 ai
1121 1702 1171 1753 hac
1189 1705 1290 1756 ratione
1307 1709 1338 1756 nt
1354 1722 1414 1771 spc-

141 1789 238 1840 rabat
256 1787 365 1843 dissolvi
382 1790 525 1855 potuisset,
548 1790 576 1838 in
602 1787 693 1840 Gallos
711 1787 900 1840 transferretur.
924 1787 1034 1840 eandem
1058 1788 1091 1839 ob
1116 1803 1222 1840 ausam
1238 1805 1268 1841 se
1286 1796 1414 1844 tentatum

146 1889 216 1926 esse
237 1891 255 1928 a
271 1873 397 1940 pontifics
414 1889 460 1940 per
477 1874 608 1941 quendam
626 1875 786 1939 episcopum.
805 1873 901 1926 deinde
918 1889 966 1939 per
982 1874 1016 1924 D.
1034 1873 1179 1934 Mororum,
1203 1879 1232 1926 nt
1255 1876 1415 1942 legationem

141 1961 174 2009 in
199 1960 295 2013 Gallia
312 1965 464 2027 acceptaret
487 1977 545 2012 cnm
569 1960 620 2010 illia
644 1959 814 2011 facultatibus
837 1965 867 2010 ut
889 1959 923 2010 de
946 1960 1024 2010 rebus
1046 1960 1152 2025 positivi
1175 1962 1238 2012 iuris
1260 1963 1413 2016 matroon

143 2047 296 2098 scientiam
314 2047 451 2113 disponere
468 2051 566 2114 posset.
593 2047 643 2097 etsi
666 2061 727 2098 vero
751 2048 825 2096 initio
844 2045 1013 2096 vehementer
1035 2047 1179 2096 reluctatus
1202 2045 1288 2110 fuerit,
1312 2047 1347 2099 ad
1370 2065 1414 2099 cx·

144 2135 271 2183 hemum
288 2139 384 2196 tamen,
404 2148 463 2183 cum
479 2131 638 2198 intelligeret
656 2133 743 2182 invitis
761 2133 885 2198 Hispanis
903 2137 929 2181 et
940 2131 1014 2182 ltalia
1027 2133 1157 2196 episcopie
1169 2131 1233 2182 nihil
1247 2132 1316 2184 effici
1328 2149 1414 2200 posse,

143 2219 242 2270 videri
260 2221 312 2271 sibi
329 2219 399 2270 hanc
415 2220 579 2284 provinciam
602 2234 656 2270 non
680 2233 736 2268 ease
760 2217 957 2268 detrectandam
980 2217 1058 2282 idque
1081 2233 1135 2268 non
1159 2219 1200 2267 aui
1218 2220 1348 2271 commodi
1367 2221 1414 2272 sed

145 2305 283 2370 publicae
300 2306 421 2358 utilitatis
440 2319 528 2369 causa,
546 2307 585 2356 ita
601 2310 690 2356 tamen
707 2306 730 2354 ai
747 2303 775 2355 S.
792 2302 845 2354 Mt·
871 2303 900 2355 C.
924 2303 1046 2354 voluntas
1068 2303 1188 2354 accedat
1207 2319 1281 2355 orare
1299 2321 1326 2356 se
1344 2306 1413 2357 Mun

145 2389 177 2440 8.
201 2390 233 2443 C.
252 2395 283 2441 ut
300 2391 350 2442 sibi
368 2391 432 2458 quid
448 2389 504 2442 fieri
522 2390 587 2441 velit
606 2391 749 2440 clementer
765 2388 913 2454 significare
932 2388 1054 2455 dignetur
1064 2387 1145 2454 idque
1159 2404 1237 2454 qnam
1247 2389 1302 2441 fieri
1314 2395 1412 2456 poterit

148 2479 292 2540 citissime,
310 2481 340 2527 ut
357 2477 466 2528 Romam
485 2493 536 2544 quo
555 2492 680 2528 asnmmo
698 2473 821 2540 pontifics
840 2481 972 2538 evocatur,
991 2473 1120 2540 proticisci
1133 2480 1160 2525 et
1170 2474 1287 2528 illinoad
1298 2477 1411 2530 futuram

81 2581 83 2584 ·
150 2565 305 2614 sessionem
323 2562 476 2612 Tridentum
493 2564 588 2612 iterum
606 2563 632 2612 in
650 2566 767 2628 tempore
785 2562 880 2612 reverti
897 2562 988 2626 possit

227 2667 279 2717 Die
303 2664 474 2718 Concilacten
499 2665 632 2716 cnthalten
657 2663 727 2715 noch
749 2666 792 2714 ein
814 2665 920 2715 aweitcs
943 2663 1026 2714 Stich
1048 2665 1096 2714 mit
1111 2659 1179 2715 'dem
1201 2665 1411 2718 Elnlanfsdatnm

154 2753 193 2803 30
212 2751 270 2803 Juli
293 2751 340 2803 das
364 2752 419 2804 sich
444 2752 492 2803 auf
507 2753 550 2804 die
566 2751 768 2818 Vorstellnngen
795 2752 841 2802 dea
866 2752 1034 2818 Lothtingers
1059 2750 1171 2803 beaieht.
1201 2753 1257 2802 Das
1274 2753 1409 2806 Indorsat:

157 2841 290 2890 nunciata
308 2838 337 2892 C.
355 2838 511 2905 Lotharingi
529 2839 562 2889 de
580 2837 694 2889 finiendo
714 2837 825 2889 concilio
844 2837 943 2889 ktnnte
961 2838 1074 2904 glauben
1092 2838 1202 2890 macben
1221 2839 1282 2890 desa
1295 2837 1352 2890 dies
1366 2839 1410 2890 die

152 2927 184 2976 irr
205 2924 278 2976 dieas
296 2924 369 2989 Tage
396 2925 512 2975 fallende
530 2923 698 2990 Mittheilnng
727 2924 773 2974 dss
792 2924 912 2976 Bischofa
930 2941 982 2976 von
999 2924 1103 2975 &unsa
1121 2926 1160 2976 aei
1187 2925 1239 2990 (Νι.
1259 2924 1411 2992 CCLXXI).

151 3011 230 3061 Aber
247 3011 307 3061 dem
324 3009 472 3062 Wortlante
486 3009 557 3060 nach
572 3012 659 3062 meins
676 3010 720 3060 ich
739 3010 813 3061 durin
830 3010 958 3062 vielmehr
985 3013 1028 3062 ein
1046 3010 1105 3063 dem
1122 3011 1217 3061 Ksiaer
1234 3010 1410 3078 gelegentlich

153 3097 205 3148 der
221 3097 317 3148 beiden
340 3095 501 3162 Meidungen
525 3096 571 3147 des
595 3095 733 3147 cardinale
752 3100 900 3147 erstattstes
920 3095 1069 3148 Gutacbten
1092 3094 1225 3146 erkennen
1248 3112 1280 3146 au
1297 3101 1409 3148 mttssen.

151 3185 194 3235 Es
211 3183 308 3234 lautetr

223 3283 267 3337 11²¹
287 3285 316 3340 C.
335 3299 488 3352 persuasum
506 3299 564 3336 ssss
582 3285 662 3336 debet
678 3285 742 3335 nihil
759 3287 787 3335 in
804 3285 918 3336 concilio
939 3283 995 3336 lieri
1017 3289 1064 3336 ant
1082 3285 1193 3337 obtineri
1214 3301 1293 3352 possa
1315 3301 1407 3340 eorum

150 3387 223 3441 quas
240 3373 276 3426 ad
293 3371 423 3426 sedandas
440 3371 575 3434 religionis
592 3369 736 3422 discordias
754 3377 800 3423 aut
816 3371 966 3422 rsu'nsndss
978 3369 1071 3422 snum
1082 3377 1204 3424 autumes
1217 3373 1408 3427 catholicorum

150 3459 279 3526 reliqn'ata
295 3459 447 3510 necessaria
463 3461 531 3508 sunt
550 3473 610 3508 cnm
629 3457 697 3508 enim
715 3458 796 3522 ipsius
813 3456 866 3507 ΜΨ
884 3456 910 3507 S.
929 3457 1027 3508 iudicio
1045 3457 1086 3508 his
1103 3459 1263 3523 temporibus
1275 3462 1368 3528 capih'a
1380 3467 1408 3514 et

152 3547 356 3612 praecipuorum
373 3545 548 3596 membrorum
566 3543 714 3594 emendatio
732 3545 849 3608 inprimis
868 3542 1038 3606 desideretur,
1056 3549 1130 3595 tanta
1148 3550 1187 3595 cst
1204 3546 1343 3598 multitudo
1363 3564 1408 3600 sos

153 3632 254 3682 abusus
273 3635 298 3682 et
316 3630 489 3696 corruptelam
509 3645 561 3696 qua
582 3629 629 3680 illa
652 3629 751 3680 inlecta
776 3633 837 3679 sunt
852 3631 1000 3695 praefracte
1020 3629 1228 3696 defendentium,
1253 3637 1281 3683 ut
1305 3633 1407 3698 piorum

154 3722 184 3768 et
201 3713 337 3768 doctonrm
354 3723 458 3782 patrum
475 3717 589 3766 studium
604 3721 630 3766 et
647 3716 774 3766 industria
792 3717 826 3766 ab
845 3729 877 3767 ea
896 3717 1028 3766 obruatur.
1054 3715 1125 3784 quod
1143 3719 1166 3768 si
1183 3730 1250 3784 quae
1269 3720 1321 3769 sint
1337 3731 1405 3785 quae

155 3803 191 3854 ad
208 3803 337 3854 hismeria
356 3801 419 3853 cleri
436 3805 627 3854 correctionem
643 3803 822 3868 postulentur,
842 3817 874 3852 ex
893 3803 923 3852 iis
941 3802 1051 3854 fortiam
1072 3787 1199 3854 nonnulla
1216 3804 1405 3870 concedentur3

154 3890 189 3944 de
206 3892 300 3943 notens
317 3904 386 3956 quae
402 3887 447 3941 vel
463 3889 613 3956 suspicione
630 3894 731 3940 tantum
748 3889 882 3955 superiore
899 3889 1016 3940 membra
1033 3890 1169 3956 attingent,
1186 3891 1232 3940 rix
1243 3892 1320 3942 etiam
1333 3903 1405 3944 mau-

154 3977 253 4028 tionem
270 3976 357 4028 facere
375 3976 474 4030 licebit.
492 3978 556 4044 quin
574 3977 652 4027 ettam
671 3991 730 4025 cnm
748 3979 827 4026 antea
843 3989 903 4040 spes
925 3975 998 4028 facta
1020 3979 1090 4026 esset
1108 3973 1152 4024 Mu
1173 3974 1199 4028 S.
1223 3975 1326 4044 collegii
1351 3993 1407 4030 car·

156 4061 281 4112 dinalium
298 4062 510 4113 reformationem
529 4063 642 4113 concilio
661 4062 826 4112 comminuam
843 4063 890 4124 iri,
918 4077 985 4128 quac
1007 4077 1050 4112 res
1072 4077 1125 4113 non
1148 4063 1276 4112 immerito
1299 4063 1405 4114 maximi

163 4149 287 4200 momenti
310 4164 368 4200 esse
385 4143 429 4198 Mt
452 4147 479 4201 S.
497 4148 648 4212 videbatur,
678 4145 843 4197 nihilominus
870 4151 940 4198 certo
967 4149 1083 4214 ipsorum
1112 4147 1282 4200 cardinalium
1299 4164 1406 4200 numero

155 4234 332 4301 superioribus
351 4235 444 4285 diebus
462 4248 479 4284 a
495 4249 595 4284 summo
614 4232 736 4300 pontifice
756 4237 795 4282 sat
813 4232 942 4299 delegata.
961 4233 995 4284 ad
1014 4233 1080 4284 haec
1103 4235 1170 4285 sciat
1191 4233 1252 4284 Mt·
1274 4233 1300 4284 Β.
1326 4231 1405 4286 valde

152 4321 298 4372 timendam
317 4336 383 4386 esse,
400 4335 435 4370 ns
453 4333 512 4370 eum
530 4321 610 4370 ceteri
628 4323 717 4385 patres
734 4319 803 4369 hanc
821 4319 947 4370 Italorum
965 4322 1159 4385 oppressionem
1177 4319 1275 4370 diutius
1291 4320 1418 4386 perferre*

152 4406 332 4473 nonpossint,
350 4406 457 4458 nudem
474 4407 500 4456 in
518 4405 626 4471 aliquod
643 4421 767 4472 magnum
785 4405 882 4458 malum
905 4411 933 4456 et
949 4407 1124 4472 periculosum
1142 4406 1250 4472 aliquod
1268 4404 1404 4458 dissidium

153 4509 196 4546 res
214 4499 339 4559 erumpat.
362 4493 396 4544 de
414 4496 578 4546 sacramento
596 4507 659 4544 vero
679 4492 852 4544 eucharistiae
870 4493 944 4544 laicis
962 4490 1011 4544 sub
1028 4498 1138 4561 utruque
1155 4494 1243 4558 specis
1255 4491 1404 4559 praebendo

154 4585 200 4631 ant
216 4580 383 4631 sacerdotum
400 4579 572 4641 matrimonio,
591 4580 613 4628 si
631 4578 659 4628 id
676 4578 787 4630 fumasse
805 4578 839 4628 ad
856 4596 910 4629 rem
929 4581 1076 4645 pertineret,
1095 4579 1265 4632 concedendo
1283 4578 1347 4629 nihil
1364 4584 1407 4630 eet

152 4666 224 4734 quod
243 4681 275 4717 ea
291 4666 326 4716 ab
344 4665 395 4717 boc
414 4663 527 4716 concilio
545 4669 695 4729 sperantum
724 4681 783 4714 cnm
801 4667 870 4715 enirn
886 4681 972 4731 neque
989 4665 1017 4716 in
1033 4665 1111 4718 Italia
1127 4681 1213 4732 neque
1231 4667 1258 4716 in
1275 4664 1404 4730 Hispania

152 4767 184 4803 ea
200 4753 372 4818 requirantur,
390 4751 493 4802 illarum
512 4753 646 4801 nationum
664 4757 753 4816 patres
772 4755 924 4814 ceterarum,
942 4751 1021 4803 modo
1039 4753 1102 4818 ipsis
1119 4757 1190 4802 recte
1204 4751 1246 4815 sit,
1263 4749 1362 4802 nullum
1374 4765 1403 4801 se

151 4853 256 4904 prorsus
274 4839 401 4889 rationem
419 4839 554 4888 habituros
571 4852 634 4902 prae
652 4853 681 4887 se
699 4837 793 4888 ferunt.
815 4853 884 4902 quae
903 4851 961 4888 curn
979 4839 1017 4888 its
1034 4840 1093 4901 siut,
1110 4839 1171 4888 Men
1182 4836 1208 4888 S.
1227 4837 1405 4889 cousiderabit

152 4939 213 4978 nuni
231 4924 300 4978 ferte
317 4921 410 4975 melius
428 4925 462 4974 ait
479 4921 644 4976 commodam
661 4924 776 4990 aliquam
793 4921 900 4974 finiendi
917 4923 994 4974 huius
1012 4923 1118 4974 concilii
1135 4926 1260 4976 rationem
1277 4921 1402 4986 inveniret

150 5026 291 5078 quaecum
308 5010 381 5063 nulio
399 5016 488 5063 nostro
507 5010 638 5062 dedecore
656 5015 702 5062 aut
720 5010 850 5061 ecclesiae
882 5009 1029 5061 catholicae
1055 5009 1168 5063 ludibrio
1195 5011 1335 5062 coniuncte
1359 5009 1416 5076 rit,vv
