3498 5830
732 831 926 915 LXXIII.

459 1033 664 1144 'Prospero
692 1049 831 1125 d’Arco
858 1069 905 1124 en
935 1049 1008 1124 den
1038 1046 1190 1142 Kaisar,

593 1204 685 1270 Rom,
705 1205 739 1255 16
757 1203 944 1256 November
963 1204 1052 1254 1560.

484 1387 621 1441 Romano.
647 1385 793 1458 Originum
813 1385 844 1440 in
866 1392 956 1456 tergo.-
978 1385 1167 1440 3Dccamber.

262 1565 342 1631 Post
363 1575 540 1632 conventus
563 1588 645 1654 quos
667 1566 851 1654 frequentes
872 1589 932 1654 per
952 1565 1013 1631 hos
1042 1565 1111 1631 dies
1132 1564 1316 1630 habuerunt
1346 1583 1489 1628 summus

152 1669 308 1755 pontifex
330 1679 362 1735 et
385 1669 566 1736 cardinales
589 1669 749 1736 derebus
773 1668 915 1752 concilii,
950 1667 1049 1734 nichil
1077 1669 1157 1734 certi
1185 1666 1399 1734 deliberatum
1420 1665 1489 1748 luit,

154 1772 218 1838 sed
242 1783 399 1861 qnantum
422 1775 588 1860 cumipse
611 1773 762 1860 pontifice
785 1783 817 1838 et
839 1771 1057 1839 cardinalibus
1088 1780 1236 1837 conserto
1266 1772 1396 1858 saepius
1425 1791 1490 1834 ser·

152 1899 255 1942 mone
277 1877 430 1960 coniicio,
465 1897 539 1941 cum
561 1875 659 1941 nichil
681 1877 785 1962 magis
808 1897 905 1962 quarn
928 1876 1202 1940 continuationem
1224 1873 1426 1956 desiderent,
1448 1894 1490 1962 eo

153 1988 308 2066 spectant
330 2001 369 2045 ac
392 1979 527 2044 tendunt
548 1981 690 2066 ipsorum
714 1979 849 2044 conellia
869 1988 907 2043 ut
922 1968 1099 2063 diplomata
1111 1976 1222 2044 verbis
1238 1976 1398 2063 ambiguis
1414 1998 1488 2041 con·

120 2151 123 2159 ,
156 2083 352 2166 scribantur,
376 2105 460 2170 quae
482 2069 654 2170 utrumque
670 2105 799 2148 sensum
822 2081 990 2148 admittere
1004 2081 1177 2146 videantur
1191 2089 1224 2146 et
1239 2080 1487 2146 continuationis

157 2196 192 2250 et
219 2184 419 2269 indictionis,
448 2209 487 2252 ca
513 2185 719 2251 nihilominus
741 2194 848 2252 mente
870 2195 906 2252 ιιι
933 2185 1163 2252 continuationi
1184 2183 1381 2250 inhaereant.
1419 2182 1488 2250 dixi

158 2287 202 2354 Se
221 2287 266 2371 S,
289 2288 340 2354 vel
362 2311 433 2354 esse
448 2298 560 2376 aperte
576 2288 817 2356 concedendum
840 2312 961 2356 novrum
984 2288 1164 2372 concilium,
1187 2287 1276 2374 quod
1298 2286 1390 2352 salva
1406 2286 1489 2353 relli-

157 2395 256 2480 gione
279 2401 311 2457 et
333 2391 398 2456 fide
421 2390 580 2457 catholica
602 2390 736 2458 concedi
757 2401 869 2479 posset
892 2391 990 2480 (sicut
1012 2391 1070 2457 δι”
1088 2390 1120 2457 S.
1143 2393 1336 2478 promiserat
1358 2391 1487 2478 saepius

158 2518 194 2562 se
216 2495 375 2561 facturam
399 2515 610 2582 quaecunque
632 2495 685 2561 vel
717 2493 876 2581 relligioni
903 2495 956 2560 vel
990 2493 1168 2560 catholicae
1191 2495 1266 2560 fidei
1294 2517 1361 2560 non
1393 2515 1487 2580 repu-

158 2599 320 2688 gnarent),
343 2599 397 2664 vel
419 2597 548 2686 quando
576 2622 643 2664 non
664 2615 749 2664 esset
776 2599 870 2664 huius
899 2601 1012 2682 animi,
1043 2608 1153 2687 aperte
1174 2597 1360 2685 negandum
1389 2597 1430 2662 ob
1453 2597 1487 2662 id

160 2703 258 2791 quod,
283 2702 412 2791 quando
429 2699 552 2790 aliquid
567 2701 704 2784 obscure
719 2705 919 2790 propositum
935 2711 1029 2786 esset,
1045 2703 1113 2768 Mu.
1128 2703 1169 2768 V.
1186 2710 1354 2789 cogeretur
1376 2723 1487 2765 eorum

158 2818 269 2894 petere
293 2806 553 2890 declarationem,
588 2816 761 2894 antequam
790 2805 922 2872 adalia
945 2806 1202 2894 progrederetur,
1234 2829 1276 2872 ex
1304 2827 1367 2892 quo
1390 2803 1488 2870 nichil

160 2897 239 2976 boni
263 2909 322 2976 sed
342 2909 438 2997 plura
458 2909 546 3000 mala
567 2920 676 2976 essent
697 2897 925 2994 consecutura3
960 2910 1018 2976 sed
1039 2910 1120 2975 illud
1140 2910 1195 2976 vel
1222 2909 1368 2997 inprimis
1390 2906 1487 2973 valde

161 3013 341 3079 curandum
375 3035 461 3097 esse,
495 3037 536 3080 ne
569 3037 684 3101 parum
713 3016 837 3080 sincere
865 3025 922 3080 aut
949 3013 1085 3080 subdole
1108 3012 1263 3079 Germani
1292 3035 1403 3078 secum
1435 3013 1488 3098 agi

160 3126 402 3204 cognoscerent,
427 3117 515 3204 quod
537 3126 622 3182 esset
642 3117 762 3183 nedum
786 3141 841 3184 eos
863 3119 968 3206 magis
984 3117 1025 3184 ad
1043 3116 1296 3204 indignationem
1319 3115 1487 3197 lacessere,

160 3221 219 3286 sed
239 3243 391 3305 magnam
414 3221 658 3287 existimationis
681 3230 714 3287 et
736 3219 902 3308 dignitatis
929 3222 1086 3286 iacturam
1114 3220 1203 3308 apud
1225 3222 1412 3286 universum
1437 3241 1485 3284 or-

159 3322 235 3388 bem
262 3325 379 3389 facere.
412 3324 462 3389 his
491 3346 658 3390 accessere
683 3324 863 3390 rationibus
892 3346 975 3411 quae
1005 3323 1102 3390 michi
1123 3324 1193 3388 ΜΝ
1215 3323 1255 3388 V.
1278 3345 1337 3410 per
1364 3321 1486 3387 litteras

161 3425 224 3491 diei
248 3425 350 3491 ulfimi
374 3424 525 3492 Octobris
559 3427 767 3514 significavit3
799 3449 1020 3515 rerumquae
1053 3426 1134 3493 haec
1154 3425 1209 3492 vel
1237 3425 1302 3491 alia
1330 3426 1487 3512 proficere

159 3531 286 3615 possint
307 3531 340 3594 in
362 3531 525 3616 persuasis
548 3532 612 3596 iam
635 3541 667 3596 et
689 3530 885 3596 confirmatis
908 3532 1023 3596 animis
1043 3530 1112 3595 Mu*
1124 3530 1164 3595 V.
1189 3528 1351 3595 diiudicet.
1376 3527 1434 3594 S¹³⁸
1454 3528 1487 3594 S.

161 3655 234 3696 cum
256 3631 355 3698 nichil
375 3642 480 3698 tutum
503 3643 616 3699 contra
635 3634 717 3699 haec
739 3633 828 3719 apud
850 3657 885 3699 se
905 3631 1041 3700 haberet
1062 3632 1149 3719 quod
1165 3635 1289 3698 ratione
1304 3631 1406 3697 refelli
1423 3654 1488 3696 non

158 3744 280 3822 posset,
309 3737 343 3800 in
364 3734 454 3802 Sermi
478 3737 564 3823 regis
587 3736 766 3823 Hispaniae
789 3745 949 3803 oratorem
980 3757 1107 3801 omnem
1128 3759 1195 3801 rem
1224 3736 1345 3817 reiecit,
1381 3757 1401 3799 a
1423 3757 1488 3822 quo

160 3861 196 3903 se
218 3837 301 3904 adeo
324 3837 489 3923 sollicitari
511 3839 554 3904 ad
577 3841 850 3905 continuationem
873 3839 965 3924 dixit,
987 3848 1024 3904 ut
1045 3839 1151 3905 eidem
1163 3837 1300 3904 diversis
1322 3839 1419 3904 immo
1442 3839 1489 3902 in·

159 3941 265 4007 vicem
292 3941 513 4028 pugnantibus
540 3941 690 4008 fluctibus
719 3945 841 4030 agitato
865 3952 954 4009 esset
987 3941 1292 4026 commiserandum
1326 3943 1488 4028 persuasit

160 4053 270 4110 tamen
291 4053 328 4108 ut
349 4044 494 4112 viderem
522 4046 610 4132 apud
631 4045 669 4110 R.
692 4046 844 4130 Puteum,
879 4045 1035 4112 Cloadam
1066 4055 1099 4112 et
1121 4045 1334 4129 Saracenum,
1369 4043 1487 4130 quibus

159 4148 332 4234 negocium
355 4148 417 4214 hoc
439 4148 583 4215 fficmndi
606 4148 789 4236 diplomatis
810 4159 881 4216 erat
901 4151 1097 4232 iniunctum,
1131 4171 1174 4214 an
1202 4148 1330 4214 efficere
1358 4170 1487 4235 possem

160 4260 197 4316 ut
219 4253 252 4316 in
279 4251 365 4316 hanc
395 4254 587 4317 sententiam
608 4253 770 4336 venirent,
803 4253 879 4342 quia
907 4253 977 4340 ipse
1005 4251 1150 4318 factums
1179 4260 1248 4316 erat
1275 4272 1488 4338 quaecunque

161 4353 207 4420 illi
239 4354 390 4422 facienda
421 4357 631 4421 censuissent.
669 4356 728 4421 sed
756 4379 830 4421 cum
857 4357 890 4420 in
911 4355 978 4436 hoc
995 4356 1086 4441 prius
1110 4355 1241 4443 quidem
1262 4353 1486 4420 intentandum

160 4456 372 4546 reliquissem,
403 4458 557 4544 respondi
578 4457 677 4527 michi
696 4459 763 4524 iarn
785 4457 987 4545 exploratam
1010 4481 1121 4524 eorrnn
1143 4467 1283 4524 mentem
1304 4479 1386 4540 esse,
1409 4466 1488 4522 uta

161 4563 400 4629 continuatione
422 4585 487 4629 non
510 4560 687 4646 discedant,
710 4585 822 4628 verum
843 4560 924 4628 illud
945 4584 1046 4626 unum
1069 4585 1089 4628 a
1111 4562 1156 4628 Sa
1170 4561 1203 4628 S.
1220 4561 1308 4649 quod
1322 4569 1488 4648 praestare

159 4675 271 4752 posset
293 4676 325 4731 et
348 4666 481 4733 deberet
501 4664 696 4752 efflagitare,
722 4674 762 4731 ιιι
784 4673 939 4731 statueret
960 4688 1025 4732 non
1048 4665 1135 4753 quod
1157 4664 1395 4752 ipsi-dicerent,
1430 4661 1488 4728 sed

161 4768 249 4855 quod
271 4791 289 4834 e
311 4765 509 4856 reipublicae
532 4769 724 4835 christianae
751 4769 889 4835 utilitate
920 4778 952 4836 et
972 4770 1151 4856 praesentis
1172 4769 1327 4856 temporis
1349 4767 1488 4834 necessi-

160 4881 227 4937 tate
249 4893 366 4959 operaa
381 4873 519 4960 pretium
534 4872 603 4939 fore
621 4882 839 4960 cognosceret,
861 4873 1030 4960 presertim
1046 4895 1120 4938 cum
1134 4870 1217 4938 haec
1232 4893 1306 4937 cum
1321 4869 1487 4957 relligione

161 4984 194 5040 et
214 4975 279 5040 fide
302 4975 461 5042 catholica
484 4977 700 5042 consentiant:
724 4975 842 5064 quibus
865 4987 897 5042 et
918 4975 1065 5063 pluribus
1089 4974 1159 5040 aliis
1180 4975 1289 5041 verbis
1304 4973 1487 5041 vehementi

162 5079 291 5166 quidem
314 5081 517 5145 contentione
541 5103 561 5146 a
581 5101 633 5145 me
655 5079 764 5145 effusis
790 5078 888 5145 nichil
911 5077 999 5144 aliud
1017 5079 1170 5165 consequi
1192 5079 1292 5164 potui,
1316 5079 1377 5144 nisi
1400 5077 1487 5168 quod
