3460 5826
295 703 519 784 conventiculi,
542 711 576 770 et
597 705 621 770 s’
633 726 651 770 e
663 703 771 771 lodata
792 702 879 768 assai
893 701 967 769 dell'
978 699 1187 770 inbosciatori
1199 697 1370 769 Venetiani
1386 711 1418 767 et
1432 697 1665 770 Fiorentine

297 829 357 896 per
377 829 442 874 non
463 806 564 873 hever
583 807 693 874 voluto
715 805 924 874 intervenirvi
942 858 948 872 .
965 853 998 873 ..
1214 811 1217 820 '

435 997 468 1049 In
484 996 554 1050 allen
572 997 678 1050 Briefen
691 997 778 1048 dieser
789 996 910 1050 Woclren
927 997 963 1048 ist
980 997 1024 1048 dle
1036 997 1112 1050 Beda
1129 997 1217 1048 daron
1235 995 1297 1048 dass
1322 995 1366 1046 die
1383 993 1463 1046 (luite
1481 993 1559 1045 sicli
1580 989 1670 1043 mehr

368 1083 438 1134 deun
451 1083 482 1149 je
499 1084 546 1136 der
563 1083 691 1136 Stimmen
709 1085 756 1136 der
772 1084 857 1138 echon
873 1084 923 1136 anf
937 1085 997 1136 dem
1015 1084 1110 1138 (loncil
1126 1083 1302 1136 befindliclren
1319 1083 1401 1134 Vllter
1423 1098 1459 1134 aa
1475 1079 1668 1132 ver-sichem

365 1169 419 1220 und
437 1169 492 1220 ihre
510 1172 598 1222 Partei
617 1171 699 1222 durch
717 1186 784 1222 neue
801 1171 1002 1240 Ankdmmlinge
1025 1187 1059 1222 ru
1076 1169 1184 1224 stllrken
1201 1171 1308 1235 suebte3
1326 1169 1379 1238 rgl.
1397 1168 1562 1220 llendhm
1584 1167 1645 1218 28⁷
1655 1181 1664 1224 3

363 1253 514 1307 Beccadelli
532 1259 556 1321 a,
575 1259 634 1310 363.
653 1257 718 1322 ass;
735 1255 873 1324 Dtllinger
893 1257 916 1320 1,
934 1257 994 1309 4⁶8.

865 1455 1068 1468 *-

880 1683 1052 1770 CCXII.

558 1882 665 1956 Thon
695 1884 768 1958 und
798 1883 1031 1964 Draskovlos
1058 1910 1105 1963 an
1133 1886 1206 1960 den
1236 1887 1383 1976 Kaleon

750 2040 882 2105 Trient,
906 2043 944 2092 19
962 2041 1111 2092 October
1129 2043 1219 2092 1562.

617 2218 797 2276 Goneilaeten.
829 2220 978 2292 Oripianl5
998 2221 1029 2276 in
1050 2226 1143 2293 ter-po:
1164 2222 1206 2275 29
1231 2221 1352 2278 October.

410 2363 491 2430 Oum
513 2366 652 2452 primum
674 2387 729 2430 eas
753 2361 874 2452 [literas
901 2367 944 2432 30
966 2365 1166 2454 Septembris
1194 2376 1227 2432 et
1251 2367 1274 2433 4
1296 2365 1449 2434 Octobris
1476 2374 1651 2451 numque

310 2464 403 2531 nobis
420 2468 461 2532 15
475 2466 571 2532 huius
585 2470 705 2534 mensis
719 2467 875 2558 redditas]
890 2467 1038 2556 legimus,
1054 2470 1161 2536 statim
1176 2469 1238 2536 Mffi
1265 2470 1305 2536 V.
1321 2469 1354 2536 S.
1371 2470 1414 2536 ad
1428 2470 1500 2534 R¹¹⁰¹
1516 2468 1568 2534 D.
1583 2489 1653 2533 car

310 2569 434 2637 dinales
456 2570 567 2636 literas
591 2570 763 2637 detulimus
778 2621 786 2638 .
803 2621 836 2638 ..
859 2571 953 2639 simul
977 2574 1075 2640 etiam
1100 2571 1272 2661 diligenter
1292 2573 1382 2662 apud
1403 2595 1459 2640 eos
1482 2572 1527 2638 de
1544 2569 1655 2637 refor·
1714 2565 1715 2622 l

312 2675 449 2740 natione
472 2676 597 2761 egimus
620 2673 679 2741 sed
694 2724 702 2740 .
720 2726 752 2742 ..
775 2677 941 2764 impetrari
963 2677 1005 2743 ab
1028 2679 1074 2744 eis
1096 2675 1187 2744 nulla
1213 2678 1337 2744 ratione
1358 2684 1475 2766 potest,
1498 2685 1540 2740 nt
1566 2673 1651 2758 dog·

312 2787 432 2842 matum
458 2780 683 2844 tractationem
704 2779 923 2846 reformationi
944 2791 1150 2869 postponant,
1178 2805 1218 2848 ac
1239 2781 1339 2848 multo
1360 2783 1457 2847 etiam
1479 2779 1597 2844 minus
1619 2783 1655 2838 nt

314 2881 534 2946 intermittant
558 2882 710 2947 usitatam
732 2882 866 2948 aliorum
889 2883 1097 2966 conciliorum
1119 2896 1153 2952 et
1174 2885 1208 2950 in
1230 2883 1293 2951 hoc
1314 2883 1408 2950 etiam
1427 2881 1651 2970 approbatam

314 2983 396 3050 haec
419 2985 635 3070 coniungendi
658 2986 922 3052 consuetudinem
944 2987 1171 3075 praetendunt,
1199 3011 1219 3053 a
1241 3009 1306 3075 qna
1329 3009 1363 3052 se
1387 2985 1561 3052 discedere
1586 3001 1650 3045 non

313 3110 410 3176 posse
433 3087 604 3152 affirmant
626 3109 686 3153 nos
708 3097 795 3154 certe
816 3083 922 3179 neque
945 3091 1083 3157 antehac
1106 3113 1211 3180 neque
1225 3113 1314 3157 nunc
1329 3079 1535 3180 quantumin
1554 3083 1648 3152 nobis

315 3191 376 3256 fuit
396 3192 551 3256 mandato
572 3191 635 3256 Mfl·
649 3191 689 3258 V.
706 3191 738 3258 S.
761 3202 794 3258 et
811 3203 939 3260 nostrae
963 3195 1178 3261 conscientiae
1200 3195 1234 3260 in
1256 3191 1402 3282 urgenda
1416 3191 1648 3260 reformatione

317 3293 487 3378 defluimus,
511 3291 598 3384 quod
620 3295 775 3362 faciemus
798 3299 894 3363 etiam
916 3297 951 3364 in
973 3297 1134 3387 reliquum
1157 3308 1303 3385 tempus,
1329 3319 1434 3386 neque
1456 3317 1538 3361 vero
1563 3289 1647 3357 ullae

317 3407 373 3464 aut
394 3396 568 3465 blanditiae
588 3409 646 3465 aut
673 3409 759 3467 artes
779 3411 835 3466 aut
850 3404 998 3490 quamvis
1021 3403 1186 3489 speciosae
1208 3399 1454 3490 pollicitationes
1477 3395 1545 3464 ullo
1570 3407 1646 3460 tem-

320 3524 401 3590 pore
421 3504 599 3590 excogitari
621 3513 771 3591 poterunt
792 3525 988 3593 aquoquam
1005 3527 1087 3593 quae
1103 3555 1111 3571 .
1128 3555 1135 3571 .
1152 3555 1160 3570 .
1184 3515 1327 3571 anostro
1349 3526 1408 3569 nos
1424 3501 1531 3568 officio
1548 3499 1645 3565 dimo

320 3626 397 3671 rere
412 3614 555 3692 queant.
572 3653 604 3672 ..
629 3615 715 3672 certe
733 3616 857 3672 tanturn
879 3607 971 3673 abest
993 3619 1029 3674 ut
1050 3607 1103 3674 hic
1126 3608 1210 3674 lente
1232 3629 1292 3672 nos
1309 3629 1347 3672 ac
1361 3606 1478 3693 frigide
1494 3603 1643 3670 reforma·
1714 3590 1715 3609 ¹

319 3709 416 3777 tionis
443 3711 614 3796 negocium
640 3719 780 3776 tractare
802 3711 1032 3796 existimemur,
1067 3721 1104 3777 nt
1125 3709 1178 3778 rel
1206 3709 1291 3777 hanc
1320 3729 1419 3776 unam
1440 3704 1489 3774 'ob
1513 3725 1642 3772 causam

321 3812 411 3901 quod
425 3813 494 3878 eius
508 3835 568 3879 nos
584 3813 766 3901 cupidiores
782 3835 854 3880 esse
869 3815 1076 3900 ostendimus,
1099 3837 1195 3904 quam
1210 3813 1256 3880 illi
1271 3811 1400 3897 vellent,
1423 3813 1456 3876 in
1472 3811 1642 3876 maximam

321 3937 380 3981 nos
396 3915 485 4005 apud
501 3915 674 4005 plerosque
686 3917 841 3983 invidiam
853 3919 1027 4006 odiumque
1040 3917 1279 3984 adduxerimus.
1302 3936 1416 3983 verum
1432 3913 1518 4003 quod
1533 3929 1641 4002 parum
1714 3916 1715 3924 ’

321 4020 477 4086 hactenus
499 4042 540 4085 ea
560 4022 594 4085 in
615 4043 650 4088 re
671 4043 731 4108 per
753 4043 811 4087 nos
833 4023 1012 4110 perfectum
1035 4025 1076 4087 sit
1097 4031 1152 4087 aut
1174 4023 1295 4109 exigna
1317 4039 1391 4107 spes
1412 4017 1506 4084 nobis
1522 4016 1639 4102 reliqua

322 4124 363 4188 sit
394 4125 428 4188 in
448 4131 613 4211 posterum
636 4145 764 4214 quoque
792 4147 843 4192 res
865 4126 997 4192 meliore
1020 4125 1091 4191 loco
1106 4125 1239 4208 futuras,
1271 4145 1331 4190 nos
1363 4131 1529 4212 praestare
1560 4114 1639 4184 nullo
1714 4171 1715 4187 ,

323 4225 419 4294 modo
441 4249 622 4315 possumus.
655 4250 721 4294 non
743 4229 841 4295 enim
857 4237 969 4296 nostra
990 4227 1088 4317 culpa
1118 4227 1153 4293 id
1175 4227 1291 4308 evenit,
1326 4225 1385 4294 sed
1406 4227 1544 4292 fortasse
1565 4233 1634 4288 tem·

325 4354 403 4418 pore
425 4331 571 4410 iniuriae,
605 4341 662 4397 aut
681 4334 800 4398 nostris
822 4335 930 4420 potius
958 4333 1101 4421 peccatis
1127 4330 1334 4398 tribuendum
1356 4339 1413 4397 est
1438 4325 1512 4396 huc
1526 4322 1638 4394 accedit

325 4436 421 4500 etiam
450 4434 537 4522 quod
563 4433 630 4500 ΜΨ
661 4435 701 4501 V.
731 4433 764 4502 S.
785 4435 879 4502 nobis
909 4447 1065 4525 perpetuo
1096 4436 1288 4501 modestiam
1316 4435 1350 4499 in
1372 4431 1472 4500 literis
1494 4424 1636 4498 inculcari

325 4538 467 4623 mandat,
491 4548 524 4605 et
545 4541 572 4603 si
595 4561 660 4627 qna
682 4541 715 4604 in
737 4561 773 4605 re
791 4540 972 4606 cardinales
990 4540 1105 4605 leviter
1120 4539 1333 4624 offenduntur,
1357 4538 1465 4603 statim
1480 4557 1536 4604 eos
1551 4531 1636 4601 literis
1712 4608 1713 4620 ,

327 4644 393 4709 suis
415 4644 449 4708 in
472 4645 639 4730 proposito
661 4643 837 4728 confirmat,
861 4642 1046 4710 excusando
1070 4665 1190 4730 eosque
1212 4641 1356 4728 rogando
1378 4663 1420 4708 ne
1436 4663 1534 4728 aegre
1548 4637 1636 4705 ferani
1713 4652 1714 4700 l

328 4747 417 4837 qnod
438 4749 484 4812 ita
506 4768 604 4834 saepe
628 4747 668 4814 de
684 4748 910 4814 reformatione
933 4769 1006 4812 cum
1029 4747 1076 4812 eis
1100 4755 1224 4832 agatur,
1246 4745 1281 4811 id
1304 4767 1397 4812 omne
1420 4767 1463 4812 ex
1483 4735 1635 4812 bonorelv

327 4851 407 4918 fieri.
430 4849 492 4916 bac
513 4849 576 4915 M*
600 4852 639 4916 V.
656 4853 688 4916 S.
704 4851 915 4938 benignitate,
937 4861 974 4917 nt
994 4873 1107 4917 verum
1128 4850 1298 4936 fateamur,
1322 4847 1502 4916 cardinales
1517 4850 1561 4912 ita
1574 4841 1633 4908 abu·

322 4965 448 5038 tuctur,
477 4963 515 5020 ut
534 4975 600 5020 non
621 4977 772 5042 magnam
800 4956 862 5022 sibi
884 4957 1049 5042 rigorosas
1072 4952 1308 5022 reformationis
1336 4950 1521 5020 habendam
1544 4963 1633 5017 curam

330 5081 401 5132 esse
430 5059 637 5126 existiment.
654 5108 661 5124 .
678 5107 686 5126 .
