3512 5838
302 701 427 768 dierum
451 704 563 790 spacio
584 712 620 768 ut
641 725 681 769 ea
702 725 786 790 quae
808 701 915 771 adhuc
935 690 1058 772 restant
1084 703 1118 771 in
1146 703 1281 774 oonsilio
1312 705 1484 776 amanda
1511 713 1545 772 et
1566 705 1619 772 de·

301 806 506 872 terminanda
527 829 728 894 summopere
750 810 932 874 necessaria
955 807 1173 888 absolvantur,
1196 819 1229 875 et
1249 810 1344 878 nobis
1367 819 1456 876 tanta
1477 831 1555 877 cum
1574 810 1623 876 iu-
1715 876 1720 884 ,

303 910 424 974 stantia
444 908 540 976 finem
563 910 690 975 concilii
712 910 915 996 urgentibus,
948 911 1026 976 P“⁸''
1048 934 1159 978 eorum
1180 913 1251 977 Bm·
1282 936 1348 982 non
1381 935 1513 980 eernere
1547 911 1624 998 quid

302 1013 428 1098 possint
450 1021 506 1078 aut
527 1011 667 1078 debeant
688 1012 804 1078 facere.
827 1035 867 1080 ea
887 1036 1039 1081 sanares
1061 1015 1155 1081 nobis
1175 1014 1271 1103 plane
1300 1037 1388 1084 nova
1414 1025 1447 1082 et
1472 1017 1624 1101 inexpse

302 1123 373 1180 tata
393 1116 514 1181 accidit
535 1125 568 1180 et
589 1117 799 1202 suspicamur,
822 1126 878 1182 eut
898 1127 1041 1183 oratores
1063 1127 1190 1186 nostros
1205 1141 1225 1184 a
1238 1117 1304 1184 ΙΨ·
1318 1118 1434 1205 legetis
1461 1140 1528 1184 non
1543 1117 1625 1184 bens

302 1218 403 1282 fuisse
424 1217 602 1285 intellectos
627 1229 682 1284 aut
704 1217 802 1285 alium
825 1223 1008 1308 quempiam
1029 1243 1169 1290 errorem
1197 1223 1362 1290 fortuitum
1390 1223 1425 1286 in
1451 1243 1550 1287 sensu
1572 1230 1627 1286 aut

304 1324 566 1410 interpretatione
589 1333 622 1388 et
649 1323 865 1390 declaratione
894 1327 1009 1390 mentis
1039 1347 1078 1392 ac
1105 1325 1279 1391 voluntatis
1307 1333 1437 1392 nostrae
1458 1322 1625 1407 incidisse;

303 1447 410 1512 neque
433 1427 517 1490 enim
540 1436 683 1492 oratores
705 1427 808 1492 nostri
829 1451 850 1492 a
870 1427 964 1492 nobis
985 1450 1128 1516 unquam
1150 1426 1229 1494 talia
1250 1425 1402 1494 mandata
1428 1437 1626 1514 aeceperunt

302 1527 344 1594 de
366 1527 430 1593 fine
453 1528 581 1595 concilii
602 1539 693 1595 tanta
714 1552 788 1595 cum
808 1530 1049 1617 importunitate
1070 1530 1226 1616 urgendo,
1248 1539 1286 1596 ut
1305 1528 1461 1598 deberent
1475 1530 1573 1596 etiam
1588 1551 1625 1596 sa

306 1653 389 1719 quas
411 1631 518 1697 adhuc
539 1634 721 1699 necessario
743 1635 808 1698 sint
829 1633 1075 1700 determinanda
1095 1643 1128 1700 st
1149 1631 1276 1719 agenda
1296 1653 1355 1719 pro
1377 1631 1482 1718 gloria
1511 1631 1565 1698 dei
1587 1631 1624 1698 Ο.

306 1735 350 1799 Μ.
373 1743 406 1800 et
427 1733 596 1802 commodo
607 1737 777 1802 universae
788 1735 985 1823 reipublicae
996 1735 1226 1823 promovendo,
1248 1735 1302 1802 vel
1323 1734 1511 1822 imperfecta
1533 1733 1626 1802 relin-

306 1838 360 1925 qui
381 1836 434 1903 vel
456 1861 587 1926 prorsus
609 1840 730 1905 intacta
753 1841 935 1926 praeteriri,
963 1840 1111 1926 adeoque
1138 1841 1244 1926 ipsum
1271 1837 1444 1904 concilium
1470 1838 1626 1924 praecipi-

305 1951 410 2007 tanter
432 1941 580 2028 abrumpi
601 1953 634 2008 et
656 1941 788 2010 dissolvi
808 1947 916 2030 potius
939 1966 1037 2030 quam
1058 1942 1166 2010 debito
1182 1942 1277 2010 modo
1293 1963 1333 2008 ac
1347 1940 1459 2008 ordine
1474 1941 1518 2006 ad
1531 1941 1627 2006 mem

307 2043 434 2110 deduci.
456 2068 522 2111 non
545 2045 719 2112 diffitemur
741 2047 871 2134 quidem
893 2055 967 2114 ante
990 2047 1071 2112 duos
1093 2067 1235 2123 menses,
1263 2067 1337 2112 oum
1360 2044 1628 2112 animadvertere-

304 2170 376 2213 mus
398 2169 458 2214 nos
480 2150 513 2214 in
534 2149 755 2235 promovendo
778 2149 886 2218 debito
910 2151 1038 2216 concilii
1059 2171 1234 2237 progressu
1255 2148 1397 2216 consiliis
1419 2149 1549 2216 monitis
1564 2157 1626 2214 stu·

307 2251 367 2316 diis
390 2260 423 2317 et
443 2250 610 2318 laboribus
632 2255 749 2321 nostris
770 2275 886 2340 parum
914 2252 1072 2340 proficere
1099 2253 1246 2340 adeoque
1273 2252 1399 2318 concilii
1425 2254 1563 2338 negocia
1583 2252 1627 2316 ita

306 2357 445 2437 tractari,
468 2364 504 2422 ut
524 2354 599 2422 inde
621 2379 736 2443 parum
762 2357 910 2423 utilitatis
933 2356 974 2423 ad
1003 2355 1037 2422 S.
1059 2355 1096 2420 R„
1124 2357 1293 2444 imperium
1319 2377 1484 2444 regnaque
1511 2365 1544 2420 et
1572 2354 1626 2421 do

306 2460 406 2524 minis
425 2469 536 2524 nostra
557 2481 596 2525 ac
617 2459 700 2526 forte
722 2463 818 2526 etiam
834 2460 875 2526 ad
890 2462 1074 2526 universum
1090 2458 1200 2526 orbem
1215 2457 1336 2543 Obr'ffl,
1359 2457 1627 2548 quemadmodum

306 2583 456 2628 veremur
478 2584 552 2629 cum
572 2571 716 2651 tempore
737 2561 940 2630 manifestum
955 2561 1076 2628 factum
1090 2561 1139 2645 iri,
1162 2561 1338 2628 rediturum
1352 2561 1525 2644 videretur,
1541 2559 1627 2648 quod

307 2665 350 2730 ad
372 2667 557 2732 instantiam
579 2678 611 2733 et
632 2667 872 2754 requisitionem
887 2669 1001 2732 summi
1015 2665 1175 2754 pontificis
1190 2665 1301 2730 iisdem
1318 2663 1496 2731 oratoribus
1512 2666 1627 2730 nostris

307 2768 568 2834 mandaverimus
589 2779 633 2854 ut,
657 2769 913 2859 quandocunque
935 2771 1092 2836 senserint
1119 2769 1153 2835 id
1181 2771 1234 2854 agi
1259 2779 1296 2833 ut
1317 2767 1451 2834 concilio
1479 2767 1552 2834 finis
1573 2768 1628 2832 im·

306 2880 454 2958 ponatur,
477 2872 540 2958 ipsi
562 2872 596 2937 id
617 2876 746 2938 nomine
767 2882 876 2938 nostro
898 2895 963 2938 non
984 2871 1081 2939 modo
1102 2893 1167 2938 non
1188 2871 1374 2959 impediant,
1395 2893 1509 2936 verum
1530 2872 1625 2936 etiam

309 2975 394 3039 omni
426 2995 489 3058 quo
519 2983 671 3060 poterunt
704 2974 809 3041 studio
838 2997 877 3041 ao
910 2975 1080 3041 sedulitate
1111 2983 1330 3062 promoveant.
1367 2982 1509 3040 attamen
1538 2994 1627 3038 mens

308 3087 418 3142 nostra
438 3099 503 3142 non
524 3076 584 3142 fuit
604 3086 641 3144 ut
663 3079 843 3162 concilium,
865 3076 962 3145 rebus
984 3099 1067 3165 quae
1089 3077 1196 3143 adbuc
1216 3077 1350 3144 tractari
1371 3085 1403 3142 et
1426 3075 1629 3143 determinari

309 3179 464 3247 deberent
492 3181 525 3246 in
548 3203 704 3269 suspenso
719 3181 847 3260 relictis,
869 3191 936 3248 tam
959 3183 1124 3270 praecipiti
1146 3203 1243 3247 cursu
1265 3181 1308 3247 ad
1329 3181 1426 3246 finem
1447 3187 1621 3268 raperetur.

309 3283 448 3372 ideoque
471 3285 499 3348 si
520 3286 582 3373 ipsi
604 3295 747 3353 oratores
768 3286 868 3353 nostri
891 3308 984 3353 secus
1006 3293 1149 3374 egerunt,
1171 3286 1206 3351 id
1227 3307 1306 3351 sans
1327 3293 1458 3372 praeter
1479 3282 1626 3350 volunte-

310 3401 374 3452 tem
396 3397 427 3454 et
448 3389 602 3454 mandata
623 3399 733 3455 nostra
753 3389 900 3456 fecerunt
931 3398 964 3455 et
991 3411 1050 3455 nos
1077 3390 1112 3454 id
1139 3389 1329 3477 gravissime
1358 3388 1454 3454 laturi
1476 3409 1626 3454 essemus.

308 3513 420 3558 verum
441 3491 597 3558 hactenus
620 3515 662 3557 ex
683 3515 793 3558 eorum
814 3491 914 3558 literis
936 3493 1094 3559 coniiesrs
1114 3514 1180 3559 non
1200 3493 1372 3580 potuimus,
1396 3493 1484 3579 ipsos
1510 3491 1544 3557 in
1564 3492 1625 3558 bac

310 3603 400 3681 parte
422 3596 575 3660 terminos
597 3595 822 3662 mandatorum
844 3617 976 3662 suorum
996 3607 1213 3684 transgressos
1235 3617 1317 3680 esse,
1339 3595 1415 3683 quia
1430 3595 1625 3683 scripserunt

310 3698 440 3785 quidem
463 3697 514 3763 die
536 3699 578 3764 23
610 3698 817 3784 Novembris,
851 3697 913 3766 hoo
934 3709 1081 3788 tempore
1106 3723 1172 3766 non
1205 3697 1308 3766 solum
1337 3721 1371 3766 se
1393 3699 1496 3786 ipsos,
1518 3720 1630 3766 verum

310 3803 408 3866 etiarn
430 3801 510 3866 R¹²²¹¹¹¹²
532 3800 566 3868 C.
590 3802 825 3890 Lotharingum
846 3807 973 3871 nomine
994 3805 1134 3872 nationis
1157 3801 1346 3870 Gallicanae
1361 3811 1393 3870 et
1407 3811 1551 3870 oratores
1564 3801 1647 3868 Lu·'

311 3905 446 3970 sitaniae
468 3927 507 3970 ao
530 3905 661 3972 dominii
681 3907 798 3975 Veneti
821 3908 965 3996 aliosque
987 3907 1086 3974 ferme
1108 3929 1218 3974 omnes
1240 3905 1340 3974 aR¹²¹¹
1358 3907 1474 3994 legatis
1489 3905 1630 3994 alioquin

310 4009 409 4075 etiam
430 4010 464 4074 in
485 4031 555 4075 eam
577 4033 645 4076 rem
666 4011 923 4098 propensissimis
945 4011 1101 4098 flagitare,
1123 4021 1160 4078 ut
1181 4013 1214 4077 in
1228 4011 1377 4098 proxima
1392 4011 1538 4076 sessione
1553 4031 1628 4075 con·

311 4113 385 4179 cilio
407 4111 463 4178 diu
484 4112 683 4180 desideratus
703 4113 776 4179 finis
798 4115 988 4202 imponatur,
1012 4137 1113 4203 eaque
1134 4125 1266 4203 propter
1279 4137 1367 4182 nunc
1382 4135 1507 4181 summo
1524 4111 1629 4179 studio

313 4238 424 4283 omnes
446 4215 612 4284 elaborare
634 4226 670 4282 ut
691 4239 731 4284 ea
752 4239 836 4306 quae
857 4227 978 4286 restant
999 4218 1040 4285 ds
1061 4218 1294 4286 reformationis
1319 4218 1465 4286 articulis
1487 4226 1520 4285 st
1540 4239 1628 4305 prae·

194 4399 197 4406 ¹
314 4321 424 4389 sertim
447 4321 487 4387 de
508 4321 774 4388 monasteriorum
794 4322 1019 4390 reformatione
1041 4323 1075 4388 in
1096 4322 1216 4390 bonam
1237 4323 1379 4411 aliquam
1398 4321 1536 4392 forman
1550 4317 1631 4386 redi·

313 4436 432 4515 gantur
453 4447 494 4492 ac
513 4425 660 4512 patribus
682 4425 726 4492 ad
747 4425 985 4494 discutiendum
1016 4435 1255 4513 proponantur,
1287 4449 1352 4494 una
1382 4449 1455 4492 cum
1483 4428 1523 4492 iis
1550 4448 1632 4514 quae

314 4529 422 4598 adhue
444 4527 602 4596 derebus
625 4528 816 4613 dogmaticis
837 4541 960 4598 restare
982 4530 1140 4598 videntur.
1162 4553 1276 4600 verum
1297 4532 1381 4598 enim
1403 4553 1482 4600 vero
1496 4553 1555 4598 nos
1570 4553 1634 4596 non

315 4633 587 4721 praetermisimus
616 4632 659 4698 ad
683 4635 813 4700 eosdem
843 4645 985 4702 oratores
1012 4643 1138 4701 nostros
1167 4635 1230 4702 hac
1256 4634 1297 4700 ds
1324 4657 1360 4702 re
1390 4636 1473 4700 serio
1496 4633 1633 4700 scribere

317 4759 438 4825 eosque
461 4737 643 4822 admonere,
667 4747 702 4804 ut
724 4739 757 4802 in
779 4738 997 4825 promovendo
1026 4737 1103 4804 dicti
1132 4737 1257 4804 concilii
1285 4739 1374 4804 exitu
1403 4747 1498 4804 caute
1526 4746 1633 4824 agant,

315 4865 356 4908 ne
379 4843 450 4930 quis
472 4843 540 4908 iure
560 4844 663 4930 possit
683 4843 776 4909 nobis
798 4843 999 4908 turbaturum
1021 4865 1128 4908 rerum
1149 4850 1205 4907 aut
1223 4840 1354 4929 abrupti
1368 4841 1495 4908 concilii
1510 4839 1634 4928 culpam

316 4946 508 5032 adscribere,
531 4945 565 5012 id
587 4947 675 5038 quod
696 4949 743 5016 eis
765 4971 862 5016 curae
883 4947 1024 5016 futurum
1047 4967 1204 5015 essenon
1226 4945 1411 5014 diffidimus.
1436 4967 1541 5034 nsque
1556 4966 1635 5010 sane
1729 5009 1734 5030 ,
