3512 5838
28 775 29 792 ἢ
106 700 278 772 concedam
303 697 403 788 nolle,
427 721 509 793 quae
531 721 635 790 neque
657 695 915 768 Maximilianum
936 721 1041 788 neque
1057 695 1206 766 Carolum
1228 701 1423 787 praestitisse

27 805 30 886 l
104 819 302 897 compertum
327 819 384 875 est.
408 809 516 896 itaque
538 806 600 872 boc
623 805 719 873 etiam
740 806 818 894 ipsis
840 827 974 889 asseres,
998 804 1026 870 si
1049 802 1186 890 amplius
1208 802 1361 892 quiddam
1384 807 1422 870 ei·

102 911 161 976 mili
183 915 217 978 in
240 922 323 979 ectu
346 911 388 977 ab
409 909 523 977 iisdem
545 910 791 998 imperatoribus
814 909 935 976 dietum
957 909 1118 976 factumve
1140 931 1211 988 esse
1227 909 1422 976 demonstre-

102 1015 207 1099 verint,
231 1015 340 1082 lilium
361 1025 505 1084 nostrum
522 1064 529 1079 .
546 1064 579 1081 ..
604 1013 852 1081 cumulatissime
873 1013 908 1080 id
928 1016 1034 1103 ipsum
1055 1035 1127 1080 esse
1143 1012 1422 1101 suppleturum...

99 1117 168 1185 Alle
191 1119 293 1186 dalltr
317 1118 567 1208 beigebraehten
595 1118 795 1185 Documenta
827 1116 887 1185 soll
914 1119 1001 1184 Arce
1030 1117 1099 1182 auls
1127 1116 1422 1204 gewissenhafteste

99 1221 223 1308 prttlen:
340 1225 455 1290 etenim
468 1223 639 1288 meministi
650 1221 755 1288 adhuc
766 1221 916 1286 nimirum
929 1223 1057 1308 optime,
1074 1219 1191 1310 quibus
1207 1220 1330 1287 artibus
1347 1219 1421 1287 olim

97 1324 234 1392 afratre
258 1337 319 1394 tuo
342 1335 503 1393 extortum
526 1328 567 1392 sit
588 1325 811 1394 oboedientiae
834 1324 913 1390 illud
928 1323 1123 1392 vocabulum
1138 1373 1146 1390 .
1164 1371 1198 1390 ..
1220 1324 1283 1390 boc
1297 1335 1421 1392 tentum

97 1429 181 1510 seito,
205 1453 269 1496 nos
295 1430 330 1496 id
351 1431 439 1518 quod
455 1480 462 1495 .
479 1479 511 1496 ..
543 1429 652 1518 Scipio
681 1431 781 1495 frater
809 1439 883 1494 tuus
911 1440 947 1495 ut
973 1439 1102 1517 practer
1123 1429 1378 1495 commissionem
1402 1453 1421 1496 a

96 1531 184 1598 nobis
207 1543 382 1623 acceptam
405 1535 535 1618 diceret,
559 1534 709 1600 inductus
732 1543 790 1617 est,
814 1544 918 1600 ratum
941 1556 1107 1622 nunquam
1136 1532 1286 1598 babuisse
1314 1554 1421 1622 neque

95 1635 182 1701 salva
204 1639 347 1706 veritate
370 1662 390 1706 a
412 1661 574 1728 quoquam
604 1637 756 1703 affirmari
777 1659 888 1726 posse,
921 1660 981 1705 nos
1010 1636 1232 1703 oboedientiae
1260 1635 1420 1702 vocabulo

94 1760 236 1828 unquam
261 1765 340 1808 usos
362 1765 447 1826 esse,
477 1741 739 1831 quandoquidem
766 1740 874 1829 palam
901 1750 950 1807 est
978 1763 1041 1829 qua
1068 1742 1189 1807 ratione
1218 1740 1253 1805 id
1274 1741 1378 1828 ipsum
1400 1761 1420 1804 a

93 1841 176 1910 dicto
200 1845 306 1912 fratre
329 1855 383 1912 tuo
406 1846 503 1910 buerit
530 1843 684 1924 elicitum,
715 1865 778 1934 qua
806 1865 863 1932 spe
892 1846 968 1910 item
997 1845 1086 1909 inani
1113 1855 1149 1910 ut
1176 1843 1318 1910 mandati
1339 1844 1419 1909 fines

92 1947 307 2031 egrederetur
329 1951 355 2014 is
378 1950 559 2037 permoveri
584 1971 618 2014 se
640 1971 756 2036 passus
778 1957 835 2014 est

194 2059 262 2126 His
285 2059 432 2128 omnibus
454 2059 494 2128 δ’*
516 2059 548 2127 S.
571 2060 672 2128 libere
695 2061 849 2148 expositis
871 2059 913 2126 de
934 2058 1047 2126 ultima
1069 2061 1137 2126 eius
1152 2059 1328 2128 resolutius
1350 2081 1419 2124 sen·

90 2163 191 2228 tentia
212 2165 410 2252 proferenda
432 2167 574 2231 omnium
596 2166 836 2231 accuratissime
860 2175 988 2250 satages
1004 2175 1101 2251 atque
1116 2163 1250 2228 instabis
1267 2213 1273 2228 .
1290 2211 1322 2227 ..
1346 2185 1419 2229 eum

160 2265 251 2333 filius
274 2278 385 2334 noster
405 2291 465 2355 pro
488 2267 624 2334 colenda
646 2277 678 2334 et
700 2267 886 2333 honoranda
909 2265 941 2334 S.
964 2265 1007 2332 Sa
1024 2276 1056 2333 et
1078 2266 1154 2334 sede
1175 2264 1352 2354 apostolica
1374 2268 1419 2331 in-

91 2369 216 2454 signem
240 2370 437 2458 legationem
460 2370 620 2438 destinare
644 2373 805 2454 statuerit,
836 2370 875 2436 8²¹
899 2369 931 2436 S.
958 2373 1071 2436 merito
1094 2369 1243 2436 habenda
1265 2379 1315 2436 est
1336 2371 1418 2435 eius-

90 2471 177 2537 modi
199 2477 303 2560 ratio‚
339 2497 402 2562 qua
434 2498 497 2541 non
527 2485 593 2541 tarn
626 2485 766 2542 statuum
799 2475 925 2562 imperii
953 2497 1050 2561 quam
1073 2473 1217 2539 eiusdem
1239 2473 1295 2569 tilii¹
1317 2475 1417 2540 nostri

90 2576 189 2642 animi
220 2579 485 2646 innovationibus
513 2582 641 2646 minime
676 2580 867 2645 necessariis
896 2576 1099 2644 offendantur
1125 2586 1158 2643 et
1185 2586 1418 2664 exasperentur

171 2691 372 2770 quapropter
405 2685 520 2750 iterum
554 2694 651 2771 atque
684 2685 800 2750 iterum
829 2683 870 2749 de
905 2681 1018 2747 ultim
1044 2703 1176 2770 prorsus
1210 2685 1417 2769 responsione

91 2781 219 2852 edenda
242 2785 429 2853 laborabis.
446 2833 478 2853 ..

229 2994 291 3060 Vgl.
299 3008 390 3046 ausser
401 2993 528 3046 Reimann
540 2997 567 3047 in
578 2995 686 3048 Forscb.
699 2998 767 3060 8,13
779 2995 823 3048 Nr.
837 2995 1018 3048 ccuxxvln
1029 2996 1084 3048 und
1095 2996 1256 3050 Milledonne
1272 2999 1415 3052 ist-tte.

157 3079 229 3130 Fata
250 3079 304 3130 bai
324 3095 366 3131 um
389 3083 406 3131 4
429 3080 500 3148 Sept.
524 3085 571 3132 mit
595 3083 699 3148 obigem
724 3081 868 3134 Sebrciben
891 3084 918 3132 in
941 3083 1007 3134 Rom
1032 3084 1081 3134 ein.
1107 3083 1168 3134 Pius
1186 3087 1248 3135 wios
1266 3083 1309 3134 die
1326 3086 1414 3153 Ange-

156 3165 293 3233 legenheit
305 3157 408 3218 'wieder
426 3167 477 3218 den
494 3169 522 3218 in
540 3169 584 3219 Nr.
604 3169 709 3220 ceux
728 3174 876 3235 genennten
895 3167 1053 3220 Cardinlllen
1072 3185 1112 3220 nu.
1132 3169 1180 3220 Am
1201 3171 1232 3224 ts
1250 3170 1321 3237 Sept.
1349 3173 1413 3239 (Ito-

156 3267 247 3316 mana,
265 3255 291 3303 in
309 3260 383 3319 tergo
401 3255 434 3304 28
454 3253 538 3320 Sept.)
555 3255 686 3306 bericbtet
704 3255 774 3306 dann
792 3256 874 3305 Areo:
911 3255 1011 3316 Questa
1034 3257 1143 3306 mattina
1166 3255 1200 3308 bo
1224 3258 1326 3323 perlato
1350 3274 1367 3311 a
1385 3259 1411 3311 S.

157 3338 199 3389 Sl·
222 3355 236 3390 e
254 3346 359 3392 carecto
379 3339 509 3392 d’bcvsra
527 3340 646 3392 l'ultima
663 3341 824 3394 resolutione
848 3341 919 3392 circa
938 3341 963 3391 sl
979 3343 1087 3406 negotio
1106 3341 1149 3392 del
1167 3342 1246 3395 Sermo
1264 3359 1292 3396 re
1311 3345 1344 3396 de
1361 3345 1414 3398 Bo·

156 3427 239 3488 mani,
258 3432 284 3477 st
301 3441 349 3492 per
365 3426 458 3478 ultime
475 3426 645 3479 conclusione
662 3429 695 3478 m'
706 3427 741 3478 ha
759 3429 870 3493 risposto
884 3427 933 3478 ebs
951 3427 1014 3478 vuol
1031 3427 1087 3478 lare
1104 3428 1192 3495 quello
1210 3429 1348 3496 clispiaco
1360 3433 1414 3486 ella

155 3511 209 3562 Mt·
228 3511 259 3564 V.
281 3518 308 3563 et
326 3512 375 3564 ebs
393 3513 497 3579 spedire
514 3527 593 3578 sopra
610 3519 701 3579 questo
719 3529 755 3564 un
775 3515 886 3566 eorriare
904 3512 930 3563 al
947 3515 1038 3564 nuntio
1123 3517 1150 3567 io
1173 3517 1300 3571 cantando
1318 3527 1412 3586 questo

157 3605 185 3649 et
206 3599 360 3660 dubitando,
385 3599 434 3650 ebe
457 3601 520 3651 torsi
544 3615 597 3652 non
621 3601 750 3651 scrivesse
774 3599 965 3650 diversamente
983 3600 1009 3652 el
1025 3602 1123 3661 nontio.
1151 3603 1177 3654 la
1199 3607 1360 3672 pregaipnon
1377 3609 1413 3658 mi

156 3683 262 3735 lacesse
279 3686 394 3736 scrivere
412 3700 464 3736 una
481 3701 544 3737 cosa
561 3685 588 3736 la
605 3685 683 3752 quale
701 3687 746 3752 poi
763 3702 816 3737 non
833 3687 951 3753 segniore
968 3686 1011 3738 nel
1031 3687 1173 3742 medesimo
1191 3691 1278 3756 modo,
1297 3699 1324 3744 et
1341 3694 1411 3746 losse

158 3773 309 3822 necessario
333 3771 360 3822 dl
385 3787 473 3822 nuovo
496 3771 600 3838 spedire
622 3773 650 3822 in
667 3788 731 3838 qua,
758 3771 802 3824 dal
820 3771 869 3823 ebs
887 3789 940 3825 non
957 3775 1083 3839 potrebbe
1100 3791 1208 3829 nascere
1226 3794 1254 3830 se
1272 3783 1412 3834 nonmala

157 3857 341 3910 sodisletione.
368 3858 446 3909 m'ba
463 3855 536 3910 detto
555 3858 605 3910 cbe
623 3861 711 3910 scrius
727 3859 898 3910 liberamente
916 3875 932 3910 a
950 3860 982 3913 V.
1000 3860 1050 3911 pp·
1066 3862 1116 3914 obe
1133 3879 1193 3915 sara
1211 3866 1274 3918 cosi.
1301 3868 1335 3920 bo
1355 3886 1410 3921 cer-

159 3947 222 3996 cato
240 3945 286 4009 poi
303 3943 347 3994 dal
367 3943 396 3996 G.
414 3945 558 3998 Borromeo
576 3952 603 3998 et
620 3948 762 3998 secretario
780 3946 907 3999 Tolomeo
927 3947 953 3998 di
969 3949 1060 4000 renim
1072 3951 1098 4002 in
1111 3953 1260 4018 cognitione
1279 3953 1410 4023 deltutto,

156 4028 201 4082 all’
212 4029 305 4082 ultimo
323 4046 376 4082 non
393 4031 462 4082 n’bo
481 4038 576 4086 caveto
595 4031 670 4098 altro,
689 4050 772 4084 senon
790 4034 839 4084 che
857 4033 888 4086 V.
907 4035 957 4085 Mu
981 4035 1043 4087 atil
1062 4035 1140 4088 Ser¹²⁰
1153 4055 1180 4090 re
1197 4041 1224 4089 in
1242 4045 1311 4094 tutto
1330 4051 1409 4098 reste·

155 4131 220 4166 rano
238 4114 378 4167 sodisiatti.
396 4121 430 4168 m'
441 4117 475 4168 ha
493 4119 566 4169 detto
584 4119 604 4168 il
621 4134 691 4186 pape
708 4133 805 4171 ancora
828 4124 869 4170 tra
891 4119 909 4170 l’
918 4120 985 4194 altre
1010 4137 1073 4174 cose
1096 4123 1145 4175 ebe
1163 4127 1188 4176 ei
1205 4142 1270 4179 seno
1289 4132 1409 4184 sen'ttnra

157 4203 223 4253 latta
241 4201 302 4252 dall'
312 4203 453 4268 imperator
470 4203 548 4256 Carlo
567 4206 594 4254 in
612 4205 777 4268 Bersellonn,
801 4222 848 4272 per
864 4205 890 4256 le
908 4205 979 4273 quali
1004 4223 1078 4260 come
1101 4212 1257 4277 imperatore
1279 4224 1408 4281 promette

156 4287 317 4354 obsequium,
337 4302 411 4339 corne
429 4291 532 4356 signore
554 4291 600 4356 poi
618 4295 644 4342 ct
662 4306 690 4341 ra
708 4292 775 4358 degl'
785 4292 844 4344 altri
861 4295 934 4360 regni
952 4299 1080 4360 prometto
1099 4298 1283 4367 obedientiam,
1302 4308 1328 4353 et
1348 4305 1408 4358 dice

158 4389 210 4426 non
223 4375 329 4426 credere
342 4375 401 4427 ebal
410 4373 489 4428 Ser*¹¹⁰
501 4393 529 4428 re
547 4383 645 4443 quanto
658 4377 685 4429 al
696 4393 776 4445 regno
795 4378 821 4428 di
834 4379 944 4432 Boemia
956 4386 983 4431 et
992 4382 1126 4450 Ongberia
1142 4389 1164 4436 si
1178 4387 1265 4441 debba
1282 4394 1362 4445 tirsus
1380 4397 1407 4448 in

156 4461 241 4512 dietro
263 4459 291 4512 di
308 4461 363 4512 lara
386 4462 406 4512 il
422 4463 572 4516 medesimo.
599 4463 636 4530 gli
658 4465 692 4516 ho
715 4467 827 4533 risposto
851 4481 901 4531 que
925 4473 1017 4533 queste
1043 4485 1139 4522 ecosa
1156 4473 1260 4527 diverse
1277 4477 1406 4534 dsll’atto

156 4546 271 4598 cb'bora
289 4547 355 4598 deve
373 4547 428 4600 sare
445 4548 465 4600 il
483 4549 563 4602 Ser·¹¹⁰
580 4569 608 4604 re
621 4553 655 4604 de
672 4554 792 4620 Romani,
816 4563 843 4608 at
860 4558 900 4609 oh'
911 4559 936 4610 io
955 4558 1035 4610 credo
1054 4559 1111 4624 obs,
1130 4563 1235 4627 quando
1253 4564 1288 4630 gl’
1298 4566 1357 4618 altri
1375 4585 1404 4620 re

157 4633 190 4683 de
209 4634 317 4684 Boemiu
340 4640 366 4685 et
393 4635 419 4685 di
438 4635 571 4703 Ongberia
592 4639 708 4692 babbino
733 4642 832 4696 beruto
855 4646 882 4695 in
906 4646 1094 4697 consuetudine
1113 4647 1140 4698 di
1157 4655 1315 4714 promettsre
1332 4653 1406 4707 l’ob-

155 4719 290 4781 bediensa,
310 4719 420 4772 ob’easa
437 4737 536 4774 ancora
552 4741 605 4776 non
622 4727 740 4779 mensem
758 4727 848 4782 ditare
866 4738 963 4797 quanto
982 4748 997 4782 a
1015 4733 1133 4797 honesto,
1150 4750 1193 4786 ms
1211 4737 1237 4786 al
1249 4753 1296 4790 suo
1309 4744 1406 4808 tempo.

157 4807 189 4856 m'
200 4805 234 4856 ba
252 4804 324 4856 detto
343 4807 376 4857 de
394 4810 438 4875 pin
457 4810 483 4860 S.
503 4809 542 4860 Sl·
559 4811 607 4862 obs
625 4819 717 4878 questo
735 4819 841 4882 negotio
866 4819 977 4870 sarebbe
1001 4825 1069 4870 stato
1096 4821 1197 4886 spedito
1216 4824 1297 4876 molto
1315 4829 1407 4891 prima,

154 4891 291 4942 s’bavesse
309 4893 407 4944 bavato
424 4898 518 4947 notitia
535 4898 578 4948 del
596 4901 761 4966 giursmsnto
779 4904 843 4956 tatto
863 4908 889 4955 in
907 4907 1053 4960 Frenel'ort.
1078 4913 1145 4959 tutte
1170 4911 1195 4960 le
1219 4911 1310 4976 parole
1334 4913 1360 4964 di
1379 4913 1405 4965 S.

156 4977 196 5031 Si·
212 4995 277 5030 sono
294 4981 437 5034 amorevoli
465 4989 491 5035 st
516 4985 598 5037 molto
618 4988 714 5054 huone,
740 4991 898 5044 nondimeno
926 4994 1033 5045 l’haver
1056 4997 1081 5046 io
1104 4999 1172 5048 vieto
1200 4997 1249 5048 obe
1266 4997 1405 5052 valentiori
