3532 5832
189 463 330 538 'rt

288 662 370 728 riam
391 660 549 749 praebere
572 662 692 748 possit,
722 661 801 748 quin
823 659 881 726 8²⁸¹
903 662 973 727 eius
996 661 1139 728 omnium
1169 683 1281 730 eorum
1302 662 1477 750 benignam
1500 663 1541 727 sit
1568 685 1619 727 ra

288 769 409 833 tionem
431 765 591 831 habitura.
615 765 753 854 ideoque
775 765 844 830 Mm
867 768 937 832 eius
955 765 991 833 Ο.
1008 769 1183 833 etiamnum
1206 769 1335 834 omnino
1357 775 1468 833 censet
1489 766 1531 833 Si¹
1551 767 1620 832 eius

288 872 322 936 in
342 869 404 935 hoc
428 871 497 934 eius
519 871 664 937 instituto
685 892 751 936 non
765 871 860 936 nimis
874 870 1124 958 properandum,
1148 872 1206 938 sed
1222 871 1360 959 amplius
1375 870 1620 938 deliberandum

290 973 331 1040 de
353 973 404 1038 his
427 995 510 1060 quae
532 974 600 1038 ΜΝ
624 973 657 1040 S.
681 973 718 1063 C.
741 973 782 1040 St¹
801 976 870 1040 eius
894 971 1099 1042 discutiendo
1121 985 1153 1041 et
1172 975 1386 1063 ponderanda
1412 977 1467 1062 pio
1495 974 1566 1041 nelo
1589 983 1622 1040 et

289 1077 428 1144 candido
452 1078 558 1143 animo
581 1086 768 1144 reverenter
788 1080 968 1165 proposuit,
991 1087 1024 1144 et
1044 1080 1236 1165 praesertim
1258 1079 1372 1167 quenti
1397 1087 1542 1165 praestet
1563 1099 1620 1143 no·

287 1205 365 1248 vum
388 1181 559 1248 concilium
580 1182 679 1247 indici
702 1191 735 1248 et
757 1181 924 1264 celebrari,
948 1204 1046 1269 quarn
1069 1203 1143 1248 cum
1166 1204 1284 1269 magno
1301 1181 1485 1248 discrimine
1500 1191 1533 1246 ct
1547 1180 1622 1246 abs·

288 1308 351 1374 que
374 1293 464 1351 certe
485 1307 543 1372 spe
565 1285 688 1350 fruetus
711 1287 892 1351 continuari
913 1283 1139 1352 Tridentinum
1153 1285 1243 1371 illud,
1267 1287 1301 1350 in
1318 1307 1382 1374 quo
1396 1284 1544 1351 fortassis
1560 1307 1623 1350 nec

288 1388 444 1455 Germani
465 1411 527 1456 nec
549 1387 685 1454 eliorum
706 1391 872 1454 nationum
901 1390 1064 1476 principer
1095 1397 1127 1454 et
1156 1386 1269 1476 populi
1298 1391 1507 1475 comparitun'
1536 1397 1621 1473 sunt,

287 1493 335 1556 uti
357 1503 389 1559 et
410 1501 506 1559 antea
528 1493 562 1557 in
584 1516 622 1559 eo
645 1495 742 1580 pauci
764 1492 940 1560 admodum
962 1501 1228 1582 comparuerunt,
1261 1492 1353 1560 multi
1375 1493 1411 1559 id
1433 1495 1530 1560 etiam
1559 1516 1620 1580 pro

292 1595 429 1662 concilio
451 1617 658 1684 nequaquam
680 1619 913 1683 recognoscere
927 1596 1108 1662 voluerunt.

392 1697 490 1779 Quod
512 1699 539 1762 si
561 1721 639 1764 vero
662 1697 719 1764 Sa·
742 1700 811 1764 eius
834 1699 977 1766 animum
1007 1699 1162 1766 adiecerit
1190 1699 1235 1765 ed
1263 1698 1515 1766 celebrationem
1543 1702 1623 1766 novi

288 1804 426 1886 concilii,
449 1803 518 1870 ΜΝ
531 1801 565 1868 S.
578 1802 614 1870 O.
631 1825 705 1869 cum
721 1801 852 1870 meliore
867 1827 925 1891 spe
940 1805 1063 1870 fructus
1079 1805 1199 1892 poterit
1212 1803 1371 1870 benevole
1387 1825 1427 1869 ao
1449 1802 1626 1870 clementer

289 1932 386 1996 egere
409 1916 441 1974 et
463 1916 603 1974 tractare
626 1930 699 1972 cum
721 1907 924 1996 principibus
947 1917 980 1974 et
995 1907 1163 1974 ordinibus
1179 1909 1305 1995 imperii
1319 1907 1532 1995 Augustanos
1548 1931 1624 1974 con·

290 2013 449 2092 fessionis,
471 2017 510 2077 'ut
530 2014 564 2078 in
585 2011 640 2078 illo
663 2022 880 2100 compareant,
904 2035 1000 2099 quam
1025 2014 1052 2078 si
1067 2011 1243 2079 inducendi
1257 2012 1418 2079 torentad
1433 2011 1624 2099 recipienda

288 2117 420 2184 decreta
441 2117 558 2204 prioris
573 2115 753 2182 Tridentini
777 2115 904 2182 concilii
925 2139 984 2203 per
1006 2138 1062 2182 eos
1084 2117 1149 2182 iem
1171 2118 1301 2199 reiecta,
1330 2117 1521 2204 praesertim
1547 2137 1625 2182 cum

288 2231 325 2286 nt
341 2221 595 2288 demonstratum
615 2229 665 2286 est
680 2219 734 2284 alii
749 2241 878 2308 quoque
893 2241 988 2305 reges
1004 2241 1043 2286 ac
1056 2221 1219 2306 principes
1233 2219 1398 2286 christimi
1414 2221 1625 2306 quantumvis

294 2323 445 2392 catholici
467 2322 501 2389 id
524 2323 697 2389 concilium
719 2346 785 2390 non
806 2324 1055 2410 recognoverint
1076 2346 1136 2410 pro
1160 2323 1307 2390 concilio.

390 2427 491 2493 Porro
516 2449 588 2492 cum
609 2426 676 2492 duo
698 2426 744 2492 illi
767 2425 893 2493 articuli
916 2429 1128 2514 suprascripti
1159 2429 1215 2515 qui
1243 2426 1293 2492 his
1322 2425 1525 2514 temporibus
1554 2450 1625 2495 una

290 2554 364 2598 cum
387 2529 458 2597 aliis
480 2532 515 2596 in
537 2532 757 2597 controversia
777 2532 875 2617 positi
897 2541 981 2615 sunt,
1006 2531 1047 2596 de
1070 2531 1171 2598 calice
1192 2531 1284 2598 laicis
1307 2540 1339 2597 et
1362 2533 1511 2618 coniugio
1533 2555 1624 2620 pres-

287 2635 399 2702 biteris
422 2635 621 2702 secularibus
644 2634 868 2721 permittendo,
894 2634 1091 2702 eiuscemodi
1113 2637 1178 2700 sint
1192 2644 1228 2700 ut
1243 2635 1417 2724 plurimum
1431 2634 1575 2701 utililatis
1591 2645 1627 2702 ot

292 2761 311 2804 e
327 2738 466 2824 diverso,
489 2740 637 2804 siminus
654 2747 814 2804 cauteres
830 2747 955 2825 agatur,
971 2738 1145 2826 plurimum
1159 2739 1354 2806 incommodi
1370 2740 1484 2806 afferre
1498 2740 1627 2826 possint

287 2841 487 2929 reipublicae
494 2841 687 2908 christianae
695 2865 734 2906 ac
740 2843 881 2908 maxime
887 2844 1010 2908 nationi
1020 2841 1245 2927 Germanicae,
1254 2845 1344 2908 cuius
1357 2865 1458 2909 causa
1464 2842 1627 2908 duntaxat

288 2945 357 3012 Μῑιε
380 2943 413 3010 S.
438 2944 472 3012 Ο.
496 2945 629 3012 deictis
652 2945 796 3011 articrdis
826 2947 1010 3032 opinionem
1039 2969 1132 3013 susm
1163 2947 1299 3034 intelligi
1329 2949 1433 3034 cupit,
1464 2945 1626 3034 siquidem

288 3049 356 3116 ΜΝ
379 3047 412 3114 S.
437 3047 473 3115 O.
498 3048 569 3114 eliis
591 3048 775 3115 nationibus
798 3049 930 3135 regibus
951 3051 1153 3138 principibus
1169 3059 1202 3116 et
1224 3051 1373 3117 dominiis
1401 3073 1466 3116 non
1486 3049 1627 3116 intendit

289 3156 465 3243 quicquam
494 3155 526 3218 in
554 3152 617 3218 hec
643 3161 735 3240 parte
768 3152 1007 3240 praeiudicare:
1038 3153 1160 3220 ideireo
1188 3154 1257 3220 Mu·
1288 3154 1321 3221 S.
1351 3153 1386 3221 O.
1416 3153 1626 3221 vehementer

291 3266 382 3345 optat
403 3265 440 3324 ut
461 3255 518 3322 ΒΝ
542 3258 611 3322 eius
634 3256 786 3343 dignetur
812 3256 899 3322 hunc
925 3258 989 3322 ΜΨ
1024 3257 1057 3324 S.
1087 3257 1262 3324 candidum
1290 3259 1472 3324 discursum
1499 3279 1542 3322 ex
1569 3258 1625 3343 pio

291 3359 362 3428 nelo
384 3359 565 3446 profectum
588 3361 726 3447 ipsamet
749 3382 859 3426 secum
883 3360 1044 3427 discutere
1067 3370 1100 3428 et
1119 3360 1337 3449 perpendere,
1369 3372 1401 3428 et
1423 3361 1532 3448 quoad
1554 3362 1625 3426 eius

290 3486 435 3553 unquam
456 3463 526 3534 fieri
549 3465 674 3550 poterit,
699 3487 773 3530 cum
787 3465 826 3528 iis
842 3465 1064 3531 tantummodo
1088 3467 1325 3532 communicare
1342 3487 1478 3553 quorum
1493 3464 1574 3530 fides
1591 3475 1625 3530 et

291 3570 494 3636 taciturnitas
516 3576 663 3654 spectata
686 3569 736 3651 sit,
758 3591 800 3634 ne
823 3590 861 3634 eo
884 3569 978 3634 nimis
1002 3567 1168 3656 divulgato
1191 3567 1315 3656 aliquid
1337 3569 1413 3634 inde
1427 3567 1625 3634 incommodi

293 3674 423 3756 oriebu,
454 3671 728 3760 quemadmodum
750 3670 819 3737 Me.
842 3671 873 3738 S.
898 3671 933 3738 0.
957 3671 1022 3737 S¹⁶⁰¹
1041 3674 1110 3738 eius
1131 3695 1191 3760 pro
1215 3694 1340 3738 summa
1362 3674 1432 3737 eius
1453 3670 1627 3758 prudentie

292 3785 390 3864 atque
411 3785 549 3862 paterna
571 3777 604 3840 in
620 3774 654 3841 Ο.
679 3774 711 3840 S.
724 3775 803 3839 M²⁸¹¹²
830 3774 1058 3842 benevolentia
1072 3775 1232 3841 facturam
1247 3797 1319 3841 csse
1335 3777 1464 3842 omnino
1481 3775 1623 3860 confidit,

291 3881 327 3946 id
349 3879 438 3968 quod
460 3881 556 3944 etiem
578 3876 647 3943 Μῐιε
672 3878 705 3946 S.
729 3878 764 3946 O.
787 3901 867 3965 erga
890 3877 955 3944 gom
983 3880 1052 3944 eius
1068 3880 1155 3944 omni
1169 3878 1259 3944 filiali
1275 3879 1432 3966 obsequio
1447 3880 1625 3965 promereri

291 3983 380 4050 haud
402 3984 563 4070 gravatim
586 3982 738 4048 studebit.

394 4139 640 4205 Praesentatum
661 4137 704 4204 20
725 4136 816 4204 Junii
838 4159 922 4204 anno
948 4135 1041 4202 1560.

580 4294 593 4328 b

860 4451 1062 4466 ——-—-·--
