3460 5826
355 518 416 580 458

351 703 590 769 commissarios
610 711 738 768 nostros
766 703 971 768 transmissus
994 710 1052 770 est.
1083 723 1184 790 quare
1206 710 1284 768 tunc
1305 697 1421 768 iisdem
1444 699 1632 766 oratoribus
1657 709 1692 764 et

352 807 577 872 commissariis
605 808 723 872 nostris
749 828 944 893 magnopere
973 805 1205 872 elaborandum
1235 808 1297 872 erit
1323 813 1359 870 ut
1386 827 1428 870 cx
1455 813 1549 892 parte
1571 811 1692 870 nostra

349 911 550 995 potissimum
583 911 605 974 ii
633 920 810 996 urgeantur
844 910 969 976 articuli
1008 912 1064 997 qui
1096 910 1241 995 inprimis
1282 917 1408 975 nostras
1444 931 1484 974 ac
1523 909 1612 974 sacri
1649 907 1689 970 R.

350 1013 476 1098 imperii
498 1034 733 1100 regnorumque
757 1022 789 1078 et
810 1013 1051 1100 provinciarum
1073 1022 1257 1080 nostrarum
1271 1013 1478 1078 necessitates
1494 1011 1691 1098 respiciunt,

350 1114 406 1181 ubi
428 1124 538 1180 tamen
560 1115 725 1194 volumus,
756 1118 783 1182 si
812 1115 866 1180 alii
889 1115 1000 1180 itidem
1022 1138 1116 1200 reges
1138 1125 1171 1181 et
1192 1116 1354 1203 principes
1377 1113 1531 1180 articulos
1553 1113 1690 1201 aliquos

349 1217 470 1284 vellent
504 1241 684 1306 proponere
719 1221 774 1306 qui
807 1241 872 1284 non
904 1228 970 1284 tam
996 1219 1039 1284 ad
1071 1229 1198 1286 nostras
1231 1241 1326 1306 quam
1354 1221 1503 1306 proprias
1537 1220 1688 1302 ipsorum

349 1325 560 1390 necessitates
582 1325 769 1406 attinerent,
804 1320 890 1411 quod
913 1331 1056 1390 oratores
1079 1324 1113 1388 et
1142 1323 1351 1388 commissarii
1373 1322 1474 1388 nostri
1496 1321 1580 1403 illos,
1607 1343 1687 1409 qua-

351 1436 443 1492 tenus
474 1427 549 1492 iusti
585 1433 618 1492 et
647 1429 743 1514 aequi
778 1426 983 1508 videbuntur,
1018 1449 1084 1492 non
1113 1427 1216 1492 solum
1245 1449 1311 1494 non
1340 1426 1532 1513 impediant,
1569 1447 1690 1492 verum

350 1530 458 1615 potius
480 1552 540 1615 pro
562 1528 647 1594 vin'li
670 1529 824 1596 adiuvent
856 1539 889 1596 et
915 1539 1136 1618 promoveant.
1166 1539 1307 1596 aetenam
1335 1531 1486 1618 quoniam
1514 1528 1578 1595 hoc
1613 1527 1688 1592 loco

352 1633 493 1698 occurrit
514 1632 792 1716 considerandum,
816 1633 1085 1720 quinamarticuli
1107 1632 1365 1700 reformationem
1387 1641 1625 1699 concernentes
1649 1633 1682 1695 in

349 1733 432 1802 libro
455 1745 564 1802 nostro
588 1735 774 1822 supradicto
797 1736 949 1823 descripti
971 1738 1025 1802 vel
1046 1735 1206 1802 retinendi
1236 1734 1288 1800 vel
1316 1734 1446 1802 aliunde
1475 1735 1683 1821 adiungendi

350 1837 402 1904 vel
425 1861 536 1904 rursus
559 1839 656 1904 etiarn
678 1861 809 1926 prorsus
832 1839 999 1906 omittendi
1021 1841 1094 1922 sint,
1117 1839 1180 1904 hac
1195 1860 1325 1927 quoque
1339 1841 1373 1902 in
1387 1847 1480 1925 parte
1496 1838 1685 1904 oratoribus

349 1949 382 2007 et
404 1941 632 2008 commissariie
654 1945 772 2007 nostris
796 1943 875 2030 quid
897 1965 995 2029 agere
1017 1943 1159 2008 debeant
1180 1942 1298 2008 diserte
1327 1941 1558 2029 explicandum
1590 1941 1684 2007 duxi-

347 2067 428 2111 mus.
465 2045 552 2135 quod
574 2047 672 2132 igitur
701 2045 743 2112 ad
771 2048 911 2133 primum
939 2048 1053 2112 attinet
1081 2057 1118 2112 ιιι
1146 2055 1329 2112 coarctetur
1356 2045 1487 2111 licentia
1514 2045 1684 2132 dispensa·

257 2179 262 2188 ·
349 2148 483 2232 tionum,
507 2157 543 2214 ut
564 2158 693 2236 petatur
715 2151 881 2216 concessio
905 2147 1026 2232 calicis,
1049 2159 1086 2215 ut
1106 2151 1163 2216 fiat
1184 2151 1327 2237 provisio
1351 2150 1392 2214 de
1405 2150 1557 2234 coniugio
1578 2171 1683 2214 sacer-

349 2251 480 2336 dotum,
509 2260 544 2316 ut
565 2276 625 2339 pro
647 2252 923 2320 administratione
946 2265 1220 2322 sacramentorum
1241 2253 1378 2340 aliisque
1408 2251 1506 2318 rebus
1530 2251 1682 2318 ecclesia-

350 2355 438 2420 sticis
452 2353 531 2420 nihil
547 2355 676 2443 penitus
701 2359 859 2443 exigatur,
883 2367 919 2422 ut
933 2357 1173 2444 episcopatibus
1196 2359 1333 2445 aliisque
1348 2355 1514 2422 beneficiis
1528 2357 1682 2422 tenuiori-

348 2457 409 2524 bus
431 2481 490 2546 per
513 2461 664 2526 unionem
687 2460 905 2546 provideatur,
929 2470 965 2526 ut
977 2483 1076 2548 opera
1097 2461 1191 2528 detur
1205 2471 1320 2526 uttam
1335 2460 1481 2546 personis
1498 2481 1599 2546 quam
1616 2457 1681 2522 offi-

349 2561 408 2628 oiis
436 2571 525 2628 recte
554 2565 789 2650 prospiciatur,
824 2571 861 2629 ut
888 2566 921 2630 in
949 2564 1179 2652 promovendis
1207 2543 1355 2651 personis
1384 2563 1427 2628 ad
1458 2561 1679 2628 cardinalatus

349 2665 556 2754 episcopatus
578 2667 724 2754 aliasque
745 2665 931 2732 huiusmodi
953 2669 1095 2754 insignes
1125 2665 1362 2734 ecclesiasticas
1391 2665 1566 2752 dignitates
1591 2687 1679 2752 prae

348 2769 440 2855 cipue
463 2767 621 2835 habeatur
642 2772 723 2836 ratio
747 2770 921 2836 earundem
943 2792 1153 2856 personarum
1175 2771 1290 2836 aetatis
1314 2779 1346 2836 et
1368 2767 1542 2856 qualitatis,
1564 2782 1604 2834 ut
1625 2769 1678 2834 fiat

347 2871 533 2939 reformatio
556 2870 720 2938 conclavis
744 2883 776 2938 et
797 2872 963 2941 electionis
984 2872 1188 2961 pontificalis,
1211 2872 1384 2938 ut'modus
1401 2881 1561 2938 statuatur
1575 2893 1677 2940 reser-

346 2975 531 3040 vationibus
543 2985 575 3040 et
587 2975 830 3046 evocationibus
843 2999 1022 3059 causarum,
1038 2986 1075 3042 ut
1085 2973 1239 3044 tollantur
1251 2977 1470 3063 exemptiones
1484 2973 1675 3042 secularium

348 3087 381 3144 et
391 3077 587 3166 regularium
600 3089 758 3168 quatenus
771 3081 912 3167 expedit,
928 3089 963 3146 ut
974 3079 1106 3148 scholae
1118 3081 1283 3166 erigantur
1296 3102 1370 3146 cum
1381 3079 1600 3167 applicatione
1610 3079 1675 3146 red-

348 3180 472 3248 dituum
493 3184 760 3250 monasteriorum
781 3181 1013 3250 labefactorem
1037 3193 1163 3249 etcum
1177 3185 1396 3270 assignatione
1419 3184 1614 3270 pensionum
1634 3205 1673 3248 ex

348 3284 588 3372 episcopatibus
604 3293 637 3352 et
652 3287 798 3352 ecclesiis
813 3285 992 3370 ditioribus,
1016 3296 1052 3352 ut
1066 3286 1266 3353 tenuioribus
1281 3285 1426 3354 ecclesiis
1442 3307 1485 3352 ex
1499 3286 1671 3353 redditibus

347 3388 584 3476 opulentiorum
606 3389 737 3476 quando
764 3392 955 3456 vacaverint
983 3389 1184 3474 consulatur,
1216 3400 1252 3455 ut
1280 3391 1337 3456 ubi
1364 3412 1445 3477 opus
1473 3389 1572 3456 buerit
1600 3392 1667 3456 nori

348 3493 554 3580 episcopatus
577 3493 753 3579 erigantur,
776 3502 812 3558 ut
833 3503 993 3560 statuatur
1014 3517 1055 3560 ne
1079 3493 1428 3560 excommunicationes
1450 3493 1531 3559 liant
1546 3517 1608 3580 pro
1627 3517 1668 3558 re·

346 3594 409 3661 bus
436 3594 578 3679 levibus,
613 3605 649 3660 ut
677 3596 865 3662 conficiatur
893 3619 1018 3662 summa
1040 3597 1206 3664 dochinus
1229 3597 1423 3663 christianae
1448 3619 1521 3662 curn
1548 3594 1671 3683 postilla

347 3697 564 3786 explicatione
592 3701 846 3766 ceremoniarum
875 3710 908 3766 et
935 3699 1131 3766 catechismo
1160 3699 1320 3787 simulque
1349 3699 1509 3766 indicetur
1537 3703 1594 3787 qui
1620 3697 1667 3764 alii

346 3799 421 3868 libri
447 3801 673 3889 amplectendi,
698 3805 754 3890 qui
783 3803 944 3890 fugiendi,
973 3813 1009 3869 ut
1035 3802 1189 3870 tollantur
1215 3803 1425 3870 commendas
1453 3823 1619 3889 regressus
1640 3813 1667 3866 et

346 3905 584 3972 coadiutoratus
600 3907 642 3972 ad
664 3909 915 3987 successionem,
944 3918 980 3972 ut
1000 3909 1092 3974 statis
1114 3907 1312 3994 temporibus
1335 3905 1539 3974 celebrentur
1561 3901 1666 3993 synodi

347 4009 560 4077 dioecesanae
583 4021 616 4076 et
638 4010 776 4078 concilia
796 4011 1018 4100 provincialia,
1047 4021 1084 4077 ut
1105 4011 1276 4078 inducatur
1306 4019 1394 4076 recta
1415 4033 1455 4076 ac
1478 4011 1662 4078 conveniens

347 4113 523 4182 celebratio
547 4113 728 4182 divinorum
751 4116 944 4190 officionam.
973 4124 1010 4182 ut
1031 4123 1228 4182 renoventur
1249 4135 1391 4180 mones
1413 4114 1547 4179 devita
1569 4122 1601 4178 et
1619 4110 1663 4174 ho·

346 4227 470 4284 nestate
493 4217 694 4305 clericorum,
717 4231 753 4285 ut
769 4221 953 4288 inhibeatur
967 4244 1008 4286 ne
1031 4221 1103 4307 quis
1118 4218 1283 4306 possideat
1296 4217 1390 4305 plura
1402 4213 1661 4304 incompatabilia

347 4319 487 4410 denique
509 4330 545 4388 ut
567 4323 717 4390 omnibus
739 4324 843 4392 modis
865 4324 899 4389 hi
921 4321 1048 4390 articuli
1075 4325 1131 4411 qui
1154 4322 1195 4389 ab
1218 4323 1360 4409 antiquis
1382 4319 1564 4388 canonibus
1585 4339 1661 4386 suan

347 4434 469 4491 certam
491 4423 613 4492 habent
635 4425 934 4496 determinationem
957 4429 1077 4516 quique
1100 4427 1198 4493 statui
1214 4426 1394 4514 praesentis
1410 4423 1512 4492 seculi
1527 4449 1592 4493 non
1605 4445 1660 4490 orn·

347 4529 423 4594 nino
443 4540 640 4616 repugnant,
662 4553 773 4598 nusus
795 4553 861 4598 non
883 4531 987 4598 solum
1009 4541 1202 4598 revocentur
1223 4533 1254 4595 io
1279 4529 1537 4615 observantiam,
1560 4547 1656 4596 verum

347 4633 444 4700 etiam
466 4633 658 4700 mandentur
669 4635 862 4714 executioni,
885 4637 931 4702 ita
953 4643 989 4700 ut
1011 4657 1077 4702 non
1098 4635 1275 4722 inscriptis
1298 4643 1422 4700 tantum
1444 4633 1656 4722 nlinquantun

347 4736 406 4805 sed
427 4739 534 4825 potius
556 4762 591 4804 re
612 4739 685 4825 ipsa
706 4748 911 4826 praestentur
932 4748 965 4805 et
986 4736 1243 4826 adimpleantur:
1266 4736 1300 4804 hi
1315 4738 1446 4825 quidem
1462 4738 1587 4804 ardcnh
1606 4753 1657 4800 ou·

347 4863 405 4908 nes
428 4863 471 4908 ex
492 4863 557 4929 quc
580 4850 655 4906 sunt
675 4845 795 4928 partim
816 4865 924 4910 rerum
946 4842 1214 4910 Germanicarum
1236 4842 1337 4908 statui
1352 4863 1511 4930 perquam
1526 4841 1655 4908 utilesac

346 4945 522 5012 necessarii
545 4953 577 5011 et
597 4948 716 5032 partim
738 4956 774 5012 ut
795 4970 855 5013 nos
877 4949 1031 5013 sentimus
1061 4970 1119 5034 per
1141 4970 1177 5014 se
1198 4949 1273 5012 iusti
1296 4955 1328 5012 et
1350 4947 1467 5025 sancti,
1498 4945 1653 5034 diligenter

347 5051 408 5118 erit
428 5050 552 5118 interea
572 5051 727 5138 temporis
750 5051 1018 5118 considerandum
1040 5073 1182 5144 quonam
1203 5050 1300 5119 modo
1315 5051 1540 5120 assistentibus
1562 5061 1590 5118 et
1609 5043 1651 5112 ad·
