3512 5838
658 775 929 866 cccxxii.
955 739 961 752 ’

435 1011 514 1087 Der
541 1011 673 1087 Keiser
698 1031 744 1087 en
773 1011 846 1088 den
875 1013 1015 1091 Orefen
1044 1017 1163 1114 Ι.ιιιιι;

584 1184 694 1250 Wien,
712 1185 749 1236 31
767 1185 897 1253 August
915 1188 1004 1240 toea.

635 1383 815 1442 cererem.
841 1384 963 1457 omer.

234 1583 431 1671 Accepimus
454 1582 563 1648 literas
592 1592 718 1648 vestras
746 1582 943 1650 eTridento
977 1583 1092 1650 dieii
1126 1585 1305 1670 praesentis
1338 1586 1458 1650 mensis

124 1689 236 1756 datas.
268 1686 385 1776 quibus
407 1688 557 1752 nimirum
588 1696 791 1772 praesentem
820 1685 947 1754 concilii
975 1695 1094 1752 statum
1122 1685 1283 1774 complexi
1314 1689 1391 1754 estis
1420 1711 1459 1754 ac

123 1795 266 1879 insuper
288 1789 481 1874 ostendistis,
506 1790 622 1878 quibus
645 1789 825 1856 rationibus
847 1789 1083 1877 providendum
1106 1812 1177 1856 esse
1192 1798 1228 1856 ut
1242 1788 1377 1855 sublatis
1400 1791 1459 1857 dif·

123 1895 330 1962 ficultetibus
352 1915 437 1982 quae
460 1894 760 1980 impraesentiarum
783 1895 815 1958 in
832 1892 968 1960 concilio
984 1902 1166 1978 occurrunt,
1190 1916 1264 1960 eum
1280 1916 1375 1981 quem
1390 1903 1459 1960 tan·

124 2008 245 2086 topere
268 1996 491 2070 desideramus
513 1995 653 2062 fructum
675 2019 718 2063 ex
739 1994 795 2062 illo
819 1996 986 2084 capiamus
1000 2045 1007 2060 .
1023 2045 1051 2062 ..
1074 1996 1219 2084 inprimis
1247 1998 1345 2084 igitur
1372 1997 1460 2086 quod

127 2101 274 2170 scribitis
296 2100 391 2168 nobis
414 2099 655 2188 procurandum
680 2119 761 2182 esse,
790 2123 832 2167 ne
861 2109 952 2166 tanta
979 2099 1183 2168 festinatione
1212 2099 1383 2166 concilium
1410 2123 1459 2166 ra-

125 2207 242 2294 piatur
263 2204 305 2272 ad
326 2203 433 2288 finem,
457 2203 667 2270 recordemur
682 2203 770 2291 quod
784 2213 880 2270 antea
896 2225 1025 2292 quoque
1040 2226 1100 2271 nos
1117 2204 1157 2270 de
1172 2203 1356 2270 huiusmodi
1371 2203 1458 2270 festi·

124 2309 263 2376 natione
287 2308 441 2374 certiores
463 2305 675 2391 reddideritis,
698 2308 809 2395 itaque
831 2329 919 2374 nunc
940 2308 1029 2375 eliud
1051 2331 1116 2374 non
1131 2306 1287 2375 habemus
1303 2306 1390 2395 quod
1405 2329 1460 2372 vo·

126 2411 180 2480 bis
205 2433 305 2494 super
325 2409 388 2476 hoc
409 2411 545 2497 negocio
568 2407 831 2496 respondeamus,
855 2413 918 2476 nisi
939 2410 973 2476 id
995 2414 1103 2499 ipsum
1125 2409 1214 2497 quod
1235 2410 1373 2478 antehae
1395 2432 1460 2475 non

126 2515 231 2584 modo
253 2514 387 2596 advos,
410 2535 524 2580 verum
547 2514 644 2580 etiam
666 2513 710 2580 ad
732 2512 845 2579 Seru*m
866 2537 977 2600 regem
992 2525 1134 2581 vestrum
1149 2523 1300 2602 nepotem
1314 2522 1459 2580 nostrum

127 2619 338 2686 carissimum
360 2618 549 2704 scripsimus
572 2625 604 2684 ct
626 2615 807 2683 oratoribus
829 2620 946 2685 nostris
968 2617 1114 2684 Tridenti
1143 2617 1356 2684 existentibus
1384 2639 1458 2704 pro·

127 2720 328 2790 movendum
351 2721 561 2802 iniunximus,
589 2719 740 2788 videlicet
762 2720 849 2808 quod
870 2724 1009 2807 negocia
1019 2719 1147 2788 concilii
1169 2742 1374 2808 nequaquam
1397 2721 1460 2786 sint
1542 2715 1544 2720 ’

128 2826 387 2912 praecipitanter
408 2823 587 2909 tractanda,
611 2824 670 2892 sed
692 2846 751 2890 sno
774 2823 845 2891 loco
869 2834 902 2888 et
923 2834 1068 2912 tempore
1090 2823 1175 2890 bono
1198 2823 1310 2889 ordine
1333 2845 1458 2910 promo-

127 2927 239 2996 venda
260 2938 293 2994 et
315 2926 526 3010 absolvenda,
548 2929 593 2993 ite
615 2936 651 2994 ut
672 2924 752 2994 nihil
774 2929 939 2994 omittatur
961 2949 1071 2994 eorum
1094 2948 1177 3015 quae
1200 2928 1233 2992 in
1256 2923 1390 2992 concilio
1406 2928 1459 3013 agi

128 3043 162 3098 et
185 3032 393 3098 determinari
416 3030 552 3116 debent;
575 3030 633 3096 sed
656 3033 824 3098 vioeversa
846 3029 1010 3098 cavendas
1033 3032 1130 3097 etiam
1160 3052 1231 3097 esse
1259 3030 1389 3096 inutiles
1420 3051 1458 3094 ac

129 3134 314 3224 superfluus
337 3133 509 3202 dilationes
534 3155 617 3222 quae
646 3133 726 3200 fiunt
755 3133 889 3200 subinde
918 3136 951 3200 in
979 3133 1114 3200 coneilio
1147 3144 1180 3200 et
1207 3135 1347 3200 maxime
1374 3155 1468 3222 quae

129 3238 342 3306 celebrationi
370 3237 549 3304 sessionum
577 3238 771 3323 iniiciuntur,
806 3238 1068 3328 quandoquidem
1101 3260 1251 3326 magnam
1284 3235 1459 3325 praebeant
1578 3245 1582 3254 '

130 3343 344 3410 offensionem
366 3339 487 3428 populo
511 3362 610 3428 aegre
632 3341 748 3409 ferenti
770 3344 803 3409 in
825 3340 888 3408 hoe
910 3344 1045 3429 negocio
1070 3341 1156 3430 quod
1179 3340 1222 3407 ed
1242 3337 1406 3428 publicam
1422 3349 1460 3406 et

130 3459 298 3514 aeternam
322 3445 460 3512 salutem
482 3445 621 3532 pertinet
643 3454 691 3512 tot
713 3468 821 3512 moras
844 3447 929 3512 neoti
952 3455 984 3512 et
1005 3445 1099 3513 bonis
1121 3444 1309 3532 praesertim
1337 3463 1375 3507 ac
1407 3464 1457 3508 oa

132 3549 264 3616 tholiois
293 3551 349 3637 qni
370 3548 492 3615 bonum
520 3547 647 3614 concilii
679 3550 802 3616 exitum
829 3559 918 3614 tanto
949 3547 1109 3616 desiderio
1138 3554 1326 3636 expectent,
1353 3567 1459 3634 neque

132 3655 220 3720 enim
241 3652 311 3718 fieri
332 3659 440 3738 potest
462 3651 541 3738 quin
562 3660 673 3738 patres
695 3653 750 3739 qui
772 3650 858 3719 haud
881 3652 978 3719 dubie
1001 3674 1059 3739 pro
1081 3652 1201 3718 maiore
1221 3659 1314 3738 parte
1336 3648 1458 3717 dudum

130 3755 231 3822 finem
253 3755 411 3840 attingere
434 3762 595 3841 optarunt,
618 3755 817 3822 iamtandem
840 3757 903 3822 sint
923 3757 1018 3821 nimis
1047 3777 1148 3843 prope
1176 3753 1352 3842 defetigati,
1377 3777 1458 3843 quos

133 3863 233 3926 etiam
256 3857 400 3946 alioquin
422 3857 638 3945 periculosum
661 3868 710 3925 est
737 3858 798 3926 hoc
821 3860 949 3927 turbato
978 3882 1084 3926 rerum
1106 3870 1139 3926 et
1165 3868 1343 3948 temporum
1372 3869 1459 3924 statu

132 3962 260 4030 tamdiu
281 3960 323 4028 ab
347 3960 492 4028 ecelesiis
514 3963 582 4028 suis
604 3962 728 4030 abesse.
762 3965 796 4030 in
827 3961 889 4031 heo
923 3965 1081 4031 sententia
1114 3963 1296 4040 etiamnum!
1317 3963 1457 4050 persisti·

133 4089 207 4132 mus
228 4087 335 4153 neque
358 4066 517 4132 cernimus
539 4063 622 4130 ullas
638 4057 754 4134 causas
770 4066 823 4134 vel
836 4069 979 4134 rationes
1001 4069 1199 4135 necessarias
1224 4076 1355 4156 propter
1378 4089 1459 4154 quas

135 4168 291 4258 expediat
312 4168 375 4234 hoc
397 4169 569 4235 concilium
590 4170 624 4234 in
645 4168 778 4258 longum
801 4169 935 4237 extrahi.

236 4271 321 4337 Nem
344 4270 431 4360 quod
453 4271 496 4338 ad
524 4273 695 4359 negocium
722 4274 959 4340 reformationis
989 4275 1116 4359 attinet,
1147 4296 1212 4341 non
1241 4272 1387 4342 videmus
1416 4273 1459 4340 ad

135 4373 213 4464 qnid
236 4397 317 4463 opus
334 4377 375 4442 sit
389 4379 621 4463 protestatione
642 4374 699 4442 illa
713 4375 755 4444 de
770 4400 835 4464 qua
858 4378 997 4444 scribitis
1019 4389 1130 4445 nostro
1152 4402 1192 4446 ae
1220 4377 1357 4466 praefati
1372 4375 1459 4442 Ser²¹

134 4479 221 4566 regis
249 4480 350 4546 vestri
378 4480 507 4546 nomine
536 4479 781 4568 interponenda,
805 4480 936 4568 quando
968 4483 1024 4548 R²¹
1043 4482 1142 4570 legati
1170 4491 1225 4548 aut
1255 4480 1309 4548 elii
1336 4479 1460 4547 vellent

135 4581 307 4650 concilium
329 4584 522 4670 abrumpere
543 4585 771 4651 reformatione
793 4583 935 4651 nondum
957 4585 1110 4674 perfecta,
1134 4588 1212 4674 quia
1225 4584 1299 4652 talis
1314 4585 1459 4673 profecto

135 4685 273 4753 formula
293 4687 528 4755 reformationis
551 4689 718 4776 proposita
739 4710 827 4754 nune
848 4697 897 4754 est
920 4688 961 4754 ab
983 4691 1062 4778 ipsis
1084 4690 1199 4777 legetis
1222 4711 1306 4778 quae
1328 4686 1459 4776 quidem

137 4788 326 4856 defectuosa
348 4789 413 4856 dici
434 4813 500 4858 non
521 4800 637 4878 potest,
662 4789 719 4858 sed
743 4791 784 4858 ob
807 4813 967 4857 summum
995 4815 1035 4859 ac
1063 4794 1196 4858 nimium
1223 4794 1363 4880 rigorem
1390 4813 1459 4856 me-

137 4892 260 4960 ximam
286 4892 385 4962 habet
412 4895 612 4962 executionis
641 4893 863 4962 difficultatem
891 4903 958 4960 tam
985 4904 1096 4964 nostra
1124 4918 1164 4961 ae
1191 4895 1326 4963 aliorum
1347 4917 1461 4982 regum

137 4996 320 5087 principum
343 5006 376 5066 et
404 4999 590 5085 quorumvis
621 4997 769 5068 ordinum
797 4996 1010 5068 saecularium
1041 4999 1235 5068 christianae
1263 4999 1459 5090 reipublicae
