3512 5838
1369 485 1431 554 ill

232 676 299 728 Das
320 681 411 731 sweite
429 678 606 732 Schrinatiteb
623 680 717 730 lautu:
737 681 866 742 Quoniam
885 685 1002 734 οιοιοιοι
1020 682 1046 734 S.
1065 682 1094 733 G.
1113 682 1166 734 gu
1185 681 1333 748 intelligunt
1355 681 1430 734 tlt-⁰·

157 767 185 812 et
204 761 280 812 ΒΝ·
302 765 336 816 D.
353 764 456 830 legatos
474 766 600 818 articulos
627 767 660 816 ad
684 766 858 818 universalem
876 767 1007 818 eeclesias
1031 768 1242 820 reformationem
1265 769 1424 834 pertinentes

157 865 322 916 proponere
340 853 418 914 vesse,
436 854 556 905 arbitrati
573 861 633 904 sunt
651 870 680 904 ae
698 851 785 904 officio
804 869 853 905 auo
870 854 1006 906 iuncturos
1024 869 1090 918 esse,
1108 857 1131 906 ei
1148 857 1222 908 iuxta
1239 855 1364 908 mandata
1381 871 1429 908 sua

153 934 223 985 Du·
250 952 350 990 eorum
366 939 433 988 Bw
451 939 623 992 admommnt
641 945 667 990 et
685 943 807 1006 rogarent
824 939 994 992 vehementer
1009 944 1040 992 ut
1057 940 1092 991 ad
1110 939 1216 992 landem
1238 940 1282 992 dei
1306 947 1333 993 et
1349 943 1429 994 totius

155 1020 305 1076 eeclesiae
324 1023 535 1076 aedificationem
552 1040 615 1076 vere
632 1025 808 1078 universalem
825 1027 1036 1078 reformah'onem
1055 1027 1200 1090 instituam,
1218 1042 1287 1094 quae
1299 1030 1392 1080 merito
1403 1030 1431 1078 in

155 1109 254 1172 capite
276 1114 307 1160 et
323 1111 351 1160 in
369 1112 492 1162 membris
510 1111 583 1162 faeta
601 1126 659 1162 ease
678 1112 731 1163 diei
748 1114 839 1178 possit,
857 1113 928 1179 qnod
946 1113 1052 1180 qnidam
1069 1114 1132 1164 Dm
1152 1129 1241 1166 eorum
1253 1113 1329 1165 illm·
1346 1113 1431 1166 factr-

157 1209 204 1244 ras
226 1195 261 1246 C.
285 1197 346 1248 ltu·
364 1196 473 1248 confidit
491 1203 517 1248 et
534 1199 586 1249 sibi
603 1212 756 1263 persuasum
776 1199 864 1250 babet.
884 1203 1000 1250 ceterum
1022 1200 1057 1251 D.
1075 1205 1192 1250 oratores
1209 1200 1348 1268 diligenter
1373 1217 1432 1268 per·

159 1279 299 1347 legerunt
317 1283 443 1336 mtionlos
461 1299 478 1335 a
494 1285 527 1335 D.
547 1284 643 1350 legatie
660 1285 724 1350 ipris
743 1285 881 1348 exhibitos,
900 1287 1056 1351 circaque·
1073 1285 1204 1353 quaedam
1221 1289 1369 1340 necessario
1386 1303 1432 1340 an·

158 1367 296 1420 notanda
319 1368 593 1437 dominationibusqne
619 1386 706 1421 eorum
729 1368 791 1422 13⁸¹·
815 1371 966 1423 exhibenda
988 1371 1125 1423 duxerunt.
1143 1372 1244 1424 ideireo
1262 1373 1325 1422 Dm
1344 1389 1433 1426 eornm

156 1452 245 1504 gum
262 1460 293 1505 et
309 1455 375 1505 Ru·
394 1455 564 1507 vehementer
581 1461 683 1523 rogant,
700 1457 784 1508 velint
801 1473 892 1510 eorum
908 1458 1121 1510 annotationibus
1132 1458 1222 1528 locum
1239 1458 1302 1510 dare
1321 1463 1348 1510 et
1358 1460 1433 1510 iuxta

156 1554 209 1590 eas
230 1540 368 1607 quosdam
384 1541 511 1594 arhouloa
534 1542 668 1595 reformari
691 1542 780 1594 faeere
806 1549 833 1594 et
856 1546 896 1594 sie
917 1544 1024 1596 undem
1048 1545 1167 1610 patribus
1184 1545 1363 1597 ᾶὶιοιιιίοιιᾱοι
1379 1550 1432 1596 tra-

158 1624 241 1676 dere.
263 1633 404 1694 praeterea
420 1643 480 1680 cum
498 1630 584 1680 sciara
600 1630 635 1680 D.
654 1633 780 1692 maeres,
798 1629 874 1680 11120·
893 1630 928 1681 D.
946 1629 1049 1697 legatos
1066 1646 1120 1683 non
1137 1633 1257 1700 ignorem
1276 1631 1303 1682 S.
1315 1630 1345 1683 0.
1363 1631 1432 1682 Mun

160 1711 355 1777 praelatorum
373 1719 401 1764 et
418 1714 581 1779 quorumdam
599 1713 788 1766 camolieorum
799 1715 943 1782 principum
956 1713 1112 1768 Germaniae
1125 1717 1288 1769 consiliarios
1305 1718 1434 1770 Viennam

160 1811 304 1862 vocasse,
329 1814 388 1850 cnm
411 1800 506 1866 quibua
524 1799 557 1850 de
575 1800 706 1852 nonnullis
724 1801 759 1851 ad
776 1801 828 1852 hoc
844 1815 949 1852 saomm
964 1795 1108 1854 ‘concilium
1125 1804 1303 1870 spectantibus
1321 1805 1433 1871 negotiis

157 1885 318 1935 tractatum
336 1889 384 1950 eat,
401 1887 494 1937 merito
511 1887 574 1937 Dm
593 1901 683 1937 eorum
699 1887 767 1936 1³¹⁸·
786 1888 848 1938 boni
867 1887 1013 1951 consulent,
1032 1889 1054 1938 si
1071 1887 1125 1939 iti·
1150 1887 1180 1940 0.
1203 1889 1340 1941 voluntate
1357 1891 1433 1941 intel·

159 1968 245 2020 lecta
270 1971 336 2023 alios
360 1987 465 2038 quoque
487 1972 614 2024 articulos
642 1972 677 2042 ad
700 1973 911 2024 reformationem
942 1975 1102 2040 pertinentes
1128 1981 1233 2041 praeter
1253 1975 1434 2042 mhmeriptos

158 2071 237 2122 quos
257 2073 328 2109 nunc
346 2058 472 2110 exhibent
487 2064 581 2126 postea
598 2059 773 2114 exhibuerint.
801 2061 1052 2126 inpraesentiarum
1069 2067 1158 2114 tamen
1175 2063 1292 2114 articulis
1310 2064 1344 2114 ab
1362 2061 1433 2116 lllffl·

162 2142 239 2194 Diffi·
262 2157 352 2196 eornm
368 2147 509 2212 propositis
526 2151 554 2196 et
570 2147 732 2214 annotationi
757 2146 899 2200 eorundem
917 2151 1049 2198 oratorum
1066 2163 1145 2214 super
1166 2149 1260 2200 iisdem
1282 2149 1370 2200 factae
1388 2149 1433 2202 ad-

164 2229 312 2296 iungendo
331 2237 471 2297 sequentes
489 2231 614 2282 articulos
632 2231 755 2283 offerunt:
774 2233 787 2292 1
804 2238 833 2283 ut
850 2233 912 2282 ΒΜ·
933 2249 1023 2284 eorum
1040 2233 1108 2284 Bm·
1128 2235 1266 2302 dignentur
1283 2236 1430 2302 providere,

163 2321 199 2367 ut
221 2315 360 2370 conclavis
377 2317 526 2370 reformatio
554 2320 623 2369 seria
650 2323 677 2368 et
704 2317 830 2370 durabilia
856 2317 899 2370 hie
916 2316 970 2370 fiat.
999 2346 1029 2358 -
1057 2321 1084 2370 11
1109 2325 1138 2370 ut
1156 2320 1313 2373 decernatur
1330 2321 1363 2372 de
1381 2339 1434 2374 non

165 2403 328 2456 alienandis
347 2406 424 2456 bonis
443 2404 630 2456 ecelesiasticis
648 2406 705 2455 sine
728 2403 802 2456 firmo
823 2419 953 2456 consensu
971 2405 1146 2472 capitulorum
1163 2405 1244 2473 idque
1261 2407 1389 2473 inprimis
1406 2409 1434 2458 in

163 2490 297 2542 Bonnam
315 2491 431 2542 ecelesia
447 2489 504 2542 fieri
521 2490 618 2542 debere
636 2495 752 2541 censent.
774 2516 804 2528 -
824 2491 865 2540 ΠΙ
888 2495 918 2542 nt
937 2491 1042 2542 omnino
1064 2491 1191 2543 tollantur
1215 2493 1385 2544 commandae
1409 2499 1435 2544 ot

165 2577 358 2630 coadiutoriae
375 2577 410 2630 ad
427 2579 630 2631 mcoeasionem.
648 2604 681 2616 —
697 2575 736 2628 Π
752 2580 783 2629 ut
794 2576 959 2642 publicorum
972 2580 1166 2644 gymnasiorum
1178 2591 1224 2630 eeu
1236 2581 1434 2630 universitatum

165 2664 328 2718 reformatio
346 2670 373 2716 et
390 2666 425 2716 ab
445 2664 598 2716 haeresibus
615 2664 765 2732 repurgatio
783 2663 947 2716 decernatur.
972 2692 1003 2702 -
1027 2665 1051 2715 V
1069 2670 1099 2716 ut
1117 2667 1139 2716 si
1158 2666 1275 2732 capitula
1291 2665 1344 2718 buo
1362 2667 1438 2718 eitari

165 2765 227 2803 non
252 2753 369 2818 possint,
392 2766 444 2818 quo
467 2765 514 2818 per
536 2751 647 2802 nuncios
665 2749 787 2802 moabie
806 2755 988 2816 comparentes
1011 2755 1166 2802 statutorum
1183 2767 1289 2803 enorum
1307 2753 1434 2804 mhonem

166 2835 288 2890 reddant
312 2841 339 2888 et
361 2835 571 2888 emendationem
595 2836 741 2901 accipiant,
764 2839 792 2886 at
814 2833 908 2886 saltem
930 2835 983 2886 hoe
1009 2837 1217 2902 provincialibus
1241 2837 1359 2889 conciliis
1378 2853 1437 2890 ere·

170 2922 312 2990 quendum
330 2923 516 2988 demandetur,
535 2922 755 2989 quemadmodum
773 2921 918 2973 missalium
941 2923 1131 2974 breviariorum
1148 2923 1310 2990 agendarum
1335 2929 1362 2976 et
1379 2941 1436 2992 gra-

170 3009 295 3061 dualium
313 3025 419 3077 quoque
436 3012 600 3076 repurgatio,
627 3011 650 3060 ei
667 3009 710 3060 bie
727 3009 784 3060 fieri
802 3023 855 3059 non
881 3011 977 3075 possit,
1001 3007 1121 3061 similiter
1142 3009 1177 3061 ad
1205 3010 1310 3061 easdem
1333 3013 1436 3078 provin·

172 3097 262 3150 oialea
280 3097 395 3163 synodos
413 3097 489 3148 reiioi
506 3097 604 3148 debere
622 3097 788 3160 arbitrantur,
806 3111 867 3147 uam
884 3111 938 3148 non
955 3095 1067 3148 Romani
1084 3101 1186 3148 tantum
1203 3097 1317 3148 missalis
1335 3103 1361 3149 et
1378 3098 1436 3148 bre-

170 3183 266 3246 viarii,
289 3181 338 3234 sed
360 3184 474 3234 omnium
499 3182 671 3234 ecelesiarum
693 3183 836 3234 missalium
859 3183 1048 3235 breviariorum
1071 3188 1098 3233 et
1120 3182 1282 3249 agendarum
1307 3185 1435 3235 correctio

173 3271 317 3336 expetitur.
337 3297 370 3308 -
387 3267 425 3320 VI
449 3285 482 3320 ne
500 3267 564 3322 laici
586 3270 614 3320 in
636 3271 720 3336 prima
742 3269 868 3320 metantis
890 3269 1001 3321 Romam
1026 3271 1147 3321 citantur.
1166 3297 1200 3308 -
1217 3269 1270 3320 VH
1286 3285 1321 3321 ue
1339 3285 1436 3322 causae

179 3357 233 3408 sub
251 3359 389 3422 praetextu
407 3355 553 3422 denegatae
572 3355 685 3404 iustitiae
703 3355 759 3405 sine
776 3353 884 3421 praevia
896 3369 992 3405 causae
1004 3354 1155 3422 cognitione
1170 3370 1187 3406 a
1204 3355 1261 3406 foro
1273 3356 1385 3408 seculari
1402 3357 1437 3408 ad

175 3441 264 3494 forum
293 3441 503 3493 ecclesiasticum
530 3445 683 3492 avocentur.
711 3468 743 3477 -
772 3439 838 3492 vin
863 3455 898 3491 ne
923 3442 951 3491 in
975 3442 1062 3492 causis
1079 3442 1220 3508 prophanis
1239 3448 1436 3494 conservatores

176 3529 276 3580 dentur
294 3534 321 3579 et
338 3530 387 3580 sub
407 3528 459 3580 hoe
476 3533 616 3595 praetextu
633 3527 721 3578 aliena
737 3528 882 3579 iurisdictio
909 3533 1048 3594 usurpetur
1071 3533 1098 3578 et
1116 3543 1213 3580 causae
1230 3528 1382 3594 prophanae
1401 3528 1435 3581 ad

177 3615 392 3668 ecclesiasticum
409 3614 495 3667 forum
512 3613 657 3666 trahantur.
670 3641 702 3652 -
714 3613 748 3664 de
759 3613 946 3665 monachorum
962 3619 988 3664 et
998 3614 1235 3666 sanctimonialium
1252 3615 1437 3668 reformatione

176 3701 245 3752 nihil
263 3699 362 3766 dicunt,
380 3703 443 3768 quia
460 3701 547 3752 sciunt
564 3697 616 3750 hoc
633 3700 772 3765 negocium
791 3697 862 3750 11101·
880 3699 915 3752 D.
932 3699 1027 3767 legatis
1045 3700 1162 3765 inprimis
1181 3714 1261 3752 curae
1279 3715 1337 3752 ease
1356 3706 1384 3752 et
1400 3702 1435 3754 ad

180 3803 271 3840 eorum
289 3787 501 3839 reformationem
518 3786 667 3838 faciendam
684 3787 736 3837 iam
756 3791 842 3837 certos
859 3793 948 3852 patres
966 3786 1106 3852 deputatos
1125 3802 1191 3838 esse.

247 3874 304 3924 Das
322 3888 405 3941 ganne
417 3873 458 3924 bis
469 3888 530 3923 aum
549 3873 580 3922 13
598 3872 701 3938 August
718 3871 900 3938 eingelanfene
917 3872 1040 3923 Material
1057 3871 1104 3922 hat
1120 3889 1174 3923 nun
1188 3878 1274 3924 auersi
1286 3872 1349 3925 Seld
1360 3874 1439 3924 tiber·

179 3974 303 4011 nommen
322 3957 385 4020 und,
403 3960 453 4009 wie
472 3959 530 4009 aine
548 3957 648 4009 Annaffl
665 3973 718 4008 von
736 3955 948 4008 Schriftsttteken
961 3959 1047 4008 seiner
1059 3956 1137 4009 Hand
1149 3959 1270 4026 beneugt,
1290 3959 1436 4024 eingehend

179 4047 334 4098 bearbeitet.
362 4045 424 4096 Sein
450 4045 547 4097 Votum
570 4047 636 4097 tiber
655 4044 733 4110 jedes
752 4043 869 4096 einzelne
889 4043 992 4110 Capitol
1011 4044 1058 4095 der
1079 4023 1202 4112 Vorlage⁸
1218 4045 1273 4096 und
1297 4048 1363 4096 tiber
1385 4045 1436 4096 alle

180 4131 386 4184 Amendementa
403 4130 459 4182 und
476 4131 682 4198 Zusataantrtige
701 4129 749 4180 der
766 4129 894 4182 Oratoren
911 4131 947 4180 ist
959 4128 1029 4181 daun
1045 4131 1081 4180 im
1093 4129 1225 4182 Hofrathe
1236 4131 1264 4181 in
1277 4131 1435 4197 Gegeuwart

181 4218 229 4270 des
247 4217 354 4269 Kaisers
371 4217 499 4269 beratben
521 4217 576 4268 und
600 4217 640 4267 bis
658 4215 707 4267 auf
722 4217 808 4282 einige
825 4215 931 4266 Punkte
948 4229 1139 4281 angenommen
1157 4216 1272 4268 worden.
1302 4217 1438 4268 Letateres

181 4306 267 4371 ergibt
284 4302 341 4354 aieb
359 4319 408 4354 aue
426 4303 486 4354 dem
504 4301 774 4370 Singhhmoserschen
793 4299 913 4365 concept
931 4315 964 4350 su
981 4301 1026 4352 Νι.
1039 4299 1216 4365 CCLXXVH,
1236 4300 1283 4352 das
1295 4303 1351 4354 eieh
1362 4307 1437 4354 nort

181 4397 273 4458 getreu
290 4387 419 4442 anselda
439 4389 590 4444 Gntaebten
618 4387 787 4451 ansehliesst‚
811 4403 840 4438 eo
859 4391 951 4454 getreu
983 4387 1045 4438 dass
1068 4386 1174 4439 endlich
1197 4387 1259 4438 Seld
1282 4388 1365 4440 selbst
1390 4404 1438 4440 aus

181 4473 335 4528 demselben
363 4476 461 4528 wieder
483 4476 614 4526 streichen
637 4480 735 4526 mueste
758 4489 813 4525 was
837 4471 1025 4539 Singlthmoser
1046 4473 1127 4525 wider
1150 4473 1192 4524 die
1216 4473 1373 4525 Besohltisse
1392 4475 1438 4525 des

180 4563 324 4615 Hofrathea
341 4561 541 4630 anfgenommen
559 4561 641 4612 hatte.
660 4561 787 4611 lndessen
804 4573 892 4610 waren
910 4559 958 4610 mit
980 4561 1052 4610 einer
1073 4561 1211 4625 Depeselre
1238 4560 1284 4610 der
1308 4559 1437 4611 Oratoren

182 4664 243 4701 vom
263 4650 294 4700 10
311 4649 413 4716 August
430 4647 472 4715 (O.
490 4649 521 4699 A.
540 4647 621 4714 Orig.¹
639 4648 667 4698 in
683 4652 703 4698 t.
724 4647 756 4696 ta
774 4645 887 4712 August)
905 4643 975 4696 auch
994 4645 1037 4696 die
1054 4645 1252 4698 observationes
1271 4651 1298 4696 et
1322 4645 1437 4696 animad-

183 4737 319 4787 versiones
337 4742 469 4788 oratorum
487 4732 567 4786 Chr¹²¹
585 4739 635 4787 etc.
655 4733 704 4799 (Le
721 4732 782 4786 Plat
801 4734 826 4797 6,
845 4733 908 4796 169ς
933 4731 1001 4783 dasu
1018 4731 1094 4799 Sarpi
1113 4733 1171 4797 735,
1189 4731 1255 4786 Pall.
1275 4733 1334 4798 867,
1352 4732 1436 4785 Mille·

184 4819 270 4874 donne
288 4823 349 4890 236)
367 4822 395 4874 in
415 4823 493 4875 Wieu
511 4819 686 4888 eingelnufen.

686 5101 887 5114 ——usa———n
