3532 5832
1378 499 1417 564 rt

195 689 294 755 Haec
315 689 420 756 obiter
447 687 618 756 scribenda
644 691 766 776 putavi.
795 711 878 776 quae
906 711 979 754 cum
1009 710 1052 754 ex
1079 709 1204 753 summa
1230 709 1303 753 mea
1331 688 1364 752 in
1387 685 1420 753 S.

101 791 170 858 llmn
196 793 242 859 V.
265 793 472 858 observantia
493 794 638 880 profecta
660 795 738 877 sint,
761 814 881 880 quaeso
899 803 935 858 ut
955 815 1020 858 non
1042 790 1114 875 elio,
1139 813 1236 878 quam
1259 812 1322 878 quo
1346 791 1420 857 scri·

96 896 216 962 buntur
238 921 258 962 a
278 920 344 980 me,
374 899 481 962 animo
504 899 657 984 accipiat,
687 919 726 964 ac
749 899 775 961 si
799 897 877 984 quid
898 898 1034 964 fortasse
1057 896 1189 962 liberius
1220 893 1421 977 dictumest,
1470 885 1473 892 ’

97 998 170 1064 dum
197 1001 298 1066 nimio
322 1001 465 1088 quodam
487 1001 593 1068 studio
616 1025 679 1089 quo
703 1003 827 1068 eumin
850 1001 927 1066 Mam
946 1002 988 1067 V.
1015 1011 1222 1088 prospectum
1244 1001 1354 1085 cupio,
1382 1021 1423 1064 ne

98 1127 178 1189 quae
206 1106 358 1192 cuiquam
380 1127 462 1170 ansa
484 1104 577 1170 detur
604 1103 688 1170 illius
715 1106 943 1170 existimationi
971 1103 1175 1188 detrahendi,
1209 1125 1250 1169 ne
1282 1101 1360 1168 velit
1389 1101 1423 1167 id

95 1209 245 1294 accipere
270 1206 391 1273 durius.
405 1206 485 1274 deus
508 1209 649 1273 animum
671 1229 777 1273 meum
794 1230 858 1296 quo
873 1207 1057 1275 scribuntur
1071 1207 1153 1273 haec
1173 1230 1194 1271 a
1206 1221 1259 1271 me
1274 1228 1422 1293 perspec-

93 1319 159 1374 tum
183 1309 286 1376 habet
308 1318 340 1376 et
361 1309 415 1376 ille
436 1312 527 1375 testis
549 1333 621 1376 esse
642 1321 763 1398 potest:
787 1312 813 1376 si
830 1311 907 1398 quid
922 1320 1076 1398 peccatur
1090 1332 1111 1374 a
1124 1333 1185 1390 me,
1201 1309 1299 1374 nimio
1315 1309 1423 1377 studio

97 1437 171 1499 erga
194 1413 276 1478 Mffl'
294 1414 335 1479 V.
358 1415 497 1500 pcoeeri,
528 1414 616 1501 quod
636 1417 764 1480 veniam
788 1425 874 1480 certe
896 1415 1011 1480 mereri
1035 1413 1141 1480 debet.
1169 1414 1293 1478 interea
1315 1423 1424 1478 tamen

95 1519 149 1582 erit
171 1516 237 1582 hoc
260 1518 294 1582 in
316 1516 450 1582 arbitrio
472 1515 512 1582 V.
535 1517 600 1580 Ml·
627 1519 776 1605 positum,
800 1527 908 1583 utrum
931 1517 1008 1583 velit
1029 1541 1135 1583 meum
1154 1508 1241 1581 istud
1256 1515 1424 1581 consilium

97 1623 186 1707 sequi
208 1643 322 1687 necne.
347 1631 509 1688 caeterum
533 1619 613 1686 illud
635 1622 789 1687 maiorem
811 1623 844 1685 in
867 1620 998 1686 modum
1021 1631 1106 1708 peto,
1129 1643 1170 1685 ne
1186 1621 1340 1705 scriptum
1363 1620 1424 1686 hoo

96 1747 201 1792 meum
224 1747 300 1791 cum
323 1748 487 1813 quoquam
510 1727 733 1809 communicet,
757 1723 845 1811 quod
867 1749 928 1810 ego
941 1726 1054 1810 scripsi
1070 1725 1211 1810 graviter
1234 1747 1275 1790 ex
1298 1733 1424 1789 catarro
1517 1797 1522 1810 ⁶

96 1827 259 1912 laborans,
283 1851 357 1894 cum
377 1850 483 1914 neque
498 1828 641 1896 brevitas
664 1829 817 1915 temporis
838 1837 874 1892 ut
897 1827 1023 1913 singula
1039 1826 1223 1912 diligentius
1238 1837 1423 1896 excuterem

96 1941 269 2018 pateretur.

660 2068 863 2081 ,Μ

715 2302 806 2390 XI.

322 2522 400 2598 Der
428 2523 559 2598 Kaisar
585 2543 631 2596 an
661 2523 855 2619 Prospero
884 2523 1020 2602 d’llreo
1048 2527 1082 2599 tn
1113 2524 1217 2601 Rom.

581 2678 685 2741 Wiea,
707 2677 746 2728 26
762 2675 842 2727 duni
862 2681 951 2730 1560.

612 2860 686 2916 Arca
707 2857 741 2913 A.
780 2858 917 2932 Oriqr’oal.

333 3035 560 3103 Ferdinandus
584 3038 693 3104 divina
714 3041 844 3106 favente
867 3036 1037 3104 clementia
1059 3037 1180 3104 electus

332 3141 551 3206 Romanorum
574 3144 748 3229 imperator
770 3165 898 3230 semper
919 3151 1078 3228 augustus
1101 3153 1161 3208 etc.

205 3279 378 3366 Magnifice
389 3279 493 3345 fidelis
510 3279 603 3346 nobis
616 3279 739 3347 dilecte.
754 3303 827 3346 cum
840 3282 996 3366 proximis
1014 3280 1128 3346 diebus
1140 3281 1177 3345 R.
1191 3280 1327 3348 devotus
1338 3282 1431 3348 nobis

111 3382 242 3448 dilectus
268 3381 449 3448 Stanislaus
471 3383 594 3449 Hosius
616 3386 788 3470 episcopus
810 3383 1022 3450 Warmiensis
1046 3383 1100 3448 S⁰¹
1126 3383 1167 3448 D.
1190 3383 1230 3448 N.
1247 3383 1290 3449 ad
1305 3407 1363 3450 nos
1379 3384 1434 3450 de·'

110 3488 240 3551 stinatus
263 3488 399 3550 nuncius
414 3485 467 3552 Sl·
486 3485 517 3551 S.
535 3488 624 3550 iussu
638 3487 731 3552 nobis
747 3487 948 3570 ostendisset,
973 3487 1038 3552 ΕΜ
1056 3485 1088 3552 S.
1105 3489 1233 3552 omnino
1249 3487 1432 3554 decrevisse

110 3588 269 3655 celebrare
293 3591 537 3654 oecumenicum
560 3588 730 3656 concilium
752 3591 891 3676 ideoque
913 3601 1038 3677 petere,
1069 3600 1104 3655 ut
1127 3589 1169 3655 δ”
1190 3589 1223 3656 S.
1253 3592 1433 3677 significare

110 3691 260 3758 vellemus
284 3717 370 3782 quae
391 3703 502 3758 nostra
524 3695 565 3759 sit
587 3696 745 3760 sententia
767 3693 808 3759 de
831 3696 900 3759 eius
923 3693 1138 3760 celebratione
1160 3691 1297 3782 locoque
1313 3704 1432 3760 ottem-

111 3818 193 3880 pore,
215 3821 275 3862 nos
298 3819 376 3862 sane
398 3808 533 3883 accepto
556 3796 758 3862 deliberandi
781 3798 891 3883 spacio
914 3808 950 3862 ut
965 3797 1058 3863 decet
1075 3799 1108 3860 in
1124 3819 1159 3862 re
1173 3799 1254 3861 tanti
1269 3801 1432 3882 momenti,

112 3903 278 3986 negocium
299 3911 427 3968 matura
449 3923 488 3966 ae
511 3900 657 3987 diligenti
680 3899 914 3966 consultatione
938 3900 1148 3965 discussimus
1163 3910 1371 3988 nostramque
1385 3924 1433 3968 re-

114 4006 296 4072 solutionem
319 4007 438 4092 scripto
462 4004 649 4070 demandari
672 4007 838 4088 iussimus,
870 4015 907 4070 ut
934 4003 1014 4070 illud
1044 4027 1121 4070 mox
1148 4006 1209 4090 ipsi
1231 4004 1287 4068 Re
1316 4007 1435 4070 nuncio

114 4109 283 4194 apostolico
306 4107 517 4174 traderemus.
541 4130 604 4194 quo
621 4108 767 4174 confecto
784 4118 1041 4194 supervenerunt
1056 4107 1150 4173 nobis
1164 4106 1278 4172 literae
1292 4129 1313 4172 a
1327 4106 1435 4172 nobile

113 4211 200 4280 lidele
222 4213 315 4279 nobis
338 4211 455 4280 dilecto
478 4211 653 4276 Franciseo
677 4211 778 4279 libero
800 4210 922 4278 barone
946 4212 986 4276 de
1008 4210 1104 4276 Turri
1126 4220 1236 4276 nostro
1252 4210 1434 4275 consiliario

115 4327 142 4380 et
163 4316 249 4403 apud
270 4315 370 4380 lllvs
380 4316 422 4380 D.
445 4315 605 4380 Venatum
628 4327 764 4399 oratore,
790 4314 908 4402 quibus
931 4317 1060 4402 scripsit
1081 4313 1163 4380 S¹¹¹¹¹¹¹²
1173 4314 1214 4378 D.
1231 4314 1269 4378 N.
1291 4313 1335 4378 ad
1350 4312 1435 4378 diem

115 4421 235 4484 tertium
257 4421 437 4506 praesentis
458 4419 578 4482 mensis
600 4417 689 4483 Junii
706 4467 713 4483 .
731 4467 763 4483 ..
796 4416 1064 4505 [Wiederholung
1092 4416 1209 4484 dessen
1234 4439 1301 4481 was
1323 4417 1355 4481 in
1378 4415 1433 4480 Nr.

116 4521 259 4587 XXXIII
281 4521 350 4587 und
370 4521 538 4594 XXXVII
561 4520 684 4586 erztthlt
705 4519 810 4609 wird].

210 4625 261 4691 Ea
282 4649 360 4691 vero
383 4626 534 4692 ulteriore
558 4623 611 4689 8²¹³
640 4622 672 4688 S.
695 4622 861 4689 voluntate
885 4625 1030 4710 cognita,
1054 4647 1137 4710 quae
1160 4647 1258 4709 super
1280 4625 1318 4688 iis
1341 4624 1437 4691 etiarn

120 4725 369 4813 deliberavimus,
383 4729 446 4795 alio
460 4730 601 4795 breviori
618 4729 738 4813 scripto
754 4726 915 4812 complexi
931 4750 1050 4792 sumus.
1068 4725 1155 4814 quod
1171 4726 1303 4812 quidem
1319 4735 1437 4790 utrum·

119 4855 173 4917 que
195 4835 349 4920 scriptum
371 4843 486 4922 postea
509 4834 594 4899 dieto
617 4832 736 4896 nuncio
758 4833 1047 4918 praesentavimus,
1071 4841 1106 4895 ut
1128 4828 1187 4894 S¹¹¹⁰
1210 4829 1252 4894 D.
1275 4830 1315 4894 N.
1339 4852 1437 4917 quam

119 4937 246 5020 primum
269 4937 388 5004 adferri
412 4947 547 5004 curaret.
572 4959 683 5002 eorum
705 4958 782 5000 vero
807 4937 934 5023 copiam
955 4935 1014 5000 tibi
1038 4957 1168 5022 quoque
1184 4957 1257 4998 cum
1271 4930 1321 4996 his
1336 4931 1437 4997 literis

122 5043 226 5108 uostris
260 5043 506 5108 transmittimus
535 5040 675 5126 benigne
706 5039 916 5124 mandantes,
954 5049 989 5105 ut
1025 5049 1139 5104 nactus
1177 5035 1439 5103 commoditatem
