3532 5832
322 689 410 756 orbis
431 689 614 756 nationibus
637 691 834 775 commodus,
863 701 900 756 ut
926 713 1069 777 securus,
1097 692 1238 779 denique
1259 698 1296 758 at
1322 694 1356 758 in
1378 713 1416 758 eo
1438 691 1549 778 vigeat
1570 691 1658 757 chri·

323 795 446 860 stianae
467 794 631 881 religionis
653 796 850 879 observatio,
873 797 977 861 nescit
997 796 1067 862 ΜΝ
1082 794 1115 862 S.
1132 795 1168 861 Ο.
1192 819 1235 862 an
1255 795 1319 862 hae
1341 795 1513 883 qualitates
1536 794 1657 860 saltem

322 919 381 984 pro
403 899 516 964 maiori
530 906 624 984 parte
641 899 675 962 in
693 900 823 964 civitate
838 898 1037 982 Tridentina,
1061 899 1117 966 ubi
1138 901 1204 964 iam
1219 899 1270 966 bis
1284 901 1486 987 inampicatc
1502 907 1657 985 coeptum

323 1023 395 1066 esse
417 1001 587 1066 concilium
610 1001 714 1083 videri
735 1011 852 1088 potest,
885 1011 1086 1068 concurrant.
1110 1001 1152 1068 de
1174 1004 1356 1090 capacitate
1377 1003 1583 1068 manifestum
1604 1010 1657 1068 est

323 1106 392 1170 eius
414 1103 476 1171 loci
499 1103 754 1190 magnitudinem
774 1127 840 1170 non
863 1127 934 1170 esse
956 1127 1038 1188 eam,
1072 1114 1108 1169 ut
1130 1128 1246 1192 capere
1268 1107 1372 1191 possit
1393 1113 1426 1171 et
1448 1103 1501 1170 Βιίβ
1527 1107 1597 1170 cius
1621 1115 1656 1171 et

322 1209 386 1274 Mi·
409 1207 445 1275 O.
469 1208 561 1274 aulas
583 1231 649 1273 una
672 1231 744 1272 cum
768 1209 921 1274 comitiva
942 1207 1139 1296 reliquomm
1162 1231 1277 1296 regum
1299 1210 1482 1296 principum
1497 1208 1654 1274 dominio-

322 1334 395 1378 rum
415 1320 449 1377 et
469 1310 778 1398 rerumpublicarum
802 1313 857 1398 qui
879 1311 913 1375 in
935 1312 1093 1398 superiori
1120 1310 1256 1377 concilio
1270 1311 1462 1377 'llidentum
1486 1335 1655 1400 nunquam

322 1437 449 1480 venere.
482 1423 680 1502 quapropter
702 1436 775 1479 cum
797 1414 1004 1480 nihilominus
1026 1413 1108 1480 alias
1131 1438 1151 1479 s
1171 1415 1331 1502 principio
1353 1413 1449 1480 huius
1471 1415 1598 1480 dissidii
1618 1417 1656 1480 in

321 1517 511 1584 hodiernum
533 1541 637 1606 usque
660 1517 746 1584 diem
769 1539 897 1605 semper
919 1517 1122 1584 sermonibus
1145 1527 1176 1583 et
1199 1517 1339 1584 consiliis
1361 1516 1537 1602 hominum,
1562 1528 1654 1606 quot-

322 1631 401 1708 quot
421 1644 574 1709 unquam·
589 1622 629 1686 de
651 1622 714 1686 hac
735 1643 770 1686 re
792 1620 905 1687 habita
927 1631 1011 1704 sunt,
1034 1621 1190 1688 iactatum
1211 1621 1307 1687 fuerit
1329 1619 1502 1687 concilium
1523 1624 1557 1688 in
1571 1621 1654 1688 Ger

321 1726 430 1790 mania
451 1747 522 1790 esse
556 1724 801 1808 celebrandum,
834 1725 904 1789 ΜΨ
917 1723 960 1790 S.
984 1722 1039 1808 0.,
1074 1726 1201 1790 etiamsi
1222 1734 1370 1810 cuperet,
1405 1747 1489 1812 quae
1512 1727 1581 1792 eius
1603 1737 1655 1791 est

322 1851 400 1915 erga
422 1827 488 1894 ΒΜ
512 1827 598 1894 illius
620 1827 726 1892 filialis
749 1828 970 1910 observantia,
1001 1827 1055 1894 8²¹·
1076 1827 1107 1894 S.
1132 1827 1328 1915 condignam
1349 1832 1508 1896 rationem
1529 1828 1653 1913 haberi,

321 1955 362 1997 ne
383 1933 417 1997 in
437 1932 500 1997 hec
522 1933 671 2018 graviore
694 1953 754 1996 sua
775 1939 881 1996 aetate
904 1933 935 1996 ci
956 1930 1111 2018 longioris
1132 1932 1254 1997 itineris
1277 1932 1443 1998 molestiae
1467 1942 1499 1998 et
1523 1931 1653 1998 labores

322 2034 482 2100 subeundi
502 2035 616 2118 forent,
638 2043 747 2100 tamen
769 2033 811 2100 Se
837 2035 906 2100 eius
928 2033 1139 2122 cogitandum
1160 2034 1321 2122 relinquit,
1355 2039 1435 2100 num'
1455 2035 1654 2121 sperandum

322 2148 407 2206 esset
428 2140 583 2204 maiorem
605 2137 746 2226 aliquem
760 2139 900 2204 fructum
916 2147 1158 2224 proventurum,
1181 2139 1209 2204 si
1231 2139 1265 2203 in
1280 2137 1458 2204 Germania
1479 2139 1570 2205 locus
1592 2137 1654 2204 ali·

322 2244 394 2329 quis
416 2243 550 2329 reperiri
571 2251 683 2328 posset
705 2243 760 2330 qui
782 2241 835 2308 vel
850 2241 891 2308 8²¹
910 2240 943 2307 S.
960 2241 1148 2308 commodus
1171 2241 1224 2307 vel
1245 2244 1344 2308 etiam
1366 2241 1438 2308 aliis
1460 2243 1547 2309 orbis
1571 2243 1653 2308 chri-

322 2347 418 2412 stiani
432 2346 618 2412 nationibus
632 2368 698 2412 non
712 2345 935 2412 incommodus
950 2348 1115 2428 existeret,
1132 2345 1237 2433 qualis
1251 2347 1403 2412 nimirmn
1418 2354 1505 2412 esset
1519 2345 1655 2413 Colonia

319 2447 513 2540 Agrippina,
547 2472 631 2536 quae
659 2451 705 2514 ita
733 2459 782 2514 est
815 2450 878 2514 sita
906 2458 941 2514 ut
971 2451 1012 2514 sit
1045 2449 1192 2536 pluribus
1226 2448 1421 2516 christianae
1453 2450 1654 2538 reipublicae

319 2553 452 2640 regibus
475 2562 507 2618 et
528 2552 729 2640 principibus
751 2563 783 2618 et
811 2554 894 2618 sacri
923 2555 1049 2638 imperii
1077 2552 1271 2624 electoribus
1300 2555 1408 2620 vicina
1437 2553 1574 2642 aliisque
1601 2577 1653 2620 su·

317 2658 507 2744 prescriptis
537 2655 747 2742 qualitatibus
776 2665 808 2721 et
836 2655 1119 2722 commoditatibus
1148 2679 1208 2744 pro
1235 2658 1350 2723 maiori
1377 2667 1471 2745 parte
1495 2657 1652 2744 praedita,

319 2760 363 2825 ad
384 2782 483 2846 quam
505 2761 603 2824 etism
625 2757 667 2826 Sa
690 2761 759 2826 eius
780 2769 907 2846 pateret
927 2783 987 2847 per
1002 2759 1144 2826 Galliam
1167 2770 1200 2826 et
1220 2760 1370 2848 Belgiam
1392 2784 1458 2827 non
1479 2763 1654 2828 incommo-

320 2862 380 2930 dus
402 2885 464 2928 nec
486 2863 686 2950 periculosus
709 2885 860 2928 accessus
883 2873 916 2929 et
944 2885 1121 2949 regressus,
1152 2873 1209 2929 snt
1238 2867 1265 2930 si
1288 2862 1345 2930 ΒΝ
1369 2867 1437 2930 eius
1468 2865 1569 2932 nollet
1596 2875 1655 2930 aut

318 2990 384 3032 non
405 2975 515 3054 posset
537 2966 579 3031 ad
611 2967 775 3034 civitatem
802 2977 868 3032 mm
898 2976 1054 3033 remotam
1085 2967 1260 3053 proficisci,
1293 2967 1473 3056 Ratispona
1494 2968 1547 3035 vel
1570 2968 1654 3036 Gon-

319 3072 439 3135 stantia
459 3092 525 3137 non
538 3070 728 3136 viderentur
741 3093 844 3159 usque
860 3069 943 3137 adeo
965 3070 1200 3154 incommodae,
1224 3071 1356 3158 quando
1374 3070 1506 3159 quidem
1527 3071 1571 3136 ad
1591 3071 1653 3136 has

320 3173 402 3238 duas
425 3175 572 3240 civitates
595 3173 652 3239 Sa.
668 3175 737 3240 eius
759 3197 819 3262 per
839 3174 904 3238 ΜΨ
925 3172 958 3239 S.
976 3173 1012 3239 O.
1035 3183 1069 3238 et
1089 3171 1161 3238 ΠΙ1111
1185 3173 1277 3239 ducis
1292 3175 1454 3242 Bavariae
1469 3176 1655 3264 provincias

318 3279 489 3364 pervenire
512 3289 545 3345 et
566 3281 600 3344 in
621 3279 751 3346 Italiam
771 3280 890 3345 reverti
912 3286 1024 3364 posset
1043 3299 1106 3342 nec
1136 3276 1234 3342 ullius
1256 3277 1389 3344 alterius
1410 3281 1566 3367 principis
1588 3287 1652 3346 sta-

319 3391 388 3446 tum
411 3385 570 3470 attingere
591 3405 726 3450 necesse
748 3383 892 3449 haberet.

424 3486 545 3568 Quinto
568 3487 644 3553 licet
664 3487 734 3552 Ma·
756 3485 789 3552 S.
813 3485 850 3553 0.
878 3509 944 3554 non
965 3486 1044 3552 velit
1064 3485 1124 3552 ΒΜ
1145 3484 1189 3551 D.
1212 3483 1252 3550 N.
1281 3492 1339 3550 aut
1359 3484 1393 3552 S.
1415 3485 1454 3550 R„
1484 3485 1652 3569 ecclesiae,

318 3592 410 3656 cuius
432 3613 467 3655 se
490 3590 722 3677 obsequentem
748 3590 850 3657 filium
877 3589 1059 3678 profitetur,
1093 3589 1200 3676 legem
1233 3592 1400 3676 imponere
1428 3588 1591 3677 quomodo
1618 3591 1655 3654 in

318 3694 424 3760 futuro
448 3692 584 3760 concilio
606 3696 777 3780 negocium
798 3694 963 3782 religionis
985 3695 1117 3760 tractari
1141 3693 1275 3777 debeat,
1301 3695 1377 3781 quia
1399 3702 1509 3758 tamen
1530 3692 1598 3757 ΜΝ
1618 3691 1653 3758 S.

318 3797 355 3863 Ο.
379 3821 422 3862 ex
444 3799 550 3862 animo
575 3807 708 3883 cuperet
729 3799 837 3864 omnia
858 3799 918 3864 rite
942 3807 974 3862 et
996 3820 1070 3862 cum
1092 3796 1200 3862 fructa
1220 3799 1292 3884 geri
1306 3807 1404 3884 atque
1422 3797 1565 3880 tractari,
1587 3819 1654 3861 non

316 3909 424 3988 potest
446 3902 624 3966 ommittere
647 3902 726 3988 quin
748 3900 815 3965 gam
840 3902 911 3966 eius
933 3910 1119 3966 reverenter
1150 3898 1345 3982 admoneat,
1372 3898 1460 3986 quod
1488 3900 1651 3987 principes

318 4027 358 4070 ac
380 4013 482 4070 status
503 4003 717 4091 Augustanae
740 4004 952 4070 confessionis
975 4006 1144 4090 conquesti
1173 4005 1237 4070 sint
1257 4004 1352 4068 nimis
1375 4001 1480 4089 rigide
1503 4024 1542 4068 ac
1565 4002 1654 4067 duri-

318 4117 368 4173 ter
390 4130 501 4174 secum
523 4110 556 4172 in
578 4107 714 4174 concilio
737 4107 926 4173 Tridentino
960 4117 1069 4172 actium
1096 4129 1177 4190 esse,
1212 4105 1372 4192 siquidem
1400 4108 1446 4172 eis
1476 4128 1542 4172 non
1573 4107 1652 4170 satis

319 4220 448 4276 cautim
476 4211 572 4278 fuerit
599 4209 641 4276 de
669 4209 734 4276 fide
754 4209 888 4296 publica
915 4232 973 4276 seu
1002 4208 1267 4292 salvocondnctu,
1291 4231 1388 4296 quem
1416 4207 1463 4274 illi
1489 4209 1650 4294 petierant

319 4315 380 4380 sibi
404 4337 443 4380 ea
465 4317 538 4402 ipsa
558 4315 663 4381 forma
684 4313 764 4396 dari,
788 4336 854 4401 qua
876 4312 952 4378 olim
972 4312 1125 4380 Bohemis
1147 4315 1181 4378 in
1203 4311 1340 4380 concilio
1362 4310 1534 4380 Basiliensi
1556 4309 1652 4376 daus

318 4429 351 4483 et
373 4439 545 4484 concessus
568 4416 683 4499 fluerat,
706 4424 738 4482 et
760 4417 848 4503 quod
869 4439 931 4482 nec
953 4416 1149 4482 sufficienter
1164 4416 1296 4504 quidem
1311 4415 1414 4480 auditi
1429 4416 1501 4479 sint
1532 4423 1653 4479 etcum

316 4520 464 4609 patribus
491 4522 524 4585 in
548 4519 634 4586 dicto
664 4519 799 4586 concilio
830 4521 1035 4606 congregatis
1065 4519 1218 4586 articulos
1255 4539 1334 4585 suae
1363 4519 1574 4585 confessionis
1597 4541 1651 4583 ex-

317 4623 515 4706 hibuissent,
538 4621 731 4710 postulando
760 4633 796 4688 ut
825 4633 934 4710 patres
963 4645 1047 4710 quse
1075 4625 1108 4690 in
1130 4621 1274 4688 articulis
1296 4621 1359 4688 illis
1380 4619 1651 4708 reprehendenda

319 4737 427 4793 essent
450 4727 670 4793 demonstrare
685 4725 805 4794 vellent
827 4736 882 4808 aut
905 4726 1128 4810 concederent,
1152 4737 1188 4791 ut
1208 4727 1270 4812 ipsi
1293 4724 1407 4791 saltem
1422 4733 1556 4812 possent
1570 4725 1650 4790 actis

319 4841 351 4898 et
379 4830 518 4896 decretis
546 4829 691 4894 eiusdem
719 4827 847 4894 concilii
874 4850 1055 4916 opponere,
1091 4851 1174 4916 quae
1197 4826 1454 4916 praetendebant
1476 4851 1511 4894 se
1533 4827 1655 4894 habere

248 4961 249 4964 ¹
318 4933 521 5020 opponenda,
537 4943 686 4998 neutrum
700 4942 810 4998 tamen
821 4955 876 4999 ecs
888 4934 1089 5020 impetrasse,
1105 4934 1138 4998 in
1151 4955 1216 5019 qua
1228 4954 1264 4996 re
1275 4955 1341 4997 non
1353 4931 1528 4998 admodum
1545 4953 1650 5017 aeque

318 5059 428 5102 secum
451 5044 559 5102 actum
582 5058 653 5102 esse
675 5057 755 5123 prae
777 5059 812 5102 se
834 5035 951 5102 ferunt.
981 5059 1055 5104 cum
1084 5059 1162 5123 ergo
1191 5035 1401 5102 metuendum
1428 5037 1470 5102 sit
1490 5035 1563 5104 illos
1584 5059 1651 5102 non
