3532 5832
339 543 380 610 tl

339 732 475 817 bisogno
500 731 533 797 di
555 732 735 818 provedere
758 731 901 798 contra'l
923 733 1040 818 Turno,
1065 735 1188 802 dissero
1212 736 1340 821 chiam,
1365 738 1425 803 che
1448 761 1483 802 se
1505 761 1571 803 non
1594 749 1677 804 0116-

339 841 466 902 161010
490 846 604 923 questa
626 839 731 923 gratia
755 837 798 902 da
820 836 852 902 S.
875 837 955 922 M¹²‚
985 863 1050 904 non
1074 839 1141 905 solo
1164 863 1229 906 non
1251 841 1270 905 l’
1286 841 1516 908 haverebbono
1539 844 1676 924 aiutata,

260 1019 266 1044 ι
339 963 392 1004 ma
416 942 443 1004 si
466 940 646 1006 sarebbono
671 940 737 1006 dati
760 941 791 1005 al
813 941 929 1006 Tureo.
954 952 1118 1009 contuito
1142 945 1191 1008 oih
1213 943 1246 1008 la
1267 945 1325 1008 M..
1351 944 1385 1010 S.
1409 955 1502 1010 stette
1525 957 1677 1010 constan-

340 1046 479 1128 tissima,
504 1067 581 1111 cosa
602 1067 677 1109 rara
699 1056 731 1110 et
753 1045 796 1110 da
817 1045 858 1110 lei
882 1057 1015 1132 operata
1037 1070 1101 1112 non
1125 1069 1222 1112 senza
1237 1048 1411 1134 particolar
1426 1050 1533 1135 gratia
1548 1049 1589 1114 de
1607 1049 1676 1114 dio.

343 1150 428 1213 vista
450 1148 527 1214 delli
538 1149 703 1212 Austriaci
718 1148 751 1212 la
773 1171 854 1235 gran
877 1153 1058 1215 constantia
1081 1151 1113 1215 di
1136 1150 1168 1216 S.
1181 1152 1239 1216 Μ*1
1260 1154 1287 1216 si
1308 1154 1489 1217 ristrinsero
1506 1175 1526 1216 a
1542 1151 1679 1216 doman-

343 1251 420 1317 dare
444 1251 513 1336 che,
536 1251 686 1317 havendo
703 1251 738 1318 S.
760 1251 818 1316 Ma
844 1252 866 1317 li
882 1255 957 1318 anni
972 1255 1072 1318 inanti
1087 1255 1158 1319 fatti
1175 1254 1281 1320 alcimi
1296 1255 1440 1320 mandati
1463 1265 1575 1320 contra
1590 1279 1680 1321 com-

254 1423 258 1426 ,
340 1357 540 1421 manicantes
564 1356 624 1421 suh
639 1365 776 1444 utraque
791 1359 1033 1443 rigorosissimi,
1057 1360 1090 1422 in
1110 1360 1197 1424 virtir
1220 1358 1260 1424 de
1282 1358 1306 1423 li
1322 1358 1410 1446 quali
1433 1356 1513 1424 oltre
1533 1358 1577 1423 ad
1593 1359 1678 1425 altre

340 1481 425 1548 pene
448 1470 591 1548 laxaque
614 1461 645 1525 d'
658 1461 790 1526 infamia
812 1460 864 1525 chi
888 1471 999 1526 contra
1020 1462 1155 1545 faeeva,
1178 1463 1264 1528 fosse
1287 1472 1437 1527 contenta
1454 1461 1483 1526 d'
1500 1461 1677 1526 annullarli

338 1565 372 1628 in
394 1573 476 1629 tutto
500 1574 533 1630 et
553 1563 729 1650 premendo
753 1562 822 1629 loro
844 1566 878 1628 in
901 1575 1014 1652 questo
1036 1588 1098 1651 pur
1112 1575 1238 1653 troppo,
1263 1564 1512 1631 consumendosi
1526 1565 1549 1630 il
1563 1575 1676 1652 tempo

340 1689 438 1733 senza
460 1670 645 1755 provisione
669 1679 701 1732 61
720 1667 871 1732 venando
904 1667 1056 1732 ilTurco
1078 1669 1246 1754 predando
1281 1679 1313 1734 61
1340 1667 1577 1734 damnificando
1601 1693 1621 1733 a
1644 1669 1677 1733 le

295 1816 300 1824 ·
344 1771 486 1855 confina,
524 1770 675 1836 aceioche
697 1779 786 1836 tanto
814 1769 955 1856 pericolo
984 1772 1011 1834 si
1035 1772 1211 1837 rimovesse
1223 1823 1232 1856 ‚
1254 1794 1355 1860 parve
1379 1795 1398 1838 a
1421 1772 1454 1838 S.
1476 1772 1535 1836 Μιι
1553 1795 1619 1838 11011
1643 1772 1678 1836 di

343 1874 486 1940 anullare
508 1898 563 1940 ma
585 1875 624 1969 di
643 1874 841 1961 suspendere
865 1875 888 1938 li
911 1875 990 1940 detti
1013 1877 1083 1940 suoi
1105 1875 1249 1940 mandati
1272 1899 1374 1964 usque
1398 1875 1441 1940 ad
1463 1877 1593 1941 comitia
1615 1877 1674 1939 im·

340 1978 475 2065 perialia
498 2002 582 2066 quae
605 1981 670 2042 iam
691 1977 890 2043 Ratisbonae
913 1978 1035 2043 indicta
1058 1990 1167 2063 erant,
1206 1990 1238 2044 et
1266 2003 1330 2044 non
1358 2003 1417 2066 per
1440 1981 1488 2045 cih
1512 1980 1530 2042 1
1552 1980 1675 2042 rimasa

338 2083 403 2147 mai
427 2081 459 2146 S.
482 2082 540 2146 Ma
560 2082 592 2147 di
614 2082 794 2169 provedere
829 2082 887 2148 che
914 2081 938 2146 li
960 2084 1043 2168 preti
1076 2105 1141 2148 non
1174 2083 1415 2170 dispensassero
1445 2082 1478 2148 la
1501 2084 1674 2148 comunion

339 2185 399 2250 sub
423 2195 560 2272 unaque
583 2185 637 2250 alli
660 2186 745 2269 laici,
769 2188 842 2250 anzi
857 2187 888 2250 n'
904 2185 947 2250 ha
963 2188 1096 2252 cacciati
1112 2197 1144 2251 et
1164 2189 1374 2274 perseguitati
1397 2187 1515 2270 alcuni,
1539 2188 1566 2250 si
1582 2209 1675 2251 come

341 2290 359 2352 e
382 2291 506 2354 notorio
535 2311 595 2376 per
615 2289 648 2353 la
671 2300 758 2354 corte
781 2289 814 2353 di
838 2288 870 2354 S.
893 2288 960 2353 Mffl.
1006 2300 1038 2354 61
1067 2301 1186 2377 quanto
1210 2314 1230 2356 a
1253 2289 1358 2378 quello
1383 2291 1466 2355 ch'e
1489 2299 1572 2354 stato
1595 2290 1677 2354 fatto

342 2392 384 2457 da
405 2393 428 2457 li
451 2392 505 2457 S¹¹²¹
528 2392 625 2458 duchi
649 2393 681 2457 di
703 2393 844 2458 Baviera
866 2403 898 2457 et
920 2393 954 2457 di
977 2393 1114 2478 (116161,
1136 2393 1231 2459 basta
1247 2393 1316 2459 dire
1332 2393 1392 2459 che
1415 2393 1447 2457 la
1468 2393 1527 2457 Me
1551 2393 1676 2458 (111161-

340 2496 483 2562 dinando
505 2519 571 2562 non
591 2496 635 2561 ha
659 2495 702 2561 ds.
722 2497 858 2561 rendere
881 2507 976 2562 conto
1000 2496 1093 2578 de‚le
1116 2521 1191 2562 cose
1213 2499 1292 2563 fatte
1316 2496 1358 2562 da
1380 2495 1460 2578 loro,
1484 2519 1537 2562 ma
1561 2497 1620 2562 che
1638 2519 1675 2562 se

339 2598 362 2664 li
384 2600 552 2665 medesimi
573 2601 712 2687 principi
729 2621 868 2664 saranno
883 2601 1046 2683 docmati,
1068 2593 1100 2664 ’ὲ
1124 2599 1165 2665 da
1188 2599 1321 2666 credere
1337 2599 1396 2664 che
1420 2623 1510 2665 come
1533 2601 1674 2686 principi

342 2702 419 2768 boni
444 2715 475 2770 et
498 2703 647 2770 catholici
664 2703 723 2769 che
746 2703 799 2768 fin’
815 2704 896 2768 hora
918 2725 997 2769 sono
1021 2706 1097 2769 stati
1117 2707 1230 2788 tenori,
1254 2703 1458 2769 renderanno
1481 2703 1680 2789 giustificata

341 2809 475 2894 ragione
499 2809 532 2873 di
556 2807 685 2896 quanto
698 2807 807 2896 hanno
829 2808 921 2874 fatto.

445 2935 576 3004 Obietto
601 2940 737 3004 settimo.
841 2939 886 3003 Et
908 2939 1016 3028 doppo
1046 2939 1162 3027 questa
1195 2931 1379 3026 perniciosa¹
1401 2938 1610 3027 suspensione
1632 2935 1678 3004 ha

340 3042 443 3107 inteso
467 3041 500 3108 S.
523 3041 582 3108 Ma
608 3042 667 3108 che
689 3045 723 3108 in
744 3041 835 3107 molti
863 3042 971 3108 luochi
999 3053 1031 3108 61
1059 3045 1318 3109 massimamente
1354 3066 1373 3107 a
1394 3041 1522 3108 Vienna
1545 3041 1597 3107 nel
1619 3041 1676 3107 ho·

341 3145 457 3234 spitale
481 3146 513 3210 di
537 3145 569 3211 S.
585 3147 698 3213 Marco
722 3149 748 3211 si
772 3145 968 3233 dispensava
989 3145 1022 3210 la
1045 3149 1234 3212 comunione
1258 3147 1317 3212 sub
1341 3157 1477 3234 utraque
1501 3169 1520 3210 a
1541 3145 1564 3209 li
1590 3144 1675 3230 laici,

340 3259 373 3314 et
396 3273 456 3315 con
479 3259 561 3315 tutto
585 3250 644 3315 ehe
668 3252 699 3316 vi
713 3259 843 3337 potesse
859 3249 1039 3315 facilmente
1055 3251 1233 3336 provedere
1250 3249 1443 3318 scacciando
1466 3252 1476 3314 i
1491 3251 1584 3338 preti,
1601 3249 1620 3314 l’
1633 3249 1678 3314 ha

342 3351 479 3419 tolerato
502 3363 534 3418 61
555 3353 659 3420 tolera
681 3364 764 3419 tutta
785 3356 848 3420 via.

441 3485 603 3571 Risposta.
709 3485 849 3566 Quando
884 3483 916 3550 S.
941 3485 998 3550 Ma
1018 3484 1062 3550 ha
1090 3495 1206 3573 saputo
1235 3483 1294 3550 che
1326 3483 1380 3550 nel
1402 3483 1561 3571 hospitale
1584 3483 1617 3548 di
1639 3482 1673 3548 S.

340 3586 452 3652 Marco
477 3589 504 3652 si
526 3589 771 3654 communicava
794 3588 932 3676 qualche
954 3588 1036 3656 laico
1061 3589 1120 3656 sub
1144 3600 1295 3677 utraque,
1328 3588 1372 3654 ha
1393 3589 1473 3654 fatto
1495 3588 1673 3675 provisioni

347 3689 616 3778 gagliardissime‚
641 3715 732 3758 come
755 3691 854 3778 hoggi
877 3694 895 3756 ὸ
918 3694 1042 3758 notorio
1065 3695 1099 3757 in
1121 3702 1204 3758 tutta
1225 3693 1362 3758 Vienna.

442 3811 573 3879 Obietto
590 3823 711 3879 ottavo.
815 3813 865 3878 Ne
888 3814 918 3878 le
933 3816 1151 3880 nominatione
1175 3813 1233 3880 che
1254 3815 1288 3878 fa
1310 3813 1477 3878 81111116
1499 3811 1522 3876 li
1544 3809 1675 3878 vescovi

338 3937 404 3980 non
427 3914 495 3982 solo
519 3927 689 3983 commette
713 3928 826 4004 questo
851 3940 968 3996 errore,
993 3918 1052 3983 che
1076 3919 1118 3983 da
1139 3917 1208 3984 1010
1231 3918 1254 3982 11
1274 3940 1425 4004 possesso
1448 3916 1623 4002 temporale
1646 3925 1677 3981 et

341 4019 522 4104 spirituale,
557 4023 667 4086 avanti
691 4020 750 4086 ehe
773 4023 864 4087 siano
888 4022 1068 4087 confirmati
1090 4021 1144 4086 dal
1166 4045 1266 4108 papa,
1303 4043 1358 4085 ma
1379 4020 1479 4108 toglie
1500 4041 1520 4084 a
1542 4021 1674 4085 vescovi

342 4123 521 4188 confirmati
553 4124 584 4190 le
607 4124 715 4190 chiese
746 4135 778 4189 et
799 4123 844 4210 gli
866 4124 896 4190 le
919 4135 1067 4212 permuta
1096 4127 1129 4189 in
1153 4125 1233 4190 altre
1255 4125 1407 4210 migliofi,
1431 4147 1508 4190 cosa
1530 4123 1675 4188 inaudita

343 4227 537 4292 scandalosa
560 4237 591 4294 et
612 4227 909 4314 preiuditialissima
932 4227 984 4294 all'
1002 4229 1163 4294 1011101111
1187 4228 1219 4292 di
1242 4238 1357 4315 questa
1378 4226 1409 4292 S.
1434 4226 1521 4294 sede.

445 4349 606 4434 Risposta.
711 4349 751 4414 In
775 4358 890 4436 questa
911 4358 1004 4436 parte
1028 4351 1153 4435 seguita
1175 4347 1208 4413 S.
1230 4349 1289 4412 Mu
1318 4347 1337 4411 l'
1354 4351 1484 4436 antiquo
1508 4347 1581 4414 stilo
1597 4348 1676 4414 deli

344 4473 380 4516 16
403 4451 433 4514 d'
449 4451 634 4537 Hungaria‚
661 4451 743 4518 oltra
765 4453 825 4519 che
846 4451 966 4517 maile
989 4453 1007 4516 'e
1031 4463 1114 4518 stato
1138 4452 1236 4535 detto,
1261 4451 1319 4516 che
1344 4451 1376 4516 di
1398 4451 1443 4516 tal
1465 4475 1523 4517 uso
1547 4453 1633 4518 circa
1654 4451 1675 4516 il

341 4557 490 4619 nominor
524 4557 542 4620 h
577 4567 765 4643 presentare
802 4580 821 4621 a
854 4556 884 4622 le
919 4555 1027 4622 chiese
1054 4557 1084 4621 d'
1106 4557 1277 4642 Hungaria
1309 4577 1395 4642 papa
1423 4554 1539 4621 alcano
1570 4557 1677 4620 avanti

218 4673 222 4686 ·
344 4657 445 4723 Paulo
467 4659 517 4724 IV
539 4681 573 4724 se
596 4683 637 4725 ne
660 4663 709 4725 sia
730 4669 841 4725 tenuto
864 4669 1021 4746 gravat03
1056 4661 1133 4747 perh
1157 4659 1287 4748 quando
1305 4657 1336 4722 S.
1353 4657 1400 4723 S¹²
1424 4682 1465 4724 ne
1480 4659 1551 4724 faria
1565 4683 1676 4725 mover

344 4761 459 4848 parole
481 4785 501 4826 a
523 4761 555 4826 S.
579 4763 659 4848 Ma,
683 4786 748 4829 non
771 4764 789 4828 ὸ
813 4763 934 4830 dubbio
959 4762 1018 4830 che
1041 4765 1069 4827 si
1090 4762 1228 4851 pigliarh
1249 4763 1435 4849 espediente
1458 4787 1519 4830 con
1542 4763 1676 4828 satisfat-

342 4865 429 4930 tione
453 4865 483 4929 d'
497 4867 593 4932 ambe
616 4866 646 4932 le
668 4868 764 4952 parti.

448 4984 579 5053 Obietto
602 5009 697 5053 nono.
796 4985 885 5066 ,Nell’
901 4984 1015 5051 ultima
1031 4983 1119 5053 dieta
1134 4986 1166 5052 di
1182 4986 1316 5052 Boemia
1337 4983 1381 5051 ha
1402 4987 1482 5054 fatto
1505 4985 1538 5056 S.
1561 4985 1619 5053 M2²
1632 5011 1674 5055 un

343 5089 474 5157 decreto
496 5093 531 5156 in
552 5091 663 5158 favore
686 5090 719 5156 di
743 5089 851 5157 601010
875 5089 935 5155 che
959 5101 1099 5178 tengono
1122 5090 1198 5156 beni
1227 5090 1452 5178 ecclesiastici,
1487 5116 1548 5160 eon
1569 5094 1672 5180 prein-
