3512 5838
632 815 928 906 OOLXXVII.

423 1040 502 1115 Der
528 1039 733 1116 Kaisaros
758 1039 820 1114 dle
839 1035 1175 1126 Oonclloratoren3

570 1193 679 1260 Wieu,
704 1195 744 1245 23
761 1193 891 1260 August
909 1193 999 1245 loos.

219 1554 327 1620 Nobis
351 1575 428 1619 sane
450 1553 579 1620 videtur
600 1556 808 1620 intentionem
831 1573 942 1619 eorum
965 1552 1020 1639 qui
1041 1549 1166 1617 Romae
1188 1551 1222 1616 in
1244 1549 1449 1618 conscriben-

104 1658 161 1724 dis
188 1667 227 1724 et
252 1657 465 1745 congerendis
488 1657 631 1723 articulis
652 1656 715 1722 illis
746 1676 879 1744 operam
909 1676 1000 1720 suam
1027 1665 1205 1741 posuerunt
1242 1677 1314 1722 eam
1336 1653 1445 1740 tirisse,

101 1773 142 1827 ut
165 1763 319 1850 pertaesi
342 1761 620 1849 frequentissimae
635 1759 900 1848 interpellationis
924 1767 1052 1823 nostrae
1075 1757 1180 1823 factae
1196 1759 1229 1823 in
1244 1761 1380 1846 negocio
1401 1780 1451 1825 re·

102 1865 324 1931 formationis
356 1865 549 1930 universalis
581 1866 615 1928 in
648 1863 755 1950 capite
789 1873 821 1928 et
842 1862 1013 1945 membris,
1047 1870 1248 1950 quantopere
1281 1871 1449 1929 aversatur

104 1968 223 2035 clerus
248 1971 349 2035 nostri
372 1970 525 2056 temporis
548 1977 580 2034 et
602 1970 743 2033 maxime
766 1969 856 2033 curia
876 1967 1032 2054 Romana,
1055 1964 1155 2030 talem
1169 1965 1262 2031 nobis
1277 1964 1449 2032 formulam

102 2073 356 2144 reformationis
376 2079 594 2160 proponerent
616 2093 714 2158 quam
736 2073 856 2135 scirent
888 2093 908 2134 a
930 2069 1024 2135 nobis
1055 2069 1089 2134 in
1119 2079 1222 2136 totum
1244 2067 1332 2135 nullo
1354 2079 1450 2156 pacto

106 2177 249 2242 admitti
271 2175 324 2242 vel
347 2176 531 2242 executioni
553 2174 701 2239 mandari
723 2195 834 2260 posse,
863 2172 1010 2260 adeoque
1039 2171 1085 2238 sie
1111 2195 1222 2238 omnes
1251 2183 1377 2239 nostros
1407 2171 1451 2237 la·
1528 2181 1535 2196 ‘

105 2279 215 2346 bores
241 2289 274 2345 et
297 2287 429 2344 conotus
453 2299 533 2366 quos
555 2276 724 2365 hucusque
748 2277 948 2363 suscepimus
971 2276 1005 2340 in
1026 2274 1088 2341 hoo
1117 2277 1253 2362 negocio
1283 2275 1450 2341 eluderent

109 2393 144 2448 et
166 2381 381 2471 postmodum
410 2402 538 2448 omnem
565 2379 693 2468 culpam
721 2379 956 2446 reformationis
984 2402 1050 2444 non
1078 2380 1183 2445 factae
1212 2381 1246 2444 in
1268 2403 1327 2445 nos
1349 2388 1451 2444 trans·

107 2487 252 2552 ferrent
276 2508 360 2574 quae
382 2485 511 2550 illorum
533 2483 668 2550 consilia
690 2484 768 2550 nibil
791 2488 896 2550 minus
920 2509 1016 2572 quam
1039 2484 1081 2550 ad
1103 2485 1381 2550 conservationem
1403 2506 1451 2548 re·

108 2588 252 2676 ligionis
274 2600 403 2655 nostrae
427 2587 606 2655 catholicae
629 2596 662 2652 et
677 2589 818 2675 quietem
833 2588 1030 2675 reipublicae
1047 2587 1151 2654 Μ’·
1165 2589 1355 2675 praesertim
1371 2587 1450 2652 Ger·

111 2695 250 2758 maniae
279 2703 436 2779 spectant
470 2713 549 2757 sane
576 2713 636 2779 par
665 2701 734 2756 erat
761 2691 1024 2757 reformationem
1052 2715 1072 2756 a
1100 2693 1206 2778 capite
1236 2701 1350 2780 utputa
1371 2714 1391 2757 a
1413 2691 1450 2755 R.

111 2795 274 2882 pontifice
298 2805 329 2860 et
352 2797 420 2860 eius
444 2794 661 2861 cardinalibus
684 2818 724 2861 ac
747 2797 837 2860 curia
858 2795 895 2860 R.
919 2798 1071 2883 incipere,
1095 2797 1151 2884 qui
1166 2807 1233 2860 tum
1249 2794 1451 2861 inferioribus

113 2899 290 2966 ordinibus
314 2899 551 2984 ecclesiasticis,
575 2910 643 2965 tum
668 2903 764 2964 etiam
788 2901 945 2987 imprimis
969 2901 1114 2966 statibus
1130 2899 1329 2965 secularibus
1345 2921 1451 2965 exem-

113 3002 210 3090 plum
236 3003 426 3069 emendatae
448 3005 534 3070 vitae
555 3003 714 3090 praebere
738 3002 909 3088 deberent3
944 3001 1002 3070 sed
1023 3006 1129 3070 visum
1153 3013 1202 3069 est
1224 3004 1271 3070 eis
1298 3025 1366 3068 rem
1389 3002 1450 3068 hae

113 3109 171 3172 via
194 3105 344 3194 aggredi,
366 3106 402 3171 id
425 3105 511 3194 quod
533 3128 599 3171 non
619 3107 805 3195 putavimus
829 3128 900 3172 esse
922 3107 1132 3190 reticendum,
1162 3116 1198 3172 ut
1220 3107 1452 3172 conscientiam

114 3221 266 3276 nostram
290 3231 501 3275 exoneremus
530 3217 562 3275 et
592 3211 747 3276 honorem
776 3233 814 3275 ac
846 3209 1036 3296 dignitatem
1060 3220 1204 3276 nostram
1225 3219 1451 3274 tueamur...

228 3313 310 3378 Sunt
330 3309 475 3378 nonnulli
498 3311 552 3377 alii
565 3311 689 3378 articuli
706 3311 767 3378 sub
783 3312 923 3400 capitulo
939 3315 1102 3398 trigesimo
1118 3337 1203 3380 nouo
1220 3313 1451 3401 comprehensi,

119 3419 176 3505 qui
200 3426 341 3502 tangunt
360 3415 523 3503 principes
547 3414 707 3480 seculares
730 3437 768 3480 ac
799 3417 973 3503 praecipue
1001 3417 1255 3483 iurisdictionem
1284 3441 1396 3484 eorum
1419 3419 1452 3480 in

118 3543 279 3608 personas
303 3528 335 3586 et
356 3541 407 3584 res
430 3517 719 3584 ecclesiastieorum
751 3520 918 3607 ipsamque
947 3518 1129 3585 libertatem
1159 3531 1191 3586 et
1218 3521 1452 3586 immunitatem

121 3625 430 3711 exemptionemque
460 3621 713 3689 ecclesiasticam
740 3632 806 3687 tam
836 3645 856 3686 a
884 3623 1175 3689 contributionibus
1204 3635 1235 3690 et
1256 3623 1454 3712 quibuslibet

121 3725 382 3815 impositionibus
404 3734 437 3789 et
459 3724 683 3792 exactionibus
707 3747 804 3814 quam
828 3725 869 3790 ab
892 3725 963 3791 aliis
987 3727 1146 3793 oneribus.
1182 3727 1270 3815 quod
1299 3727 1341 3793 ad
1369 3728 1451 3794 tales

123 3829 277 3897 articulos
301 3830 414 3894 attinet
434 3829 529 3894 vobis
549 3840 663 3896 notum
691 3827 947 3908 essevolumus,
978 3851 1033 3895 eos
1064 3831 1231 3917 graviores
1262 3853 1452 3919 essequam

123 3942 160 3998 ut
183 3956 204 3998 a
226 3932 318 3999 nobis
342 3951 380 3996 ac
402 3930 545 3996 fortassis
568 3935 664 3998 etiam
686 3955 706 3997 a
727 3931 859 4019 reliquis
881 3931 1011 4018 regibus
1035 3942 1066 3998 et
1088 3933 1287 4020 principibus
1300 3933 1453 4000 Ohr¹¹¹¹to-

124 4034 221 4102 lerari
244 4045 299 4100 aut
320 4034 449 4100 admitti
480 4045 672 4121 queant...
710 4057 807 4122 super
840 4035 956 4124 quibus
986 4035 1128 4102 articulis
1158 4035 1316 4102 debebitis
1345 4037 1452 4105 adbuc

124 4138 223 4206 latius
244 4148 383 4204 mentem
404 4131 550 4203 nostram
572 4139 736 4226 explicare
758 4139 902 4227 ipsisque
924 4136 1039 4226 legatis
1061 4139 1273 4227 respondere,
1304 4164 1363 4207 nos
1385 4151 1453 4207 tan·

126 4265 226 4330 quam
249 4241 441 4308 cathedam
471 4242 698 4328 imperatorem
719 4242 885 4330 hucusque
907 4264 1071 4331 nunquam
1101 4265 1307 4331 oppugnasse
1335 4245 1453 4310 nedum

128 4347 327 4436 oppressisse
349 4345 600 4412 iurisdictionem
624 4355 656 4410 et
677 4345 857 4412 libertatem
885 4345 1111 4413 ecclesiasticis
1143 4347 1285 4413 debitam
1314 4359 1346 4413 et
1368 4371 1451 4414 com·

126 4459 298 4535 petentem,
322 4447 379 4514 sed
400 4449 507 4536 potius
530 4471 602 4514 eam
623 4471 681 4535 pro
704 4449 826 4515 viribus
849 4458 971 4515 tutatos
995 4472 1066 4516 esse
1090 4461 1122 4516 et
1144 4451 1331 4516 existimare
1362 4449 1451 4539 quod

129 4575 222 4619 nemo
243 4551 305 4619 boo
326 4555 455 4619 nomine
476 4554 592 4618 iustam
608 4562 719 4619 contra
733 4575 791 4618 nos
820 4551 983 4642 querelam
1010 4577 1190 4643 proponere
1205 4555 1315 4642 possit.
1339 4576 1453 4619 verum

130 4659 291 4723 enimvero
315 4655 442 4722 cumbi
466 4655 593 4722 articuli
615 4659 680 4721 sint
700 4656 796 4722 valde
818 4658 985 4743 generales
1008 4669 1040 4724 et
1063 4659 1208 4746 singulae
1223 4660 1291 4724 fere
1306 4659 1453 4724 nationes

129 4781 229 4848 regna
251 4770 283 4826 et
303 4760 489 4848 provinciae
511 4762 644 4846 privatis
668 4761 733 4825 suis
757 4770 887 4825 utantur
902 4761 1025 4827 iuribus
1041 4761 1324 4828 constitutionibus
1347 4770 1448 4826 statu·

129 4863 169 4928 tis
190 4864 317 4951 legibus
338 4865 630 4953 antiquissimisque
652 4861 949 4946 consuetudinibus,
971 4875 1008 4932 ut
1029 4868 1156 4932 interim
1180 4875 1345 4932 taceamus
1365 4862 1454 4952 quod

132 4965 225 5033 iidem
247 4966 371 5033 articuli
394 4969 491 5032 etiam
514 4967 554 5034 de
576 4969 645 5032 iure
669 4970 830 5033 communi
853 4990 919 5032 non
935 4991 1038 5056 usque
1054 4969 1137 5036 adeo
1153 4968 1218 5035 late
1234 4969 1360 5035 extensi
1377 4977 1452 5032 sunt

134 5069 189 5136 sed
210 5071 331 5137 babent
354 5091 428 5134 suas
451 5079 556 5135 certas
568 5069 788 5138 distinctiones
811 5081 844 5137 et
865 5071 1081 5157 limitationes,
1097 5073 1236 5161 ideoque
1249 5071 1338 5138 haud
1355 5068 1453 5137 dubie

182 5209 284 5248 ticket
306 5219 327 5252 ι.
341 5208 370 5250 Θ.
382 5210 406 5252 d.
420 5207 517 5252 Oonetla
1225 5193 1259 5244 88
