3512 5838
634 787 861 880 OCLXIX.

337 1009 416 1086 Der
443 1007 616 1088 cardinal
644 1009 804 1085 Morene
831 1029 878 1084 en
906 1010 979 1085 den
1009 1011 1157 1102 Kaleon

559 1173 693 1237 Trient,
714 1174 755 1224 20
771 1171 843 1224 Jnli
862 1175 952 1227 locs.

238 1344 418 1401 Coacilactea.
446 1345 583 1420 omniunt,
606 1360 674 1418 paee
694 1363 778 1402 mesu
794 1345 933 1416 φορτίῳ·
954 1347 984 1402 s'e
1005 1353 1094 1420 torpe:
1116 1349 1158 1405 28
1178 1347 1251 1404 Jssls‘.

574 1522 676 1591 Sacra
698 1525 733 1592 O.
756 1525 916 1592 maiestas.

180 1749 264 1816 Post
284 1746 482 1815 bumilimem
504 1749 569 1815 mei
592 1751 866 1818 comendationem
893 1761 926 1818 et
955 1750 1127 1818 offiticrum
1147 1773 1292 1818 meorum
1314 1749 1402 1816 obla·

84 1853 210 1919 tionem.
234 1854 306 1920 scio
328 1853 404 1918 Mem
426 1853 467 1919 V.
491 1862 611 1918 certem
633 1875 704 1919 esse
726 1853 806 1920 nibil
828 1857 931 1942 magis
961 1854 1039 1920 mihi
1066 1877 1164 1921 curce
1193 1877 1279 1937 esse,
1307 1876 1405 1942 quam

85 1956 186 2022 inbis
208 1959 246 2022 in
278 1956 393 2044 quibus
420 1955 569 2022 voluntas
597 1956 666 2022 eius
693 1957 771 2022 mibi
799 1967 968 2046 perspecta
997 1967 1046 2024 est
1074 1957 1272 2035 incumbere,
1300 1967 1337 2023 ut
1363 1957 1406 2024 ad

84 2069 229 2146 optatum
252 2059 349 2125 finem
371 2057 599 2147 perducantur.
623 2069 656 2126 et
677 2061 825 2149 quemvis
846 2083 911 2126 non
934 2062 1002 2127 sine
1026 2084 1143 2150 magno
1165 2059 1276 2127 labore
1300 2083 1339 2127 ec
1355 2083 1406 2128 su·
1478 2083 1481 2092 ⁴

84 2162 157 2229 dore
180 2173 316 2253 propter
337 2163 445 2228 varies
467 2161 633 2228 bominum
655 2174 778 2228 mentes
801 2165 973 2252 quicquam
994 2163 1064 2231 fieri
1085 2165 1187 2251 possit
1200 2165 1235 2230 in
1255 2163 1318 2230 hoc
1332 2187 1406 2232 con·

84 2265 164 2352 cilio,
187 2276 300 2333 tamen
321 2266 387 2332 M*
409 2265 449 2332 V.
471 2263 586 2354 procul
608 2265 705 2333 dubio
727 2265 903 2351 intellexit,
936 2277 1057 2354 quante
1084 2267 1145 2336 deo
1179 2269 1351 2336 adiuvante
1373 2270 1407 2334 in

84 2372 233 2455 proxima
263 2372 405 2438 sessione
434 2369 620 2454 fecerimus,
648 2393 732 2458 quse
758 2393 824 2436 non
853 2369 955 2436 solum
983 2371 1025 2436 ed
1057 2372 1209 2459 dogmata
1234 2374 1404 2460 pertinent,

84 2495 193 2540 rerum
217 2475 315 2540 etism
338 2473 380 2539 sd
401 2472 669 2553 reformationem,
693 2477 726 2540 in
748 2496 813 2562 qua
834 2474 1003 2557 voluimus,
1033 2499 1106 2546 sum
1132 2476 1168 2541 id
1189 2476 1330 2544 maxime
1352 2499 1406 2542 ex·

85 2578 147 2662 peti
170 2600 191 2642 e
213 2577 270 2642 Μ’·
292 2577 333 2643 V.
357 2575 607 2663 intelligeremus
631 2587 663 2642 et
686 2579 712 2642 si
735 2599 828 2643 secus
851 2577 958 2645 iacere
979 2579 1139 2662 licuisset,
1170 2579 1211 2646 de
1239 2578 1271 2646 S.
1294 2580 1332 2646 R.
1357 2601 1406 2645 ec·

87 2681 199 2746 clesiae
229 2678 449 2747 cardinalibus
478 2683 671 2746 mentionem
699 2680 803 2747 facere
831 2681 865 2746 in
892 2681 1035 2768 [articulo
1062 2683 1295 2750 reformationis
1324 2705 1407 2770 quse

86 2783 124 2848 ed
146 2784 357 2851 residentiam
379 2785 527 2873 pertinet
566 2807 625 2851 nos
655 2783 798 2873 profecto
830 2807 896 2852 nou
925 2785 1084 2852 defuimus
1111 2809 1217 2876 neque
1248 2785 1407 2852 deerimus

87 2887 182 2956 offitio
204 2898 331 2971 nostro,
362 2897 395 2954 et
423 2910 590 2974 speramns
618 2887 696 2953 M²⁸¹¹²
717 2888 758 2954 V.
790 2888 877 2954 clare
909 2891 1124 2977 cognituram,
1157 2913 1254 2979 quam
1282 2892 1407 2956 sincero

86 2993 190 3058 enimc
213 2991 258 3060 ad
279 2991 401 3058 bonum
423 2990 588 3073 publicum
610 3001 643 3057 ct
664 2989 705 3056 ed
729 3013 898 3058 comunem
921 2991 1078 3060 ecclesiae
1099 2996 1255 3060 unitatem
1277 2992 1405 3060 inceda-

86 3115 162 3176 mus,
185 3096 287 3183 idque
307 3117 373 3160 non
394 3104 505 3160 nostre
525 3103 649 3159 tantum
672 3094 838 3161 voluntate
860 3095 1026 3180 faciemus,
1055 3096 1114 3162 sed
1137 3098 1232 3162 etiam
1254 3094 1407 3162 mundato

87 3193 133 3260 sn
153 3197 197 3264 D.
220 3197 272 3282 N,
301 3198 357 3285 qui
378 3197 429 3262 M*
450 3197 491 3262 V.
523 3205 649 3262 tentum
677 3195 789 3264 tribuit
816 3207 850 3263 ut
870 3197 1020 3265 videatur
1046 3199 1081 3264 id
1108 3199 1263 3286 imprimis
1291 3219 1408 3286 cupere

88 3300 171 3386 quod
194 3302 226 3368 ei
248 3301 388 3366 maxime
408 3299 527 3387 placet.

185 3403 358 3472 Caeterum
380 3425 453 3470 cum
474 3425 533 3469 nos
556 3405 639 3470 serio
662 3413 694 3469 et
709 3405 834 3470 sincere
850 3427 992 3492 agamus,
1015 3429 1080 3472 non
1093 3405 1163 3473 sine
1177 3428 1295 3494 magno
1310 3409 1410 3475 animi

91 3504 203 3574 dolore
224 3507 439 3595 percepimus,
463 3504 596 3573 consilia
618 3505 703 3572 Ser*¹²¹
724 3508 810 3592 regis
832 3507 1063 3596 Hispaniarum
1078 3531 1117 3575 eo
1131 3508 1263 3577 tendere
1286 3520 1322 3576 ut
1336 3532 1408 3578 con-

90 3607 197 3678 cilium
222 3613 256 3676 in
278 3608 411 3696 lnngum
433 3609 649 3698 protrabatur,
672 3610 759 3699 quod
782 3634 859 3677 sene
881 3611 1078 3699 reipublicae
1101 3611 1204 3679 Chrm
1222 3613 1319 3680 vslde
1338 3637 1410 3702 per-

86 3713 237 3780 nitiosum
260 3722 355 3780 esset.
377 3735 452 3777 nem
476 3715 502 3778 si
524 3722 601 3801 poet
624 3713 802 3779 doctrinam
824 3714 899 3780 fidei
921 3714 1117 3781 declaratum
1133 3726 1164 3783 et
1180 3717 1408 3798 confirmatum,

89 3815 114 3878 si
136 3827 212 3905 post
233 3817 493 3884 reformationem
515 3817 635 3883 factem
657 3826 689 3883 et
710 3815 912 3906 disciplinam
940 3817 1193 3886 ecclesiasticam
1220 3823 1409 3906 restitutum,

88 3920 172 4004 quod
193 3919 287 3988 brevi
310 3921 478 3989 commode
499 3922 570 3988 fieri
598 3922 731 4008 poterit,
759 3923 787 3987 si
817 3920 951 3989 concilio
981 3921 1091 3990 debita
1116 3922 1249 3990 liberter
1276 3926 1408 4012 permit·

87 4028 177 4109 tetur,
201 4034 251 4090 tot
273 4026 418 4113 episcopi
440 4048 506 4091 non
529 4024 598 4090 sinc
620 4045 739 4108 magno
762 4023 972 4091 ecclesiarum
1000 4025 1191 4094 detrimento
1214 4026 1267 4094 hic
1289 4027 1408 4096 detine-

88 4121 212 4213 buntur,
234 4151 300 4194 non
320 4126 416 4194 video
446 4127 523 4216 quid
548 4129 611 4193 nisi
638 4129 850 4215 pernitiosum
877 4126 1075 4214 reipublicae
1109 4127 1214 4195 chr*
1245 4133 1409 4219 expectari

89 4233 194 4313 possit,
220 4233 246 4297 si
267 4230 387 4297 relictis
411 4231 526 4298 ovibus
547 4241 692 4320 pastores
714 4230 764 4296 bis
785 4230 946 4297 montibus
962 4230 1198 4320 quodammodo
1219 4233 1335 4301 inclusi
1357 4235 1409 4302 de-

90 4331 279 4402 tinebuntur.
304 4337 403 4423 serpit
425 4335 459 4402 in
482 4333 549 4399 dies
571 4333 702 4402 morbus
725 4333 961 4402 hoereticorum
989 4371 1031 4383 -
1063 4334 1258 4404 incolumem
1286 4347 1318 4404 et
1343 4339 1409 4404 fee-

92 4430 182 4505 licem
206 4447 374 4506 conservet
398 4433 450 4527 [=
465 4437 653 4526 Reynaldus
675 4437 732 4504 Nr.
758 4439 820 4505 160
835 4466 875 4498 =
890 4439 940 4506 Le
962 4439 1035 4508 Plat
1057 4441 1088 4519 6,
1111 4437 1196 4529 161].

186 4559 313 4627 Datum
333 4559 487 4644 Tridenti,
509 4559 553 4625 20
573 4558 653 4626 Julri
677 4559 770 4626 1563.

920 4697 981 4763 Me
1002 4697 1043 4765 V.
1067 4695 1103 4766 O.

703 4797 886 4867 humilimus
909 4809 942 4867 et
964 4800 1098 4869 devotus
1121 4802 1261 4870 servitor

627 4901 792 4970 Jobsnnes
814 4900 850 4971 O.
872 4902 1025 4970 Moronus
1047 4925 1146 4971 manu
1165 4908 1310 4996 propris.
