3460 5826
312 481 375 544 its

314 669 439 734 assensi
461 665 581 732 fuerint
602 673 638 730 ut
659 666 693 730 in
714 666 827 753 primis
856 663 897 730 de
918 663 1111 732 residentiae
1134 665 1266 736 decreto
1288 670 1368 734 certi
1391 667 1516 756 aliquid
1538 671 1662 737 defini·

313 780 403 836 retur
426 777 458 835 et
480 769 612 834 tandem
635 768 677 833 ad
698 768 961 834 reformationem
976 769 1149 849 veniretur,
1172 770 1303 856 plurimi
1318 781 1428 858 patres
1440 771 1536 840 aliter
1551 783 1661 860 atque

315 873 409 938 aliter
435 872 475 937 de
503 874 732 958 prorogatione
755 871 860 959 deque
888 873 1108 958 propositione
1136 872 1261 960 loquuti
1295 876 1367 958 sint,
1399 885 1431 940 et
1454 887 1541 942 certe
1571 898 1664 963 pan·

316 978 419 1041 ciores
448 995 582 1038 numero
610 974 710 1038 fuisse
743 975 805 1038 visi
834 975 897 1038 sint
923 971 971 1038 illi
1003 975 1058 1059 qni
1081 973 1123 1038 D.
1146 975 1315 1042 Mantuani
1348 979 1564 1065 propositioni
1596 999 1665 1064 per

317 1080 426 1144 omnia
448 1077 650 1157 assentirent,
683 1085 793 1141 tamen
821 1075 950 1142 concilii
973 1077 1174 1161 secretarius,
1198 1081 1291 1146 ouius
1312 1081 1389 1146 fidei
1413 1083 1511 1146 etiarn
1541 1081 1664 1144 invitis

318 1179 470 1246 standum
493 1188 550 1262 est,
573 1179 685 1264 plures
706 1181 927 1243 numeraverit
948 1187 981 1243 et
1004 1178 1099 1264 longe
1121 1181 1276 1246 maiorem
1297 1193 1424 1269 partem
1447 1183 1664 1249 constituerit

318 1307 429 1349 eorum
452 1283 507 1370 qui
530 1283 563 1344 in
585 1279 628 1345 D.
651 1281 821 1346 Mantuani
843 1289 876 1346 et
896 1279 940 1346 D.
963 1278 1145 1366 legatorum
1167 1285 1361 1350 sententiam
1383 1285 1520 1351 iverunt
1547 1307 1591 1350 ea
1617 1283 1662 1347 de

317 1409 352 1451 re
374 1409 440 1451 non
463 1385 562 1452 semel
583 1383 687 1449 bonos
710 1393 743 1449 et
763 1383 941 1471 prudentes
955 1383 1045 1449 viros
1058 1405 1165 1472 neque
1180 1383 1296 1452 leviter
1311 1397 1546 1476 conquerentes
1562 1387 1663 1452 audi-

317 1489 433 1572 vimus,
457 1489 650 1577 quodnnius
667 1488 830 1553 secretarii
852 1486 996 1570 arbitrio,
1021 1488 1076 1574 qui
1099 1497 1186 1554 totus
1208 1511 1228 1554 a
1250 1488 1292 1555 D.
1310 1489 1492 1577 legatorum
1507 1491 1656 1576 imperio

318 1590 469 1679 pendeat,
487 1593 629 1657 omnium
645 1590 824 1656 sententiae
839 1597 872 1655 et
886 1589 995 1654 omnia
1010 1611 1096 1676 quae
1109 1589 1162 1655 hic
1178 1591 1397 1658 decernuntur
1411 1595 1661 1680 permittuntur,

319 1696 411 1762 cuius
440 1693 573 1782 quidem
596 1694 761 1758 secretarii
782 1691 865 1756 fides
894 1691 928 1755 in
952 1691 1145 1757 annotandis
1173 1702 1222 1758 tot
1238 1704 1372 1786 patrum
1394 1697 1562 1760 sententiis
1589 1716 1662 1758 non

319 1795 468 1864 omnibus
490 1795 635 1883 jprobata
657 1802 715 1860 est.
744 1803 777 1858 et
798 1793 929 1860 fuerunt
957 1795 1054 1860 etiam
1084 1797 1141 1883 qui
1162 1797 1460 1864 animadverterent
1486 1819 1563 1864 eum
1588 1818 1660 1860 non

320 1902 398 1966 satis
422 1900 609 1985 diligentem
631 1897 804 1986 aliquando
819 1897 929 1980 fuisse,
952 1897 1092 1985 nequid
1115 1899 1256 1966 deterius
1279 1899 1415 1968 dicatur.
1442 1909 1476 1966 et
1497 1909 1601 1981 certe,
1626 1907 1665 1961 nt

321 2005 362 2068 sit
383 2005 524 2068 maxime
547 2000 686 2087 diligens
709 2009 742 2064 et
762 1997 877 2080 fidelis,
900 2021 1006 2087 neque
1028 2009 1133 2066 tutum
1148 2021 1254 2088 neque
1269 2025 1288 2067 e
1303 2002 1462 2088 dignitate
1478 2002 1563 2067 tanti
1581 2023 1662 2065 con-

321 2105 388 2172 cilii
411 2114 461 2172 est
481 2113 517 2169 nt
539 2106 595 2168 uni
616 2112 741 2170 tanttim
765 2103 938 2168 secretario
960 2111 1028 2167 tam
1050 2125 1152 2190 grave
1175 2127 1257 2170 onus
1279 2105 1472 2192 imponatur,
1506 2105 1537 2170 ei
1559 2125 1661 2189 prae·

322 2208 433 2274 sertim
456 2208 514 2295 qni
533 2230 600 2273 non
622 2205 759 2272 obscure
783 2213 815 2270 et
836 2201 945 2290 palam
968 2214 1001 2270 et
1021 2207 1174 2292 privatim
1196 2229 1239 2272 ex
1266 2208 1305 2272 iis
1329 2229 1364 2272 se
1387 2229 1459 2274 esse
1481 2206 1661 2294 profitetur

322 2313 378 2400 qui
400 2309 619 2376 reformationi
648 2317 681 2372 et
702 2307 862 2374 bonorum
885 2306 1055 2373 conatibus
1083 2308 1241 2375 obsistere
1264 2308 1377 2376 solent
1413 2311 1448 2376 in
1469 2308 1661 2376 forensibus

322 2414 432 2480 causis
455 2412 520 2478 ubi·
533 2408 632 2496 saepe'
655 2409 696 2476 de
718 2433 783 2476 uno
806 2419 932 2476 tantrnn
954 2412 1075 2497 exiguo
1097 2409 1203 2498 agello
1228 2411 1436 2498 disceptatum,
1460 2411 1524 2480 duo
1541 2421 1576 2478 et
1591 2420 1661 2475 tres

322 2517 439 2583 notarii
462 2514 612 2581 adhiberi
633 2512 747 2596 solent,
770 2523 803 2579 et
824 2513 887 2580 hoc
909 2512 982 2580 loco
1005 2511 1062 2580 ubi
1085 2513 1126 2580 de
1148 2515 1247 2580 totius
1263 2513 1431 2580 christiani
1446 2514 1533 2580 orbis
1549 2511 1661 2578 salute

323 2622 439 2706 agitur,
462 2618 558 2683 unius
580 2616 719 2682 hominis
741 2615 805 2682 fide
827 2627 860 2682 et
876 2615 1045 2702 diligentia
1068 2625 1237 2684 contentos
1259 2639 1319 2684 nos
1339 2626 1475 2704 oportet
1497 2617 1561 2683 boc
1578 2639 1660 2704 quo·

324 2745 388 2810 que
412 2721 463 2787 Ml
484 2721 523 2788 V.
547 2719 580 2786 S.
603 2718 768 2784 humilime
789 2717 999 2786 indicandum
1023 2719 1217 2802 censuimus,
1246 2729 1283 2784 ut
1303 2717 1482 2806 intelligere
1504 2717 1660 2806 dignetur

324 2825 387 2891 hoc
402 2823 575 2890 concilium
590 2822 676 2888 omni
690 2830 837 2907 exparte
851 2819 1084 2889 labefactamm
1099 2822 1234 2909 eiusque
1246 2821 1437 2909 dignitatem
1449 2820 1660 2910 quorundam

324 2928 490 2993 hominum
506 2925 630 2991 artibus
646 2945 748 3012 prope
758 2923 1007 3008 deiectamesse.
1030 2925 1154 2988 utinam
1165 2923 1340 3011 aliquando
1352 2925 1485 2992 meliora
1491 2924 1543 2990 bf*
1566 2924 1609 2989 V.
1625 2923 1657 2988 S.

325 3028 526 3117 perscribere
538 3048 706 3116 possemus
719 3048 825 3114 neque
836 3026 886 3090 bis
899 3026 1025 3092 acerbis
1040 3027 1167 3093 nunciis
1182 3028 1363 3114 piissimum
1374 3029 1444 3092 eius
1459 3028 1607 3092 animum
1616 3026 1659 3090 fe

326 3134 480 3216 rircmus;
499 3129 558 3196 sed
581 3132 609 3195 si
620 3129 764 3194 fidelium
776 3139 809 3193 at
822 3131 987 3194 veracium
1003 3131 1196 3196 servitorum
1211 3129 1316 3196 officio
1331 3131 1423 3216 fungi
1437 3129 1600 3215 volumus,
1623 3140 1658 3194 nt

327 3245 414 3300 certe
428 3233 586 3318 volumus,
609 3234 737 3299 nonnisi
753 3254 791 3300 ea
806 3231 949 3298 scribere
962 3255 1134 3319 possumus
1158 3243 1191 3298 et
1212 3231 1367 3298 dabamus
1389 3255 1474 3320 quae
1495 3234 1575 3320 ipsis
1592 3255 1655 3298 ma-

328 3336 632 3424 nibusatlingimus.
657 3335 756 3400 dilata
766 3344 815 3401 est
826 3337 926 3401 sessio
939 3335 1127 3400 inmensem
1138 3333 1294 3421 Aprilem.
1317 3334 1445 3400 duabus
1457 3337 1655 3423 gravissimis

328 3421 579 3528 quaestionibus
597 3439 637 3506 de
650 3441 856 3526 episcopatus
879 3448 911 3503 et
932 3436 1126 3504 residentiae
1148 3437 1219 3502 iure
1241 3437 1385 3504 nondum
1406 3437 1574 3522 absolutis,
1592 3442 1653 3504 iam

327 3543 523 3608 matrimonii
545 3563 675 3630 quoque
697 3540 856 3606 discussio
879 3540 1089 3627 superaddita
1111 3546 1169 3606 est
1196 3539 1275 3627 quid
1296 3542 1421 3627 sperari
1444 3541 1521 3608 boni
1543 3544 1654 3628 possit,

328 3668 395 3711 non
417 3645 576 3728 videmus,
598 3645 663 3709 imo
686 3643 895 3709 vehementer
915 3642 1094 3708 timendum
1117 3665 1188 3709 esse
1209 3643 1414 3724 arbitramur,
1437 3667 1479 3710 ne
1493 3641 1575 3708 nihil
1591 3667 1651 3709 om·

258 3750 260 3754 ’
328 3752 405 3814 nino
428 3749 594 3830 faciamus,
619 3747 677 3814 sed
699 3767 818 3834 magno
841 3768 915 3812 cum
938 3744 1097 3812 dedecore
1120 3755 1230 3812 nostro
1254 3755 1287 3810 et
1309 3747 1451 3812 omnium
1473 3746 1652 3833 principum

330 3853 388 3940 qui
415 3851 468 3916 hic
495 3873 555 3938 per
577 3860 722 3915 oratores
751 3871 826 3915 snos
853 3847 971 3914 adsunt
996 3847 1153 3914 nonnulla
1179 3848 1357 3934 ignominia
1384 3870 1420 3913 re
1441 3847 1564 3916 infecta
1585 3849 1653 3914 hinc

330 3955 498 4020 discedere
521 3974 685 4039 cogamur.
711 3961 743 4017 et
765 3975 844 4017 sanc
868 3953 914 4017 ita
935 3975 986 4018 res
1009 3961 1247 4038 comparantur,
1275 3953 1322 4016 its
1343 3953 1453 4018 omnia
1473 3953 1652 4026 miscentur,

330 4067 367 4123 ut
387 4056 422 4121 id
444 4056 548 4122 solum
571 4055 612 4122 ob
636 4053 747 4122 oculos
769 4054 871 4121 veluti
894 4077 1012 4142 scopus
1036 4054 1168 4142 quidam
1189 4055 1391 4141 propositum
1413 4077 1485 4120 esse
1500 4054 1651 4135 videatur,

331 4170 367 4225 nt
389 4182 486 4247 quam
509 4160 663 4224 citissime
686 4179 880 4246 quacunque
903 4157 943 4222 de
957 4179 1066 4240 eausa,
1090 4157 1142 4222 cui
1157 4156 1268 4244 aliqua
1283 4157 1518 4246 qualiscunque
1531 4158 1651 4224 tandem

331 4263 388 4328 illa
410 4265 451 4327 sit
472 4261 608 4328 honesta
630 4262 795 4328 excusatio
818 4261 966 4349 praetexi
988 4268 1095 4349 queat,
1119 4260 1292 4327 concilium
1313 4260 1517 4328 dissolvatur.
1541 4261 1603 4328 hoc
1623 4269 1652 4323 ut

332 4388 513 4444 vereamur,
536 4365 614 4430 facit
636 4367 733 4431 etiam
754 4367 920 4451 praeteriti
938 4364 1066 4430 concilii
1087 4363 1278 4448 recordatio,
1301 4365 1336 4430 in
1358 4387 1422 4453 quo
1445 4363 1583 4430 eaedem
1601 4361 1649 4428 dif-

333 4469 492 4536 ficultates
514 4469 629 4533 iisdem
658 4466 818 4533 derebus
841 4478 974 4533 exortae
1001 4468 1100 4532 luisse
1128 4465 1298 4551 dicuntur,
1332 4467 1503 4556 quasillis
1527 4489 1646 4558 quoque

333 4572 375 4640 ad
397 4581 579 4638 extremum
603 4592 677 4635 oum
698 4570 827 4656 longius
855 4570 1007 4656 progredi
1034 4593 1099 4636 non
1121 4580 1257 4656 possent
1287 4571 1385 4638 finem
1406 4570 1646 4638 attulerunt...

470 4745 526 4795 Der
543 4741 684 4794 Scbreiber
700 4741 746 4793 bat
763 4739 792 4792 in
810 4741 857 4792 der
874 4741 1006 4808 Datimng
1023 4755 1072 4792 ans
1090 4741 1239 4794 Versebenr
1258 4744 1274 4792 6
1292 4743 1391 4809 Aprilis
1409 4749 1521 4809 gesetst.
1538 4743 1584 4796 Ab
1600 4743 1649 4794 Bei-

402 4829 462 4897 lage
481 4830 524 4879 dis
541 4829 646 4880 articuli
670 4828 703 4879 de
721 4833 887 4879 sacramento
910 4830 1119 4879 matrimonii:
1138 4829 1177 4880 Le
1197 4830 1255 4880 Plat
1277 4832 1302 4893 b,
1321 4831 1380 4882 ote.
1400 4857 1430 4868 -
1460 4830 1509 4880 Ich
1527 4831 1587 4897 lttgs
1602 4829 1648 4878 hier

405 4917 457 4968 den
468 4915 645 4981 Hauptinhalt
656 4915 704 4966 der
714 4915 842 4966 mousson
854 4914 1014 4980 Depeschen
1027 4916 1079 4967 bei.
1098 4915 1167 4967 Vom
1184 4917 1201 4966 8
1219 4915 1352 4968 Februarz
1370 4916 1450 4967 bento
1463 4916 1545 4968 brach
1554 4915 1649 4980 bottiger

405 5003 487 5054 Streit
495 5001 628 5054 awuchsn
640 5001 692 5053 dsn
704 5000 903 5053 tramtsischen
920 5000 974 5052 und
988 5002 1149 5068 spanischen
1160 5003 1298 5054 Doctores
1307 5015 1356 5054 ans
1368 5004 1401 5070 (s.
1413 5003 1463 5070 Ep.
1477 5003 1544 5070 Peg.
1554 4998 1647 5068 aaut
