3532 5832
1405 583 1408 590 ι

108 700 148 764 iis
169 699 355 785 incumbet,
383 698 545 789 siquidem
573 698 663 766 baud
691 697 790 766 dubie
818 719 930 766 omnes
960 695 1069 765 adhuc
1089 695 1132 764 Su
1156 695 1225 764 eius
1247 704 1281 764 et
1299 692 1332 762 S.
1349 694 1426 763 sedi

104 801 279 890 spostolicae
291 803 456 872 'debitam
477 802 695 871 obedientiam
715 810 898 892 praestant3
920 804 966 868 ita
988 823 1118 890 quoque
1141 799 1182 868 de
1203 799 1424 868 saecularibus

102 909 139 994 qui
157 908 343 974 etiamnum
366 909 402 974 in
423 906 584 974 catholica
604 906 760 995 religione
782 914 894 974 nostra
916 913 1102 972 constanter
1127 905 1314 994 persistunt,
1344 926 1425 993 quos

100 1023 184 1075 auen
214 1009 288 1076 Ma.
315 1009 355 1078 S.
377 1011 413 1079 0.
441 1035 485 1078 ex
516 1009 794 1099 superabundanti
827 1031 956 1099 qnoque
990 1030 1029 1076 ea
1062 1007 1104 1075 de
1131 1030 1167 1074 re
1194 1008 1336 1096 benigne
1368 1007 1424 1075 ed·

98 1112 229 1179 monebit.

176 1217 311 1284 Verum
335 1221 370 1284 in
388 1217 452 1286 illis
475 1219 530 1308 qui
543 1217 772 1306 Augustarum
787 1216 1020 1285 confessionem
1034 1215 1235 1306 profitentur,
1257 1217 1426 1304 potissima

95 1322 140 1388 uit
159 1320 347 1390 difficultas
367 1332 564 1413 vereturque
585 1322 655 1387 ΜΝ
678 1321 711 1389 S.
734 1322 787 1407 0,
821 1331 978 1411 quantum
1001 1319 1153 1408 colligere
1173 1322 1280 1410 potuit
1302 1343 1320 1386 e
1342 1329 1425 1388 trac-

94 1425 196 1491 tatrbus
217 1435 296 1492 turn
324 1428 526 1516 superiorum
553 1449 712 1495 annorum
739 1435 809 1492 turn
836 1427 871 1492 in
898 1427 1049 1514 proximo
1078 1446 1208 1514 quoque
1229 1422 1424 1512 Augustsno

95 1529 202 1616 inperii
225 1540 402 1598 conventu
423 1553 498 1598 cum
526 1530 590 1597 illis
617 1529 747 1615 habitis,
776 1528 850 1596 illos
878 1550 899 1593 a
920 1527 1057 1595 coneilio
1079 1526 1225 1594 nonnihil
1248 1525 1424 1594 abhorrere

94 1655 140 1698 nsc
159 1637 407 1721 compariteros
429 1636 492 1700 nisi
514 1633 574 1700 sub
596 1635 796 1722 gravissimis
819 1630 1073 1716 conditionibus,
1107 1632 1146 1696 iis
1167 1631 1319 1698 nimirum
1341 1653 1423 1719 quas

95 1734 181 1802 uis„
204 1736 245 1805 O.
283 1760 375 1805 anno
402 1737 512 1825 elapso
539 1736 709 1826 Augustae
737 1734 982 1802 Vindelicorum
1015 1734 1193 1822 descriptae
1227 1733 1421 1820 obtullerunt,

95 1861 158 1926 quus
178 1849 216 1906 ut
239 1839 307 1907 δ”·
330 1843 400 1908 eius
428 1850 605 1929 cognoscat
631 1850 664 1907 et
691 1838 897 1906 considerare
928 1848 1041 1927 queat,
1076 1837 1112 1906 0.
1135 1837 1204 1904 ΜΝ
1225 1840 1259 1904 in
1286 1838 1423 1905 latinum

95 1965 263 2011 romonem
287 1945 458 2012 traductas
480 1942 521 2011 gs
540 1945 609 2010 eius
630 1967 697 2010 una
719 1966 792 2011 cum
813 1943 876 2011 boc
899 1946 1019 2032 scripto
1042 1941 1327 2010 communicandas
1350 1966 1423 2011 esse

95 2045 172 2112 duxit
206 2044 412 2138 [A].v011e
444 2058 554 2115 autam
589 2048 737 2116 homines
766 2056 916 2136 potentes
943 2047 1144 2135 praefractos
1171 2048 1351 2135 variisque,
1385 2058 1422 2115 ut

20 2227 21 2240 ἦ
96 2149 235 2218 uedrbile
274 2161 344 2238 est,
377 2161 446 2218 tum
474 2151 660 2220 foederibus
686 2160 756 2218 tum
784 2151 940 2218 clientelis
970 2149 1126 2216 subnixos
1148 2152 1182 2216 vi
1204 2161 1237 2218 et
1258 2153 1356 2218 armis
1378 2152 1422 2220 ad

93 2253 220 2320 ineunda
243 2278 290 2324 ea
313 2266 427 2323 contra
448 2279 532 2344 quae
553 2258 616 2344 ipsi
638 2256 842 2323 iamdudum
865 2255 1119 2322 obfirmaverunt
1140 2256 1264 2324 animos
1283 2256 1421 2344 compel-

94 2354 147 2423 lere
166 2358 325 2448 adeoque
345 2361 534 2426 universum
557 2359 668 2440 orbem
690 2358 901 2426 christianum
923 2380 1009 2426 novo
1031 2380 1144 2424 rursus
1165 2381 1206 2425 ac
1219 2359 1422 2447 periculosis·

94 2460 161 2527 simo
193 2461 289 2532 bello
323 2463 504 2550 involvere;
536 2462 572 2530 id
602 2465 793 2551 praesertim
819 2465 854 2530 in
880 2472 973 2535 tanta
999 2486 1108 2531 rerum
1135 2465 1278 2532 omnium
1298 2475 1423 2553 pertru-

96 2561 212 2632 batione
236 2591 342 2656 quam
364 2567 554 2634 consultum'
568 2567 712 2634 futurum
729 2569 779 2652 sit,
802 2563 860 2632 Su*
875 2565 908 2634 S.
923 2589 983 2654 pro
998 2569 1118 2655 insigni
1131 2568 1235 2655 ipsius
1249 2568 1423 2656 prudentia

95 2665 177 2735 facile
199 2671 415 2757 diiudicabit,
445 2680 483 2737 ut
503 2673 631 2738 interim
653 2671 721 2736 ΜΝ
745 2669 777 2736 S.
799 2679 921 2756 taceat,
951 2693 1051 2759 quarn
1079 2670 1210 2740 difficile
1238 2671 1300 2738 sibi
1328 2695 1422 2760 prae·

98 2774 193 2838 sertim
213 2784 269 2842 tot
292 2775 363 2842 eliis
390 2775 638 2842 necessitatibus
667 2776 906 2840 circumventae
935 2773 1079 2840 futurum
1107 2785 1193 2841 esset
1223 2779 1421 2844 committere

99 2873 221 2964 aliquid,
257 2881 295 2944 in
322 2901 386 2968 quo
409 2878 474 2943 Mi·
501 2866 641 2946 sifidss
663 2901 761 2968 quarn
790 2879 883 2943 aunis
912 2878 1132 2965 superioribus
1153 2881 1246 2966 pecie
1269 2879 1421 2968 publicae

100 2977 324 3049 iuGermania
344 2984 473 3049 nomine
496 2982 678 3066 obstrinxit,
700 2985 735 3047 in
757 2981 892 3048 dubium
912 2991 1096 3048 vacaretur.

186 3084 415 3154 Veruntamen
436 3110 478 3154 ne
499 3087 568 3151 ΜΝ
591 3084 625 3152 S.
647 3085 684 3153 G.
708 3085 814 3152 officio
836 3087 882 3173 pii
904 3094 937 3152 et
958 3085 1109 3154 catholici
1130 3089 1335 3176 imperatoris
1357 3088 1425 3155 ulla

100 3183 234 3273 inparis
259 3191 353 3275 desit,
375 3211 441 3257 non
460 3191 695 3277 praetermittet
716 3212 775 3256 suo
797 3199 942 3277 tempore
966 3211 1076 3256 omnes
1097 3189 1170 3258 illos
1193 3193 1277 3258 sacri
1297 3193 1424 3280 imperii

103 3290 253 3380 principes
277 3296 333 3382 qui
366 3304 441 3360 sunt
468 3294 678 3362 confessionis
699 3292 914 3381 Augustanus
943 3315 1068 3360 summa
1097 3317 1175 3360 cura
1202 3295 1342 3382 benigne
1371 3317 1423 3362 co

103 3387 210 3461 hortari
232 3419 367 3464 monere
389 3407 422 3464 et
441 3399 616 3486 requirere,
640 3407 676 3464 ut
697 3399 731 3462 in
753 3396 890 3464 concilio
913 3405 1132 3484 compareant.

188 3496 294 3567 Porro
315 3502 411 3566 tertia
438 3501 612 3568 difficultas
642 3523 726 3588 quaa
749 3500 786 3567 Ο.
808 3500 862 3565 Mu
881 3503 1020 3567 occurrit
1049 3502 1083 3566 in
1103 3500 1166 3568 hoc
1187 3504 1324 3588 negocio
1348 3525 1422 3570 con·

102 3597 169 3686 eiiii,
203 3605 289 3672 haec
318 3614 368 3670 est
395 3604 484 3692 quod
514 3607 599 3672 inter
620 3604 685 3670 alia
706 3627 857 3689 magnam
880 3605 1066 3672 offensionis
1088 3613 1120 3670 et
1143 3605 1289 3672 scandali
1310 3629 1424 3672 ansam

103 3705 240 3786 praebuit
272 3709 307 3774 in
340 3707 476 3774 concilio
507 3708 597 3796 quod
623 3708 843 3796 superioribus
874 3710 967 3774 annis
995 3708 1047 3775 bis
1069 3708 1215 3774 Tridenti
1237 3710 1424 3778 inchoatruu

102 3804 164 3893 fuit,
194 3811 344 3878 absentia
366 3814 482 3878 summi
502 3812 681 3900 pontificis;
709 3835 750 3878 ea
771 3833 901 3900 nanque
930 3813 1156 3878 auctoritatem
1178 3813 1304 3878 concilii
1326 3813 1424 3880 valde

104 3907 229 3982 elevavit
251 3925 285 3982 et
305 3914 524 4001 labefactavit,
547 3917 594 3981 ita
615 3916 705 4005 quod
727 3916 873 3983 eiusdem
895 3925 969 3983 acta
991 3925 1024 3982 ct
1045 3915 1178 3982 decreta
1191 3916 1354 3983 nonnullis
1376 3918 1424 3983 lu·

103 4009 192 4084 dibrio
221 4019 342 4086 fuerint
368 4019 490 4086 habita.
535 4042 601 4110 qua
631 4019 762 4108 quidem
789 4021 823 4085 in
849 4043 885 4086 re
918 4021 1082 4086 existimat
1112 4018 1149 4086 C.
1179 4021 1248 4086 eius
1274 4020 1359 4105 lim,
1397 4024 1424 4088 si

104 4113 163 4182 8⁰¹¹
179 4121 223 4188 D.
245 4122 285 4188 N.
308 4123 388 4190 velit
410 4145 483 4190 eanr
505 4144 577 4190 esse
600 4123 729 4191 concilii
750 4125 974 4191 auctoritatem
997 4145 1082 4211 quae
1102 4125 1218 4191 merito
1241 4123 1351 4209 debet,
1373 4147 1423 4191 re-

104 4228 267 4292 cesserium
299 4224 368 4293 fore
400 4235 437 4292 ut
464 4225 521 4293 δ”·
549 4225 582 4294 S.
616 4227 662 4296 illi
694 4251 850 4316 praesens
883 4230 1018 4313 intersit,
1052 4227 1183 4318 quaudo
1217 4227 1348 4316 quidem
1381 4251 1424 4294 ex

105 4321 230 4396 bistorfis
252 4332 458 4419 antiquorum
482 4331 690 4399 conciliorum
711 4333 807 4400 facilc
836 4341 981 4420 apparel,
1016 4341 1173 4421 quantum
1204 4331 1369 4419 dignitatis
1391 4340 1425 4399 et

106 4435 289 4500 auctoritatis
311 4433 375 4500 illis
396 4437 581 4522 praesentia
603 4457 799 4502 summorum
820 4436 1009 4524 pontificum
1031 4435 1261 4520 conciliaverit,
1284 4444 1423 4523 atquae

106 4534 186 4604 etiarn
216 4537 338 4603 utilitas
364 4537 443 4604 inde
471 4539 514 4604 ad
546 4539 779 4626 rempublicam
814 4538 1023 4606 christianam
1050 4541 1217 4624 emanarit,
1252 4541 1343 4605 cuius
1375 4539 1424 4605 rei

109 4641 244 4730 exempla
266 4641 430 4709 adducere
450 4641 519 4708 Mu.
542 4641 575 4709 S.
599 4642 635 4710 0.
660 4665 939 4732 supervacaneum
959 4644 1146 4728 arbitratur,
1170 4665 1244 4710 cum
1266 4665 1306 4710 ea
1328 4641 1369 4709 8³¹
1390 4640 1423 4709 S.

107 4740 156 4808 sint
173 4745 295 4832 optime
315 4753 403 4812 nota
919 4803 925 4816 .
1063 4759 1068 4769 ’

193 4846 353 4931 Quartum
381 4847 568 4937 scrupulum
596 4851 707 4916 iniecit
728 4849 765 4917 0.
789 4848 822 4917 S.
844 4851 897 4916 Mi
915 4850 1006 4917 locus
1035 4853 1069 4918 iu
1099 4872 1164 4940 quo
1193 4849 1424 4918 celebrandum

106 4947 218 5018 videtur
239 4951 420 5018 concilium.
466 4975 541 5020 cum
571 4955 655 5020 enim
684 4954 859 5022 interulis
885 4957 1087 5042 potissimum
1114 4957 1236 5044 requiri
1263 4954 1421 5039 videatur,

107 5060 134 5116 ut
149 5053 237 5124 locus
271 5055 455 5125 huiusmodi
488 5060 529 5126 sit
557 5081 678 5149 capax,
712 5067 750 5125 ut
769 5059 899 5146 fertilis,
932 5069 970 5128 ut
997 5059 1069 5128 eliis
1100 5081 1230 5151 quoque
1258 5057 1423 5128 ebristimi
