3460 5826
1324 518 1325 521 ’
1384 501 1447 562 m

114 679 323 746 odoraverint
344 691 503 747 oratorem
527 680 631 747 cath*
654 685 740 768 rogis
758 705 877 749 novam
900 693 932 750 et
953 683 1132 750 inauditam
1155 684 1196 749 de
1217 683 1448 771 praecedentia

112 788 353 850 contentionem
376 794 535 850 attentare
557 783 651 865 velle,
680 786 800 850 idcirco
824 785 902 850 illud
931 807 1030 850 unum
1053 795 1322 871 praesentaneum
1344 807 1446 852 reme-

111 888 198 952 dium
229 888 307 952 huic
336 885 448 952 morbo
481 890 676 973 tempestive
704 885 924 952 adhibendum
946 887 1119 970 videretur,
1154 898 1190 953 ut
1211 889 1365 955 videlicet
1393 890 1446 956 vel

109 989 215 1056 solum
240 990 478 1055 Granatensem
501 989 781 1077 archiepiscopum
803 988 855 1054 vel
876 989 922 1054 illi
945 989 1096 1054 adiuncto
1111 1011 1177 1055 uno
1198 1013 1241 1055 ex
1253 991 1447 1057 doctissimis

108 1094 347 1180 Hispaniarum
371 1094 532 1178 episcopis
548 1092 666 1157 Corbu·
689 1113 747 1157 rex
763 1102 921 1158 oratorem
939 1092 1132 1178 designaret
1158 1114 1222 1179 quo
1237 1092 1323 1159 facto
1343 1104 1447 1160 totum

106 1199 278 1282 negotium
309 1197 524 1261 contentionis
554 1197 724 1281 sopiretur,
755 1194 1030 1280 quemadmodum
1060 1195 1144 1260 inter
1165 1217 1217 1259 me
1240 1195 1301 1260 Mo.
1323 1196 1363 1261 V.
1386 1220 1446 1283 pro

106 1321 210 1384 regno
241 1297 432 1384 Hungariae
460 1307 635 1380 oratorem,
665 1296 819 1362 Poloniae
847 1307 879 1361 et
908 1296 1126 1382 Portugalliae
1156 1319 1270 1382 regum
1302 1309 1446 1364 oratores

106 1402 232 1466 factum
255 1410 313 1482 est,
337 1409 369 1465 et
390 1399 505 1464 cadem
528 1399 569 1464 de
593 1421 691 1464 causa
713 1398 798 1462 Ill''¹u
821 1421 952 1486 quoqne
974 1399 1043 1464 dux
1065 1398 1250 1464 Sabaudiae
1272 1423 1338 1464 non
1354 1423 1445 1466 secu·

104 1504 220 1586 larem,
256 1502 314 1568 sed
349 1504 537 1589 episcopum
565 1501 806 1588 Augrrstensem
840 1524 933 1566 suum
963 1513 1123 1568 oratorem
1157 1504 1189 1566 in
1214 1502 1350 1569 concilio
1373 1525 1446 1569 esse

104 1607 221 1672 voluit.

212 1711 388 1775 Praeterea
411 1731 484 1776 cum
500 1709 713 1794 Augustanae
736 1707 946 1772 confessionis
969 1706 1097 1774 ordines
1120 1708 1163 1772 ad
1187 1708 1251 1775 hoc
1273 1709 1445 1774 concilium

108 1816 169 1878 vix
191 1816 321 1878 venturi
344 1812 527 1893 credantur,
551 1810 771 1876 reformationi
794 1819 827 1874 et
848 1811 932 1874 serio
955 1809 1088 1895 quidem
1103 1809 1357 1877 incumbendum
1372 1834 1445 1879 esse

107 1916 231 1998 iudico,
261 1924 298 1980 ut
329 1914 476 1978 videntes
498 1923 564 1978 tam
591 1915 658 2000 ipsi
684 1912 950 1978 confessionistae
984 1933 1079 1997 quam
1103 1911 1158 1976 alii
1180 1936 1311 2002 quoque
1345 1936 1445 2000 opera

105 2030 222 2084 nostra
244 2017 332 2084 bona
354 2018 451 2082 etiam
473 2017 536 2103 ipsi
559 2015 740 2102 glorificent
761 2014 857 2079 deum
880 2025 912 2079 ct
933 2024 1058 2100 patrem
1084 2014 1124 2079 D.
1147 2015 1186 2079 N.
1210 2016 1292 2080 Jesu
1315 2016 1443 2082 Christi.

106 2122 205 2186 cuius
229 2119 362 2207 quidem
383 2119 621 2185 reformationis
644 2120 748 2184 seriae
771 2127 803 2182 et
816 2117 912 2182 realis
936 2139 1009 2183 cum
1032 2116 1119 2182 basis
1142 2139 1183 2182 ac
1199 2117 1444 2184 fundamentum

108 2227 153 2288 sit
174 2222 372 2288 residentiae
396 2232 429 2286 et
451 2222 659 2286 institutionis
682 2219 877 2307 episcopalis
900 2219 1075 2285 declaratio
1099 2219 1189 2304 (nam
1211 2218 1293 2286 alias
1316 2221 1444 2306 dispen-

106 2326 292 2392 sationibus
314 2333 471 2412 perpetuo
493 2326 591 2388 ianua
612 2323 739 2410 patebit
759 2344 865 2410 neque
887 2322 960 2388 illae
983 2325 1126 2388 omnium
1148 2323 1306 2389 bonorum
1321 2324 1442 2390 iudicio
1542 2361 1543 2364 ι

103 2431 301 2516 praesertim
330 2428 363 2491 in
388 2426 621 2493 beneficiorum
650 2424 835 2513 pluralitate
864 2424 938 2490 ullis
972 2448 1114 2513 unquam
1150 2425 1442 2513 supplicationibus

105 2531 179 2598 tolli
202 2531 352 2618 possint),
382 2530 600 2596 desiderarem
622 2540 665 2604 ut,
690 2531 717 2593 si
739 2531 773 2592 in
794 2530 943 2615 proximo
966 2531 1103 2595 termino
1128 2530 1264 2595 sessioni
1285 2529 1442 2615 praefixo,

104 2645 225 2722 quarto
249 2632 373 2699 scilicet
395 2632 448 2697 die
470 2632 566 2698 huius
588 2634 708 2697 mensis
730 2629 813 2698 haec
835 2629 985 2698 absoluta
1006 2655 1072 2697 nou
1093 2631 1220 2715 fuerint,
1251 2632 1318 2696 M*
1343 2631 1383 2696 V.
1408 2630 1441 2696 S.

103 2749 174 2802 tam
196 2759 257 2824 per
279 2737 433 2801 nuncium
454 2731 670 2818 apostolicum
692 2756 790 2821 quem
812 2735 846 2798 in
868 2755 927 2798 sua
944 2732 1019 2799 aula
1041 2733 1151 2818 habet,
1176 2756 1274 2820 quam
1297 2757 1356 2820 per
1371 2755 1441 2799 ora·

104 2853 194 2905 tores
218 2861 294 2904 suos
317 2837 502 2904 ostenderet
525 2838 727 2924 apertissime
750 2859 785 2902 se
808 2858 936 2922 cupere,
962 2845 996 2900 ut
1018 2835 1099 2902 haec
1122 2837 1241 2900 veritas
1265 2835 1305 2901 de
1328 2858 1394 2922 qua
1408 2840 1443 2902 in

103 2943 292 3029 praesentia
319 2941 577 3023 controvertitur,
601 2942 657 3004 via
679 2937 852 3019 ordinaria,
883 2939 989 3004 idest
1018 2941 1195 3024 praemissa
1217 2938 1442 3024 theologorum

104 3045 325 3132 disputatione
351 3053 389 3108 ut
410 3040 494 3107 solet
514 3042 584 3108 fieri
612 3044 646 3107 in
674 3041 874 3107 discussione
902 3041 1100 3127 dogmatum,
1124 3041 1351 3119 declararetur,
1375 3064 1440 3128 quo

104 3146 241 3213 tandem
276 3147 396 3210 veritas
420 3142 590 3224 elucescat,
633 3145 703 3210 sive
726 3145 828 3210 divini
857 3145 925 3210 sive
947 3143 1079 3210 humani
1101 3146 1180 3210 imis
1208 3146 1250 3209 sit
1271 3145 1343 3231 ipsa
1365 3145 1442 3210 resi·

105 3251 229 3316 dentis.
723 3303 725 3306 .

211 3349 380 3415 Absolutis
403 3357 511 3414 autem
532 3349 622 3415 hisce
644 3351 835 3416 necessariis
858 3351 1010 3432 materiis,
1035 3352 1143 3416 statim
1166 3372 1208 3415 ex
1223 3348 1307 3416 libro
1323 3349 1385 3414 Mo.
1400 3348 1442 3414 V.

107 3467 141 3521 et
163 3452 333 3520 Gallorum
363 3453 484 3538 scripto
511 3474 577 3518 non
600 3451 641 3516 D.
664 3450 844 3537 legatorum
875 3453 932 3516 sed
955 3451 1016 3517 Μω
1042 3452 1081 3516 V.
1105 3452 1237 3517 arbitrio
1260 3453 1365 3538 magis
1386 3473 1441 3515 nc-

110 3558 271 3624 oeasarios
293 3565 325 3619 et
339 3555 532 3641 praecipuos
555 3553 707 3620 anemos
730 3554 877 3641 patribus
901 3553 1130 3641 proponendos
1148 3576 1323 3637 censerem,
1347 3556 1392 3618 ita
1407 3563 1443 3620 ut

109 3685 176 3728 non
198 3681 282 3723 unus
306 3667 362 3722 aut
384 3656 465 3722 alter
485 3656 611 3744 legatus
634 3657 675 3723 de
697 3656 747 3722 his
770 3655 938 3738 iudicaret,
970 3657 1027 3722 sed
1049 3667 1151 3724 totum
1175 3657 1348 3723 concilium
1371 3679 1442 3721 sen-

108 3765 245 3830 tentiam
261 3761 383 3827 diceret
399 3771 431 3826 et
446 3762 535 3848 quod
550 3760 750 3848 reipublicae
774 3761 970 3826 christianae
993 3760 1171 3847 expediens
1193 3761 1262 3826 fore
1284 3759 1442 3825 iudicaret

110 3866 350 3954 pronunciaret
379 3885 439 3937 nec
462 3862 542 3928 illud
564 3864 669 3928 ΒΜ
690 3863 732 3928 D.
755 3862 936 3949 legatorum
958 3863 1079 3928 dictum
1108 3885 1159 3928 me
1181 3873 1299 3946 monet,
1327 3861 1374 3926 ibi
1396 3864 1442 3926 ni·

109 3972 227 4034 mirum
252 3988 323 4031 esse
345 3965 504 4052 quaedam
527 3987 610 4054 quac
633 3989 698 4032 non
713 3965 968 4047 admitterentur,
992 3966 1050 4032 sed
1071 3968 1179 4053 potius
1200 3965 1363 4053 repulsam
1386 3987 1441 4050 pa·

108 4079 269 4151 terentum
292 4090 368 4133 nam
390 4078 467 4134 tunc
489 4068 705 4154 intelligerent
728 4091 838 4134 omnes
862 4091 928 4134 uon
942 4069 1104 4156 pontificis
1126 4069 1260 4134 maximi
1275 4076 1308 4134 et
1324 4065 1384 4132 Ml·
1401 4066 1440 4132 V.

107 4173 321 4253 conniventia,
345 4180 382 4236 ut
402 4170 555 4237 haeretici
577 4171 748 4253 affirmant,
772 4171 830 4236 sed
852 4174 948 4238 totius
972 4173 1171 4238 oecumenici
1191 4168 1319 4236 concilii
1335 4191 1440 4235 sacro·

107 4285 223 4342 sancta
244 4275 434 4340 auctoritate
463 4295 502 4340 ca
523 4277 646 4359 negari,
681 4274 715 4339 id
738 4273 826 4363 quod
847 4298 920 4342 mec
943 4273 1075 4362 quidem
1098 4273 1216 4338 iudicio
1246 4296 1312 4338 non
1336 4271 1438 4338 solum

106 4381 184 4444 huic
205 4379 370 4464 praesenti
392 4378 502 4459 aetati,
528 4378 586 4443 scd
610 4378 780 4444 universae
803 4380 901 4444 etiam
916 4379 1097 4462 posteritati
1119 4377 1321 4464 profuturum
1336 4399 1376 4442 ac
1392 4398 1440 4440 sa·

106 4483 212 4546 lutare
234 4480 304 4546 fore
327 4478 527 4546 crediderim.
550 4479 613 4546 hoc
636 4489 744 4546 autern
765 4490 855 4547 tanto
878 4479 1004 4547 facilius
1027 4481 1096 4545 fieri
1119 4479 1224 4557 debet,
1251 4489 1371 4568 quanto
1386 4501 1439 4544 res

110 4593 160 4649 est
182 4580 331 4648 omnibus
359 4583 558 4648 manifestior
586 4592 618 4648 et
639 4582 721 4648 liber
754 4582 808 4650 ille
830 4585 1094 4652 reformationem
1123 4585 1264 4650 omnium
1288 4579 1438 4648 manibus

109 4693 240 4750 teratur.
264 4684 304 4750 de
321 4686 509 4772 dogmatum
531 4687 768 4753 intermissione
790 4690 848 4752 vix
864 4686 986 4776 aliquid
1011 4686 1148 4753 obtineri
1171 4707 1268 4774 posse
1290 4685 1438 4750 arbitror.

108 4787 318 4853 illudentem
342 4788 437 4874 plane
465 4787 665 4875 impossibile
695 4811 766 4854 esse
794 4788 917 4872 iudico,
945 4799 981 4854 ut
1010 4800 1119 4877 patres
1147 4788 1287 4853 induas
1317 4785 1436 4852 classes

110 4890 345 4956 distribuuntur
367 4903 465 4979 atque
488 4892 535 4956 sic
557 4913 621 4956 una
643 4914 719 4978 pars
743 4915 855 4958 eorum
878 4893 919 4958 de
943 4892 1158 4979 dogmatibus,
1183 4891 1285 4958 altera
1308 4911 1384 4954 vero
1398 4886 1438 4956 de

107 5015 232 5059 morum
257 4993 485 5060 reformatione
507 5003 634 5078 tractet,
664 5017 737 5060 cum
760 5016 822 5060 nee
843 5005 953 5081 patres
975 5018 1036 5060 nec
1059 5005 1203 5060 oratores
1225 4995 1259 5058 in
1282 4989 1439 5058 eiusmodi
