3512 5838
318 719 384 762 non
406 717 477 764 esse
500 694 559 762 abs
581 717 617 762 re
639 693 728 784 quod
749 693 805 760 illa
828 716 959 782 quoque
973 695 1068 762 vobis
1084 693 1298 782 explicemus,
1322 717 1408 784 quae
1423 699 1456 762 in
1473 693 1654 761 difficilimo

319 798 374 864 illo
398 801 505 885 capite
527 798 615 883 quod
637 806 758 862 tractat
780 796 823 861 de
844 798 1072 862 reformatione
1093 799 1280 885 principum
1302 796 1520 864 saecularium
1552 798 1655 863 eonsi-

319 901 465 967 deranda
487 907 705 966 occurrerunt.
730 907 762 964 ct
784 901 932 987 inprimis
954 897 1076 965 nullam
1098 900 1238 966 facimus
1263 899 1486 967 difficultatem
1508 903 1545 965 in
1563 921 1654 987 proe

320 1006 384 1069 mio
408 1005 477 1069 eius
499 1004 624 1090 capitis,
648 1004 682 1068 in
705 1025 769 1092 quo
792 1002 918 1068 scilicet
940 1000 1038 1089 eulpa
1059 1001 1201 1070 violatae
1224 1001 1383 1070 libertatis
1412 1002 1657 1070 ecclesiastiae

321 1129 386 1171 non
409 1117 474 1172 tam
497 1105 698 1194 principibus
721 1105 919 1172 adscribitur
947 1129 1047 1194 quarn
1069 1107 1215 1194 ipsorum
1237 1108 1401 1190 ministris,
1424 1129 1533 1194 neque
1557 1107 1656 1172 etiam

321 1212 355 1274 in
379 1208 436 1274 illa
458 1208 624 1274 additione
648 1231 732 1296 quae
755 1210 894 1274 sesessit
915 1210 949 1274 in
971 1209 989 1272 I
1012 1207 1148 1274 articulo
1172 1207 1258 1274 illius
1282 1211 1409 1296 capitis,
1440 1207 1529 1297 quod
1553 1205 1658 1273 eccle·

322 1297 484 1376 siastieae'
495 1333 655 1399 personae
678 1313 771 1376 citari
793 1311 920 1398 possint
943 1319 976 1376 et
998 1319 1112 1377 contra
1134 1333 1188 1377 eas
1203 1311 1337 1399 procedi
1353 1312 1387 1376 in
1403 1311 1534 1377 casibus
1551 1334 1573 1377 a
1587 1311 1658 1377 iure

321 1416 487 1501 permissis
510 1417 686 1502 praecipue
709 1423 784 1501 post
807 1413 1060 1479 declarationem
1090 1413 1254 1480 ordinarii.
1283 1414 1331 1479 sic
1353 1415 1450 1479 etiarn
1471 1413 1554 1480 nihil
1579 1413 1660 1479 diffi-

321 1515 450 1582 cultatis
465 1518 560 1582 nobis
583 1519 724 1583 occurrit
746 1519 779 1583 in
801 1517 834 1582 X
847 1513 984 1583 articulo
1009 1517 1095 1584 illius
1120 1518 1247 1605 capitis,
1272 1517 1361 1604 quod
1382 1539 1558 1604 processus
1582 1539 1659 1603 apo

322 1618 427 1684 stolici
449 1621 483 1686 in
505 1620 585 1686 locis
608 1623 739 1686 munitis
761 1619 815 1686 vel
837 1622 871 1686 in
893 1621 1041 1689 ecclesiis
1057 1619 1299 1688 cathedralibus
1313 1619 1552 1686 denunciantur
1566 1621 1660 1706 prius

322 1722 544 1808 superioribus
568 1747 680 1789 eorum
713 1722 867 1789 locorum.
889 1725 967 1788 item
994 1725 1029 1788 in
1051 1722 1188 1790 articulo
1217 1721 1277 1798 XI,
1301 1721 1390 1807 quod
1412 1723 1566 1788 executio
1590 1720 1660 1785 lite·

322 1845 430 1888 rarum
461 1835 494 1890 et
517 1825 745 1891 mandatorum
777 1825 1029 1912 apostolicorum
1061 1827 1095 1890 in
1129 1823 1264 1890 alteram
1296 1824 1475 1888 iussionem
1509 1821 1660 1887 iudicum

322 1925 617 1993 ecelesiasticorum
654 1951 696 1993 ex
727 1949 848 2014 magna
879 1935 912 1992 et
939 1928 1083 1993 evidenti
1112 1947 1212 1993 causa
1235 1924 1392 2012 suspendi
1415 1935 1523 2014 queat.
1562 1923 1661 1991 aliter

323 2038 431 2094 autem
454 2031 609 2094 sentimus
633 2029 674 2094 de
697 2028 915 2094 additionibus
938 2029 1033 2094 factis
1055 2029 1090 2094 in
1111 2027 1146 2094 H
1168 2024 1305 2093 articulo
1327 2027 1424 2093 huius
1447 2029 1579 2114 capitis,
1602 2027 1661 2093 ubi

323 2129 506 2198 declaratur
528 2155 645 2199 causas
667 2132 757 2199 feudi
780 2132 992 2199 ecclesiastici
1015 2141 1048 2198 et
1074 2131 1307 2197 iurisdictionis
1337 2133 1437 2198 etiam
1464 2129 1661 2218 temporalis

324 2257 389 2299 non
421 2257 493 2300 esse
525 2235 712 2300 mactandas
746 2257 858 2300 eoram
886 2233 1117 2300 saecularibus.
1151 2235 1213 2300 hoo
1245 2243 1333 2302 certe
1356 2234 1391 2300 in
1414 2233 1596 2300 Germania
1618 2231 1661 2296 ad

324 2337 474 2402 effectum
497 2336 614 2404 deduci
635 2361 701 2403 non
721 2339 850 2424 poterit,
875 2339 951 2425 quia
973 2361 1016 2403 ex
1039 2337 1197 2403 diametro
1212 2345 1338 2426 pugnat
1352 2358 1426 2404 cnm
1440 2335 1570 2423 imperii
1585 2357 1661 2400 con·

323 2440 542 2504 stitutionibus
566 2463 647 2526 quas
670 2463 728 2527 pro
751 2440 874 2506 viribus
897 2442 980 2505 tueri
997 2450 1029 2506 et
1043 2461 1237 2508 conservare
1253 2450 1409 2507 tenemur.
1433 2437 1557 2503 habent
1574 2439 1661 2502 enim

324 2542 469 2630 episcopi
493 2552 525 2607 et
546 2541 683 2630 praelati
706 2545 791 2609 sacri
813 2544 940 2630 imperii
964 2543 1195 2631 utplurimum
1217 2543 1418 2632 amplissima
1438 2539 1549 2614 feuda,
1576 2561 1660 2626 quae

323 2645 365 2708 ab
388 2647 434 2709 eis
456 2655 695 2731 recognoscunt
716 2656 780 2712 tam
805 2647 940 2712 comites
962 2645 1103 2714 barones
1127 2656 1159 2714 et
1180 2645 1342 2728 nobilitas,
1373 2667 1471 2733 quam
1492 2645 1660 2710 inferioris

324 2746 445 2813 ordinis
467 2747 593 2830 vasalli,
624 2749 708 2814 inter
737 2771 818 2836 quos
848 2752 874 2814 si
905 2748 1036 2837 quando
1066 2751 1287 2816 controversia
1315 2750 1438 2816 oricum
1471 2746 1513 2812 de
1546 2745 1658 2830 feudo,

321 2850 440 2914 frustra
461 2850 544 2915 foret
558 2873 614 2916 eos
628 2853 791 2916 remittere
814 2851 857 2917 ad
871 2853 1047 2919 tribunalia
1062 2852 1291 2918 ecelesiastica.
1308 2850 1413 2916 solent
1427 2850 1490 2935 ipsi
1505 2850 1658 2936 episcopi

325 2975 382 3018 sen
404 2952 540 3039 praelati
574 2955 770 3019 constituere
802 2976 898 3040 pares
932 2956 1042 3021 cumae
1075 2977 1133 3020 seu
1166 2953 1248 3022 alios
1281 2953 1407 3018 iudices
1429 2949 1580 3017 feudales
1603 2951 1660 3040 qui

325 3057 482 3120 eiusmodi
506 3057 759 3122 controversiam
782 3055 947 3124 feudalem
969 3056 1158 3135 diiudicent,
1193 3080 1214 3122 a
1247 3055 1365 3145 quibus
1399 3075 1477 3144 para
1506 3076 1593 3142 quae
1628 3076 1662 3120 se

326 3165 417 3244 putat
438 3165 618 3243 gravatam,
642 3157 685 3222 ad
708 3157 874 3245 imperiale
896 3168 1042 3225 nostrum
1065 3159 1220 3226 iudicium
1243 3182 1393 3226 camerae
1407 3166 1577 3246 provocat.
1600 3177 1661 3222 nee
1753 3151 1754 3176 l

325 3268 374 3324 est
397 3259 485 3346 quod
508 3259 678 3347 quisquam
702 3260 765 3326 sibi
786 3260 984 3347 persuadeat
1005 3262 1090 3329 hane
1113 3261 1382 3330 consuetudinem
1403 3264 1450 3326 its
1471 3259 1574 3326 facile
1588 3280 1661 3322 mu·

325 3363 386 3426 tari
407 3383 514 3447 posse,
538 3385 581 3428 ex
603 3385 668 3449 quo
692 3363 791 3428 etiam
814 3373 951 3450 apparet
973 3385 1071 3451 qnam
1093 3365 1236 3451 rigidum
1257 3367 1299 3429 sit
1321 3363 1403 3429 illud
1425 3361 1515 3450 quod
1536 3364 1572 3426 in
1594 3361 1660 3425 frne
1753 3433 1754 3436 Ἴ

326 3462 470 3527 eiusdem
492 3463 619 3528 articuli
642 3463 789 3528 additum
812 3475 870 3548 est,
894 3465 966 3531 illos
989 3468 1045 3553 qui
1066 3469 1101 3531 in
1114 3467 1292 3553 praedictis
1308 3467 1414 3533 causis
1430 3462 1660 3530 ecelesiasticis

324 3563 366 3629 ad
388 3566 613 3650 magistratum
640 3567 838 3631 recurrerint
866 3566 1082 3644 saecularem,
1119 3571 1189 3656 ipso
1212 3570 1283 3636 iure
1305 3567 1606 3634 excommunicatos
1630 3575 1661 3630 et
1753 3621 1754 3650 ,

326 3667 412 3733 omni
435 3668 504 3732 iure
528 3667 616 3752 quod
638 3669 686 3733 eis
709 3670 743 3732 in
766 3668 863 3734 dietis
892 3670 998 3735 causis
1028 3670 1232 3756 competebat
1254 3694 1293 3737 eo
1315 3671 1387 3758 ipso
1409 3670 1553 3758 privatos
1577 3690 1658 3732 esse
1753 3697 1754 3712 1

326 3773 359 3833 in
380 3768 430 3832 IV
452 3768 588 3834 articulo
612 3769 757 3836 eiusdem
780 3773 898 3859 eapitis
919 3772 1031 3838 addita
1053 3783 1104 3838 est
1125 3771 1279 3858 clausula,
1303 3773 1391 3860 quod
1413 3793 1518 3853 nemo,
1548 3771 1656 3835 cuins·
1753 3839 1754 3844 γ

326 3893 454 3957 cunque
476 3873 517 3935 sit
539 3871 707 3958 dignitatis
730 3883 832 3939 status
857 3884 914 3940 aut
936 3875 1129 3942 conditionis
1144 3877 1242 3941 etiam
1256 3875 1377 3961 regalis
1391 3871 1578 3961 imperialis,
1595 3870 1659 3936 ulla

324 3996 456 4060 prorsus
479 3973 585 4040 edicta
606 3985 783 4063 praecepta
806 3999 864 4042 seu
886 3979 1132 4044 constitutiones
1148 3979 1257 4044 adres
1281 3999 1397 4042 causas
1420 3975 1473 4041 vel
1495 3995 1654 4062 personas
1753 3963 1754 3966 ¹

325 4075 563 4142 ecclesiasticas
587 4079 701 4164 quovis
727 4077 824 4144 modo
847 4079 1045 4166 pertinentes
1066 4081 1202 4169 propria
1223 4081 1416 4146 auctoritate
1436 4077 1576 4166 posthac
1598 4087 1657 4142 sta·

325 4188 396 4243 tuat
418 4178 494 4244 edat
514 4189 571 4244 aut
593 4190 783 4267 exequetur.
806 4181 869 4248 boc
885 4182 1017 4270 quidem
1032 4183 1180 4263 articulo,
1204 4185 1231 4248 si
1246 4185 1280 4248 iu
1296 4182 1474 4250 Germania
1488 4179 1656 4246 observari

326 4278 469 4364 deberet,
500 4279 776 4348 labefactarentur
799 4294 831 4352 et
852 4286 944 4352 irrita
964 4284 1179 4352 redderentur
1201 4288 1311 4358 omnia
1332 4285 1466 4351 decreta
1487 4293 1521 4350 et
1541 4282 1656 4350 consti

325 4385 468 4450 tutiores
490 4387 693 4451 comitiorum
716 4387 933 4474 imperialium
949 4389 1179 4475 maximaeque
1193 4411 1302 4455 rerum
1318 4389 1462 4454 omnium
1477 4385 1655 4454 confusioni

326 4497 406 4554 ansa
428 4488 648 4574 praeberetur,
688 4489 740 4554 oui
773 4513 935 4557 unacum
967 4490 1040 4557 aliis
1070 4490 1342 4579 praecedentibus
1374 4514 1415 4557 ao
1447 4488 1655 4578 sequentibus

325 4590 414 4659 baud
436 4591 534 4657 dubie
556 4593 690 4679 ipsimet
723 4593 965 4682 archiepiscopi
995 4596 1143 4683 episcopi
1176 4604 1209 4660 et
1229 4593 1370 4683 praelati
1391 4594 1528 4682 imperii,
1564 4595 1592 4656 si
1623 4591 1652 4654 in
1753 4607 1754 4610 ’

328 4693 465 4760 concilio
488 4705 677 4780 praesentes
700 4695 870 4777 adessent,
898 4697 1034 4784 perinde
1063 4721 1103 4766 ao
1131 4720 1192 4765 nos
1215 4699 1401 4784 caeterique
1423 4695 1553 4762 ordines
1576 4696 1653 4760 eius·

326 4798 402 4864 dem
423 4799 551 4883 imperii
572 4799 857 4866 vehementissime
872 4801 1079 4868 reclamaturi
1094 4811 1214 4884 emeat,
1237 4799 1515 4888 quamobeausam
1536 4815 1597 4863 nos
1612 4793 1653 4859 illi
1753 4807 1754 4844 ³

326 4903 509 4968 consentire
531 4924 739 4992 nequaquam
761 4927 944 4992 possumus.
975 4907 1021 4972 ita
1048 4926 1178 4994 quoque
1201 4902 1338 4971 anobis
1360 4901 1488 4970 admitti
1509 4922 1577 4968 non
1598 4919 1649 4988 po·
1753 4901 1754 4916 ¹

325 5016 565 5096 testamentus
587 5017 619 5084 V
652 5018 708 5110 qui
730 5015 829 5104 plane
850 5035 955 5084 novus
978 5025 1037 5104 est,
1068 5014 1158 5106 quod
1179 5013 1306 5082 seilicet
1332 5019 1478 5110 potestas
1507 5015 1541 5084 et
1566 5009 1653 5085 ieri·-
