3450 5818
1326 489 1391 564 ³⁶⁸

77 681 112 744 ita
128 679 160 743 fit
179 689 216 746 ut
237 701 335 768 saepe
356 677 493 749 Romam
515 677 557 754 ,do
577 677 679 766 robus
699 677 805 747 dubiis
828 676 871 753 ad
892 675 970 746 ΒΜ
990 676 1033 744 D.
1048 676 1089 744 N.
1112 677 1270 750 referatur
1282 699 1389 764 neque

77 795 135 848 ante
155 784 224 848 sios
244 805 440 870 responsum
460 781 638 871 quidquem
658 779 718 859 hic,
735 780 942 865 decernatom
978 779 1116 851 credunt
1142 782 1228 849 enim
1255 803 1290 846 se
1312 803 1385 848 con-

77 885 128 950 ciiii
147 885 287 951 libertati
309 887 441 952 minime
473 885 766 972 praeiudicatum,
797 885 823 948 si
846 884 888 948 ad
910 883 986 949 S²¹¹²m
1009 884 1052 952 D.
1073 883 1113 950 N.
1137 884 1316 972 plerunque
1338 907 1385 953 ro·

73 1000 197 1056 sonant
221 1013 321 1077 qtmre
343 1013 417 1056 cum
438 989 528 1059 hisce
549 986 647 1056 rebus
669 987 792 1059 mullum
806 1010 937 1074 pernes
949 987 1126 1066 remedium
1141 988 1261 1056 adferri
1273 997 1386 1074 posset

70 1107 95 1159 et
113 1092 220 1158 calicis
253 1094 495 1160 concessionem
527 1101 645 1160 notare
675 1101 711 1160 et
739 1090 921 1178 periculum
953 1114 1026 1159 osse
1058 1092 1251 1175 videremus,
1286 1114 1327 1158 ne
1362 1091 1390 1156 si

72 1195 138 1261 8⁸¹·
152 1195 195 1262 D.
215 1196 255 1262 N.
279 1196 369 1264 alind
396 1193 482 1262 uelle
501 1195 728 1281 intelligerent,
756 1218 889 1282 prorsus
912 1196 1073 1270 eiususus
1088 1204 1273 1282 negaretur,
1293 1193 1388 1262 nobis

70 1322 186 1388 quoqne
200 1322 260 1388 per
274 1300 315 1366 D.
328 1299 452 1387 legatos
467 1299 511 1368 ad
522 1299 599 1368 ΒΜ
610 1300 650 1366 D.
664 1299 703 1366 N.
716 1297 966 1385 confungiendum
980 1321 1051 1364 esse
1064 1299 1290 1366 iudicavimus.
1308 1319 1391 1384 quae

68 1425 111 1468 res
121 1403 258 1468 fortasse
276 1426 341 1472 non
353 1406 400 1475 ita
421 1402 592 1472 infeliciter
607 1403 710 1488 cadet,
734 1402 1007 1490 quemadmodum
1020 1401 1086 1470 ΜΝ
1098 1403 1139 1468 V.
1152 1402 1186 1472 S.
1201 1404 1268 1470 iam
1284 1425 1326 1470 ex
1341 1401 1391 1468 sui

70 1508 192 1572 oratoris
209 1507 333 1574 Romm
346 1508 471 1594 agentis
485 1504 585 1572 literis
600 1505 642 1572 ad
656 1529 707 1572 me
718 1505 1100 1594 anquessctesienesm
1113 1506 1197 1577 datis
1210 1504 1389 1590 intelligere

15 1611 18 1700 t
69 1613 171 1696 potnit,
188 1611 363 1698 exquibus
376 1609 565 1695 intelligitur
579 1608 613 1676 S.
629 1608 700 1676 ΒΜ
711 1619 841 1680 nocuae
854 1612 1000 1698 petitioni
1015 1610 1134 1681 farere
1150 1609 1280 1698 quodsi
1294 1610 1392 1682 suam

15 1705 17 1828 ἱ
69 1735 171 1778 revera
185 1713 249 1779 hoc
271 1716 315 1779 ita
332 1737 403 1780 esse
419 1708 563 1800 episcopi
585 1736 627 1779 ex
641 1713 683 1778 D.
699 1712 815 1800 legatis
830 1713 1057 1798 intellexerint,
1079 1723 1149 1794 tum
1162 1736 1247 1780 vero.
1257 1712 1391 1785 abice

69 1839 129 1880 nur
142 1839 202 1883 nos
216 1817 285 1883 voti
300 1818 401 1884 nostri
417 1827 581 1903 compotes
599 1817 732 1899 futuros,
754 1818 817 1882 nisi
831 1817 911 1884 deus
926 1818 970 1884 M.
990 1817 1082 1884 aliter
1093 1841 1151 1904 pro
1164 1839 1223 1882 sua
1235 1817 1394 1903 sapientia

70 1918 254 2007 disposuerit
265 1931 364 2008 atque
378 1921 586 1991 ordinaverit.
608 1943 695 1990 nunc
710 1923 807 1990 etiam
823 1931 897 2008 post
912 1921 1149 2010 archiepiscopi
1160 1921 1395 1988 hancianemis

70 2024 198 2090 reditum
222 2047 320 2113 quem
341 2025 383 2089 D.
399 2023 498 2112 legati
520 2024 563 2090 ad
586 2023 619 2090 S.
642 2023 705 2090 S‘·m
727 2025 889 2091 derebus
910 2025 1040 2092 concilii
1061 2028 1225 2108 miserant,
1247 2023 1393 2090 nonnulli
1462 2008 1477 2038 ⁹

69 2129 203 2215 episcopi
231 2127 392 2193 faciliores
421 2149 456 2193 se
478 2127 652 2227 praebent,
688 2129 775 2215 quod
788 2129 933 2195 ‘fortasse
965 2149 1003 2196 eo
1030 2129 1070 2194 fit
1092 2129 1179 2218 qnod
1212 2125 1395 2214 intelligant

68 2227 134 2294 8⁵⁸·
155 2229 197 2296 D.
219 2231 260 2296 N.
283 2229 324 2296 ab
346 2229 409 2298 hac
433 2233 640 2298 concessione
669 2253 734 2297 uon
757 2253 828 2298 esse
851 2229 1002 2298 alienum.
1231 2235 1237 2327 .

159 2335 234 2400 Hoc
255 2345 400 2422 tempore
423 2333 598 2401 audiuntur
621 2333 764 2422 theologi
785 2336 826 2402 de
843 2337 883 2402 13
898 2335 961 2402 illis
980 2335 1124 2402 articulis
1140 2334 1184 2403 ad
1199 2333 1392 2402 sacrificium

15 2419 17 2528 l
67 2441 177 2504 nissae
199 2437 435 2524 pertinentibus
450 2487 458 2503 .
475 2488 482 2502 .
500 2487 507 2502 .
530 2447 605 2526 post
620 2437 801 2504 absolutam
816 2438 902 2504 hanc
916 2439 1142 2526 theologorum
1158 2439 1393 2506 discussionem

15 2533 17 2608 i
69 2541 210 2608 dabimus
233 2565 373 2629 operam,
395 2552 432 2607 ut
453 2541 494 2607 de
510 2539 637 2607 duobus
660 2540 723 2606 illis
738 2541 881 2608 articulis
905 2565 1033 2631 quoqne
1050 2551 1166 2630 agatur
1181 2544 1237 2630 qui
1252 2545 1287 2607 in
1300 2565 1393 2630 prae·

15 2639 17 2712 l
66 2645 154 2710 terito
175 2647 319 2713 sessione
341 2649 375 2710 in
398 2646 488 2712 aliud
509 2657 637 2736 tempus
659 2647 772 2716 reiecti
793 2647 921 2714 fueram
936 2695 943 2710 .
959 2695 992 2712 ..
1015 2669 1074 2712 nos
1096 2645 1205 2711 multis
1229 2646 1392 2712 decausis

15 2741 17 2748 ’
69 2763 214 2834 putamus
229 2749 298 2815 lore
319 2759 355 2815 ut
370 2749 473 2815 Serunu
488 2751 719 2838 Hispaniarum
741 2771 803 2816 rex
825 2773 916 2815 suam
938 2750 981 2815 ad
1002 2749 1064 2816 Ma.
1086 2751 1126 2815 V.
1143 2748 1176 2816 S.
1191 2748 1393 2817 voluntatem

68 2853 256 2936 accomodet,
280 2853 410 2942 quodsi
429 2864 491 2937 est,
514 2877 553 2920 eo
575 2855 698 2931 maiore
721 2857 926 2946 speerimus;
950 2853 1008 2921 sed
1032 2855 1059 2923 si
1082 2854 1279 2920 contrarium
1295 2852 1392 2935 volet,

69 2957 147 3042 quod
169 2956 290 3022 adduci
318 2979 383 3022 non
405 2979 577 3044 possumus
607 2968 651 3022 ut·
666 2947 853 3036 credamus,
880 2965 950 3022 tum
974 2965 1060 3023 certe
1082 2957 1246 3044 Hispanos
1269 2956 1392 3021 alienos

69 3061 272 3146 experiemur.
303 3068 336 3125 et
358 3062 422 3125 iam
451 3059 520 3124 111¹*
543 3060 742 3133 mmclnonia
762 3061 926 3129 Pisuariae
953 3073 1054 3148 agens
1083 3059 1125 3126 D.
1149 3062 1199 3126 sui
1221 3062 1351 3125 nomine
1374 3082 1394 3123 a

70 3159 178 3248 legatis
200 3165 330 3250 petiisse
352 3186 412 3251 prc
436 3173 524 3230 certo
548 3164 736 3244 affirmaurr,
763 3164 906 3252 nequid
935 3165 976 3230 de
1000 3164 1127 3231 duobus
1156 3166 1226 3230 istis
1249 3162 1392 3229 articulis

68 3263 260 3346 decernatur,
285 3275 458 3355 antequam
480 3265 586 3333 seru·
605 3255 838 3355 Hispaniarum
860 3280 919 3332 rex
941 3267 982 3332 de
997 3290 1037 3334 ea
1051 3291 1087 3334 re
1102 3267 1276 3333 edoceatur
1288 3266 1393 3354 deque

15 3351 17 3420 i
67 3369 130 3434 eius
151 3368 317 3438 voluntate
340 3379 477 3456 constet,
507 3393 594 3458 quae
616 3393 668 3439 rea
691 3369 745 3438 vel
766 3373 842 3459 ipse·
861 3371 940 3456 satis
962 3370 1084 3436 indicat
1118 3393 1205 3459 quae
1225 3369 1393 3457 aequalis

15 3485 16 3564 j
67 3473 186 3538 sitista
208 3472 492 3554 conciliilibertas.
514 3475 579 3541 huc
600 3474 727 3543 accedit
750 3474 846 3564 quod,
869 3483 1043 3562 postquam
1062 3472 1261 3547 intellectum
1285 3483 1334 3542 est
1350 3474 1391 3542 ab

15 3569 16 3574 ’
67 3573 216 3663 Hispanis
238 3585 274 3641 ut
295 3575 397 3645 fertur
419 3576 532 3646 Ser¹²²⁰¹¹¹
553 3599 666 3664 regem
687 3576 859 3658 mandasse
882 3580 964 3662 iam,
979 3600 1021 3646 no
1042 3576 1105 3647 hcc
1127 3588 1274 3665 tempore
1293 3577 1393 3657 conti·

67 3679 170 3746 nuatio
191 3679 235 3744 ab
258 3681 304 3745 eis
326 3690 488 3771 urgeatur,
512 3704 601 3749 nunc
623 3683 707 3749 inter
730 3703 785 3748 ecs
808 3703 850 3759 ea
871 3682 912 3750 de
932 3704 968 3750 re
989 3680 1154 3753 silentium
1177 3690 1236 3748 est.

161 3781 345 3873 Aliquoties
370 3785 435 3848 iam
463 3784 688 3853 admonuimus
715 3785 756 3850 Ι).
779 3783 905 3872 legatos
932 3795 969 3863 ut
997 3784 1048 3852 Ma
1076 3785 1115 3853 V.
1141 3783 1175 3853 S.
1206 3783 1249 3851 ad
1277 3783 1388 3850 literas

71 3885 304 3971 responderent.
328 3886 409 3952 alias
432 3911 475 3954 ex
496 3887 568 3955 aliia
591 3911 701 3957 morae
715 3911 840 3970 ¹caussas
863 3897 896 3956 et
918 3890 1145 3961 excusationes
1167 3897 1310 3970 nectsmt,
1333 3909 1393 3956 nos

69 3995 169 4052 tamen
192 3988 351 4056 affirmare
375 3990 565 4059 auderemus
588 3993 675 4078 ipsos
699 4001 872 4078 propterea
893 3990 1049 4059 hramnus
1072 3989 1152 4058 nihil
1174 3989 1390 4077 respondisse,

70 4091 150 4174 quod
162 4103 335 4180 expectant
346 4092 450 4160 donec
461 4094 565 4160 Roma
580 4094 739 4184 quaedam
756 4095 848 4184 quasi
865 4093 987 4162 dictata
997 4094 1186 4160 adferantur
1198 4092 1240 4161 ad
1255 4116 1392 4182 quorum

70 4195 298 4284 praescriptum
313 4219 404 4263 suam
418 4198 660 4286 responsionem
680 4207 883 4286 componant.
908 4196 1111 4266 crederemus
1126 4195 1300 4284 plurimum
1313 4220 1392 4286 pon·

72 4293 150 4362 deris
172 4322 211 4366 ac
232 4301 385 4366 momenti
415 4300 457 4366 ad
480 4303 721 4369 concessionem
744 4301 854 4368 calicis
878 4299 1059 4383 allaturum,
1090 4300 1117 4364 si
1137 4299 1205 4364 ΜΝ
1228 4301 1268 4368 V.
1292 4301 1325 4367 S.
1348 4300 1391 4366 ad

74 4397 155 4484 ipsos
177 4402 304 4472 concilii
333 4413 444 4492 patres
473 4404 513 4470 de
536 4404 631 4472 huius
661 4405 877 4474 concessionis
904 4405 1097 4470 necessitate
1124 4403 1316 4473 brevissime
1336 4404 1391 4472 ad-

71 4497 194 4570 hortans
216 4507 316 4575 scribi
328 4506 435 4588 facere
452 4507 647 4594 dignaretur,
670 4530 745 4574 nam
761 4507 821 4574 Ma.
835 4507 877 4572 V.
893 4506 925 4574 S.
941 4507 1054 4574 literae
1070 4530 1143 4575 sam
1158 4530 1256 4596 quam
1271 4505 1392 4576 dehent

73 4609 266 4679 auuntatem
282 4610 370 4701 apud
383 4621 491 4698 patres
506 4609 672 4685 habebunt
687 4621 719 4678 et
733 4620 876 4680 nostram
898 4612 1083 4698 petitionem
1093 4633 1197 4698 quam
1213 4612 1332 4699 scripto
1348 4634 1390 4682 ex

73 4707 125 4772 Mu.
139 4711 177 4778 V.
199 4711 231 4780 S.
255 4715 382 4802 scriptis
405 4713 445 4781 de
467 4713 693 4786 reformatione
716 4723 869 4802 excerpto
893 4715 1113 4800 superioribus
1134 4713 1250 4799 diebus
1272 4738 1389 4803 propo

74 4814 193 4894 suimus,
215 4839 412 4906 magnopere
435 4815 647 4904 adiuvabunt,
674 4820 863 4908 praesertim
886 4841 959 4884 cum
981 4841 1068 4886 nunc
1091 4841 1220 4906 quoque
1242 4818 1388 4906 plerique

73 4927 169 5000 patrer
192 4921 375 4987 existiment
402 4943 461 4988 nos
484 4921 639 5009 spriptum
662 4921 741 4989 illud
763 4921 1010 4991 admonitoriam
1032 4931 1144 4988 nostra
1174 4944 1233 4988 nos
1257 4923 1390 5008 propria

75 5023 230 5090 ostentate
243 5021 368 5120 absque
378 5023 440 5088 Mt·
456 5023 544 5106 V.S.
560 5023 711 5108 mandato
727 5027 942 5114 proposuisse.
959 5024 1047 5116 quod
1063 5028 1090 5092 si
1105 5026 1215 5114 itaque
1229 5025 1281 5092 Mt
1298 5025 1339 5092 V.
1356 5024 1388 5106 S,

1122 5143 1171 5198 24*
