<?xml version="1.0" encoding="UTF-8"?>
<!DOCTYPE html PUBLIC "-//W3C//DTD XHTML 1.0 Transitional//EN"
    "http://www.w3.org/TR/xhtml1/DTD/xhtml1-transitional.dtd">
<html xmlns="http://www.w3.org/1999/xhtml" xml:lang="en" lang="en">
 <head>
  <title>
</title>
<meta http-equiv="Content-Type" content="text/html;charset=utf-8" />
  <meta name='ocr-system' content='tesseract 3.04.00' />
  <meta name='ocr-capabilities' content='ocr_page ocr_carea ocr_par ocr_line ocrx_word'/>
</head>
<body>
  <div class='ocr_page' id='page_1' title='image "./zurgeschichtede00unkngoog_0137.png"; bbox 0 0 3498 5830; ppageno 0'>
   <div class='ocr_carea' id='block_1_1' title="bbox 336 686 1684 1504">
    <p class='ocr_par' dir='ltr' id='par_1_1' title="bbox 336 686 1684 1295">
     <span class='ocr_line' id='line_1_1' title="bbox 336 686 1682 778; baseline -0.001 -20"><span class='ocrx_word' id='word_1_1' title='bbox 336 699 370 758; x_wconf 89' lang='lat' dir='ltr'><strong>et</strong></span> <span class='ocrx_word' id='word_1_2' title='bbox 390 689 509 778; x_wconf 89' lang='lat' dir='ltr'><strong>perche</strong></span> <span class='ocrx_word' id='word_1_3' title='bbox 531 689 705 758; x_wconf 81' lang='lat' dir='ltr'><strong>intendero</strong></span> <span class='ocrx_word' id='word_1_4' title='bbox 725 689 787 758; x_wconf 91' lang='lat' dir='ltr'><strong>che</strong></span> <span class='ocrx_word' id='word_1_5' title='bbox 808 708 883 756; x_wconf 87' lang='lat' dir='ltr'><strong>sera</strong></span> <span class='ocrx_word' id='word_1_6' title='bbox 904 689 937 756; x_wconf 90' lang='lat' dir='ltr'><strong>di</strong></span> <span class='ocrx_word' id='word_1_7' title='bbox 960 686 1098 777; x_wconf 77' lang='lat' dir='ltr'><strong>bisogno</strong></span> <span class='ocrx_word' id='word_1_8' title='bbox 1120 688 1181 756; x_wconf 92' lang='lat' dir='ltr'><strong>ohe</strong></span> <span class='ocrx_word' id='word_1_9' title='bbox 1203 697 1317 778; x_wconf 85' lang='lat' dir='ltr'><strong>questo</strong></span> <span class='ocrx_word' id='word_1_10' title='bbox 1339 691 1473 777; x_wconf 84' lang='lat' dir='ltr'><strong>negotio</strong></span> <span class='ocrx_word' id='word_1_11' title='bbox 1495 692 1522 756; x_wconf 89' lang='lat' dir='ltr'><strong>si</strong></span> <span class='ocrx_word' id='word_1_12' title='bbox 1545 695 1682 778; x_wconf 87' lang='lat' dir='ltr'><strong>scopn&#39;‚</strong></span> 
     </span>
     <span class='ocr_line' id='line_1_2' title="bbox 337 791 1684 886; baseline 0 -26"><span class='ocrx_word' id='word_1_13' title='bbox 337 793 468 886; x_wconf 86' lang='lat' dir='ltr'><strong>quando</strong></span> <span class='ocrx_word' id='word_1_14' title='bbox 490 817 553 882; x_wconf 92' lang='lat' dir='ltr'><strong>pur</strong></span> <span class='ocrx_word' id='word_1_15' title='bbox 573 793 735 861; x_wconf 89' lang='lat' dir='ltr'><strong>volessino</strong></span> <span class='ocrx_word' id='word_1_16' title='bbox 756 795 904 862; x_wconf 71' lang='lat' dir='ltr'>insistere</span> <span class='ocrx_word' id='word_1_17' title='bbox 926 797 959 859; x_wconf 92' lang='lat' dir='ltr'><strong>in</strong></span> <span class='ocrx_word' id='word_1_18' title='bbox 979 791 1082 860; x_wconf 89' lang='lat' dir='ltr'><strong>haver</strong></span> <span class='ocrx_word' id='word_1_19' title='bbox 1101 791 1125 859; x_wconf 89' lang='lat' dir='ltr'><strong>il</strong></span> <span class='ocrx_word' id='word_1_20' title='bbox 1147 813 1304 860; x_wconf 84' lang='lat' dir='ltr'><strong>consenso</strong></span> <span class='ocrx_word' id='word_1_21' title='bbox 1327 793 1370 859; x_wconf 88' lang='lat' dir='ltr'><strong>da</strong></span> <span class='ocrx_word' id='word_1_22' title='bbox 1391 793 1432 860; x_wconf 91' lang='lat' dir='ltr'><strong>V.</strong></span> <span class='ocrx_word' id='word_1_23' title='bbox 1454 791 1524 874; x_wconf 73' lang='grc'><strong>11“,</strong></span> <span class='ocrx_word' id='word_1_24' title='bbox 1557 793 1581 859; x_wconf 94' lang='lat' dir='ltr'><strong>il</strong></span> <span class='ocrx_word' id='word_1_25' title='bbox 1610 794 1684 860; x_wconf 89' lang='lat' dir='ltr'><strong>che</strong></span> 
     </span>
     <span class='ocr_line' id='line_1_3' title="bbox 336 896 1681 986; baseline 0.001 -24"><span class='ocrx_word' id='word_1_26' title='bbox 336 920 401 963; x_wconf 89' lang='lat' dir='ltr'><strong>non</strong></span> <span class='ocrx_word' id='word_1_27' title='bbox 423 900 574 964; x_wconf 81' lang='lat' dir='ltr'><strong>vorriano</strong></span> <span class='ocrx_word' id='word_1_28' title='bbox 595 898 680 982; x_wconf 90' lang='lat' dir='ltr'><strong>loro,</strong></span> <span class='ocrx_word' id='word_1_29' title='bbox 708 898 828 986; x_wconf 91' lang='lat' dir='ltr'><strong>perche</strong></span> <span class='ocrx_word' id='word_1_30' title='bbox 851 909 966 986; x_wconf 83' lang='lat' dir='ltr'><strong>queste</strong></span> <span class='ocrx_word' id='word_1_31' title='bbox 987 919 1066 964; x_wconf 87' lang='lat' dir='ltr'><strong>cosa</strong></span> <span class='ocrx_word' id='word_1_32' title='bbox 1086 919 1124 964; x_wconf 90' lang='lat' dir='ltr'><strong>cc</strong></span> <span class='ocrx_word' id='word_1_33' title='bbox 1145 896 1322 964; x_wconf 87' lang='lat' dir='ltr'><strong>metterebe</strong></span> <span class='ocrx_word' id='word_1_34' title='bbox 1352 897 1473 964; x_wconf 85' lang='lat' dir='ltr'><strong>infinite</strong></span> <span class='ocrx_word' id='word_1_35' title='bbox 1496 897 1681 982; x_wconf 84' lang='lat' dir='ltr'><strong>difficulta,</strong></span> 
     </span>
     <span class='ocr_line' id='line_1_4' title="bbox 336 999 1682 1088; baseline 0.002 -23"><span class='ocrx_word' id='word_1_36' title='bbox 336 1000 473 1067; x_wconf 90' lang='lat' dir='ltr'><strong>essendo</strong></span> <span class='ocrx_word' id='word_1_37' title='bbox 497 1024 574 1068; x_wconf 85' lang='lat' dir='ltr'><strong>cosa</strong></span> <span class='ocrx_word' id='word_1_38' title='bbox 596 1011 685 1068; x_wconf 86' lang='lat' dir='ltr'><strong>certa</strong></span> <span class='ocrx_word' id='word_1_39' title='bbox 706 1001 766 1068; x_wconf 90' lang='lat' dir='ltr'><strong>che</strong></span> <span class='ocrx_word' id='word_1_40' title='bbox 788 1001 959 1068; x_wconf 89' lang='lat' dir='ltr'><strong>Venetiani</strong></span> <span class='ocrx_word' id='word_1_41' title='bbox 981 1010 1015 1068; x_wconf 89' lang='lat' dir='ltr'><strong>et</strong></span> <span class='ocrx_word' id='word_1_42' title='bbox 1035 1002 1058 1068; x_wconf 95' lang='lat' dir='ltr'><strong>il</strong></span> <span class='ocrx_word' id='word_1_43' title='bbox 1081 1001 1167 1068; x_wconf 82' lang='lat' dir='ltr'><strong>duca</strong></span> <span class='ocrx_word' id='word_1_44' title='bbox 1189 999 1222 1066; x_wconf 89' lang='lat' dir='ltr'><strong>di</strong></span> <span class='ocrx_word' id='word_1_45' title='bbox 1241 999 1369 1084; x_wconf 81' lang='lat' dir='ltr'><strong>Sevoia,</strong></span> <span class='ocrx_word' id='word_1_46' title='bbox 1392 999 1415 1065; x_wconf 92' lang='lat' dir='ltr'><strong>li</strong></span> <span class='ocrx_word' id='word_1_47' title='bbox 1437 999 1525 1088; x_wconf 87' lang='lat' dir='ltr'><strong>quali</strong></span> <span class='ocrx_word' id='word_1_48' title='bbox 1546 1000 1682 1068; x_wconf 84' lang='lat' dir='ltr'><strong>adesso</strong></span> 
     </span>
     <span class='ocr_line' id='line_1_5' title="bbox 339 1101 1682 1193; baseline 0.002 -24"><span class='ocrx_word' id='word_1_49' title='bbox 339 1104 520 1193; x_wconf 89' lang='lat' dir='ltr'><strong>precedono</strong></span> <span class='ocrx_word' id='word_1_50' title='bbox 542 1104 564 1169; x_wconf 94' lang='lat' dir='ltr'><strong>il</strong></span> <span class='ocrx_word' id='word_1_51' title='bbox 588 1103 673 1172; x_wconf 89' lang='lat' dir='ltr'><strong>duca</strong></span> <span class='ocrx_word' id='word_1_52' title='bbox 695 1105 727 1171; x_wconf 93' lang='lat' dir='ltr'><strong>di</strong></span> <span class='ocrx_word' id='word_1_53' title='bbox 742 1105 886 1190; x_wconf 65' lang='lat' dir='ltr'><strong>lirense,</strong></span> <span class='ocrx_word' id='word_1_54' title='bbox 910 1127 948 1172; x_wconf 90' lang='lat' dir='ltr'><strong>ce</strong></span> <span class='ocrx_word' id='word_1_55' title='bbox 968 1104 1189 1172; x_wconf 90' lang='lat' dir='ltr'><strong>metterebono</strong></span> <span class='ocrx_word' id='word_1_56' title='bbox 1204 1101 1327 1170; x_wconf 82' lang='lat' dir='ltr'><strong>infinite</strong></span> <span class='ocrx_word' id='word_1_57' title='bbox 1341 1103 1508 1187; x_wconf 70' lang='lat' dir='ltr'><strong>difficulter,</strong></span> <span class='ocrx_word' id='word_1_58' title='bbox 1529 1125 1592 1190; x_wconf 87' lang='lat' dir='ltr'><strong>per</strong></span> <span class='ocrx_word' id='word_1_59' title='bbox 1609 1102 1682 1172; x_wconf 90' lang='lat' dir='ltr'><strong>che</strong></span> 
     </span>
     <span class='ocr_line' id='line_1_6' title="bbox 337 1208 1104 1295; baseline 0 -21"><span class='ocrx_word' id='word_1_60' title='bbox 337 1217 454 1295; x_wconf 89' lang='lat' dir='ltr'><strong>queste</strong></span> <span class='ocrx_word' id='word_1_61' title='bbox 477 1229 536 1274; x_wconf 87' lang='lat' dir='ltr'><strong>suo</strong></span> <span class='ocrx_word' id='word_1_62' title='bbox 558 1208 719 1276; x_wconf 90' lang='lat' dir='ltr'><strong>desiderio</strong></span> <span class='ocrx_word' id='word_1_63' title='bbox 740 1231 806 1274; x_wconf 91' lang='lat' dir='ltr'><strong>non</strong></span> <span class='ocrx_word' id='word_1_64' title='bbox 827 1209 965 1276; x_wconf 84' lang='lat' dir='ltr'><strong>hevesse</strong></span> <span class='ocrx_word' id='word_1_65' title='bbox 987 1209 1104 1276; x_wconf 81' lang='lat' dir='ltr'><strong>edetto.</strong></span> 
     </span>
    </p>

    <p class='ocr_par' dir='ltr' id='par_1_2' title="bbox 336 1309 1677 1504">
     <span class='ocr_line' id='line_1_7' title="bbox 435 1309 1674 1400; baseline 0.002 -24"><span class='ocrx_word' id='word_1_66' title='bbox 435 1310 468 1376; x_wconf 87' lang='lat' dir='ltr'><strong>S.</strong></span> <span class='ocrx_word' id='word_1_67' title='bbox 491 1309 537 1377; x_wconf 66' lang='grc' dir='ltr'><strong>θ’·</strong></span> <span class='ocrx_word' id='word_1_68' title='bbox 556 1311 653 1399; x_wconf 86' lang='lat' dir='ltr'><strong>dapoi</strong></span> <span class='ocrx_word' id='word_1_69' title='bbox 674 1310 820 1378; x_wconf 85' lang='lat' dir='ltr'><strong>hevermi</strong></span> <span class='ocrx_word' id='word_1_70' title='bbox 842 1310 999 1379; x_wconf 85' lang='lat' dir='ltr'><strong>escolteto</strong></span> <span class='ocrx_word' id='word_1_71' title='bbox 1020 1313 1064 1378; x_wconf 90' lang='lat' dir='ltr'><strong>mi</strong></span> <span class='ocrx_word' id='word_1_72' title='bbox 1086 1313 1226 1400; x_wconf 90' lang='lat' dir='ltr'><strong>rispose,</strong></span> <span class='ocrx_word' id='word_1_73' title='bbox 1256 1312 1316 1378; x_wconf 90' lang='lat' dir='ltr'><strong>che</strong></span> <span class='ocrx_word' id='word_1_74' title='bbox 1337 1333 1402 1379; x_wconf 87' lang='lat' dir='ltr'><strong>non</strong></span> <span class='ocrx_word' id='word_1_75' title='bbox 1422 1310 1552 1380; x_wconf 77' lang='lat' dir='ltr'><strong>heveva</strong></span> <span class='ocrx_word' id='word_1_76' title='bbox 1572 1333 1674 1380; x_wconf 87' lang='lat' dir='ltr'><strong>com·</strong></span> 
     </span>
     <span class='ocr_line' id='line_1_8' title="bbox 336 1413 1677 1504; baseline 0 -21"><span class='ocrx_word' id='word_1_77' title='bbox 336 1415 488 1483; x_wconf 86' lang='lat' dir='ltr'><strong>mandato</strong></span> <span class='ocrx_word' id='word_1_78' title='bbox 511 1415 603 1482; x_wconf 76' lang='lat' dir='ltr'><strong>atr·</strong></span> <span class='ocrx_word' id='word_1_79' title='bbox 616 1413 746 1482; x_wconf 84' lang='lat' dir='ltr'><strong>Dellino</strong></span> <span class='ocrx_word' id='word_1_80' title='bbox 768 1414 828 1482; x_wconf 89' lang='lat' dir='ltr'><strong>che</strong></span> <span class='ocrx_word' id='word_1_81' title='bbox 851 1417 918 1484; x_wconf 88' lang='lat' dir='ltr'><strong>cesi</strong></span> <span class='ocrx_word' id='word_1_82' title='bbox 933 1415 1173 1483; x_wconf 82' lang='lat' dir='ltr'><strong>efficacemente</strong></span> <span class='ocrx_word' id='word_1_83' title='bbox 1187 1437 1229 1482; x_wconf 93' lang='lat' dir='ltr'><strong>ne</strong></span> <span class='ocrx_word' id='word_1_84' title='bbox 1243 1413 1389 1504; x_wconf 84' lang='lat' dir='ltr'><strong>parlasse</strong></span> <span class='ocrx_word' id='word_1_85' title='bbox 1405 1435 1425 1480; x_wconf 92' lang='lat' dir='ltr'><strong>a</strong></span> <span class='ocrx_word' id='word_1_86' title='bbox 1439 1415 1480 1482; x_wconf 90' lang='lat' dir='ltr'><strong>V.</strong></span> <span class='ocrx_word' id='word_1_87' title='bbox 1495 1415 1554 1482; x_wconf 75' lang='lat' dir='ltr'><strong>Ma</strong></span> <span class='ocrx_word' id='word_1_88' title='bbox 1569 1437 1677 1483; x_wconf 89' lang='lat' dir='ltr'><strong>como</strong></span> 
     </span>
    </p>
   </div>
   <div class='ocr_carea' id='block_1_2' title="bbox 234 1517 1679 1604">
    <p class='ocr_par' dir='ltr' id='par_1_3' title="bbox 234 1517 1679 1604">
     <span class='ocr_line' id='line_1_9' title="bbox 234 1517 1679 1604; baseline -0.001 -18"><span class='ocrx_word' id='word_1_89' title='bbox 234 1594 238 1602; x_wconf 51' lang='grc'>,</span> <span class='ocrx_word' id='word_1_90' title='bbox 336 1519 463 1586; x_wconf 88' lang='lat' dir='ltr'><strong>haveva</strong></span> <span class='ocrx_word' id='word_1_91' title='bbox 483 1519 581 1604; x_wconf 87' lang='lat' dir='ltr'><strong>fatto;</strong></span> <span class='ocrx_word' id='word_1_92' title='bbox 610 1517 690 1586; x_wconf 91' lang='lat' dir='ltr'><strong>c&#39;h’e</strong></span> <span class='ocrx_word' id='word_1_93' title='bbox 711 1518 776 1586; x_wconf 89' lang='lat' dir='ltr'><strong>beu</strong></span> <span class='ocrx_word' id='word_1_94' title='bbox 796 1539 875 1586; x_wconf 85' lang='lat' dir='ltr'><strong>vero</strong></span> <span class='ocrx_word' id='word_1_95' title='bbox 897 1519 957 1586; x_wconf 95' lang='lat' dir='ltr'><strong>che</strong></span> <span class='ocrx_word' id='word_1_96' title='bbox 979 1518 999 1584; x_wconf 88' lang='lat' dir='ltr'><strong>l’</strong></span> <span class='ocrx_word' id='word_1_97' title='bbox 1011 1519 1167 1586; x_wconf 87' lang='lat' dir='ltr'><strong>intention</strong></span> <span class='ocrx_word' id='word_1_98' title='bbox 1189 1539 1251 1584; x_wconf 87' lang='lat' dir='ltr'><strong>sua</strong></span> <span class='ocrx_word' id='word_1_99' title='bbox 1271 1541 1328 1585; x_wconf 89' lang='lat' dir='ltr'><strong>era</strong></span> <span class='ocrx_word' id='word_1_100' title='bbox 1350 1518 1410 1584; x_wconf 92' lang='lat' dir='ltr'><strong>che</strong></span> <span class='ocrx_word' id='word_1_101' title='bbox 1432 1539 1494 1585; x_wconf 89' lang='lat' dir='ltr'><strong>een</strong></span> <span class='ocrx_word' id='word_1_102' title='bbox 1516 1517 1576 1585; x_wconf 85' lang='lat' dir='ltr'><strong>der</strong></span> <span class='ocrx_word' id='word_1_103' title='bbox 1600 1541 1679 1585; x_wconf 84' lang='lat' dir='ltr'><strong>una</strong></span> 
     </span>
    </p>
   </div>
   <div class='ocr_carea' id='block_1_3' title="bbox 270 1621 1676 3471">
    <p class='ocr_par' dir='ltr' id='par_1_4' title="bbox 270 1621 1676 3471">
     <span class='ocr_line' id='line_1_10' title="bbox 337 1621 1676 1710; baseline -0.002 -20"><span class='ocrx_word' id='word_1_104' title='bbox 337 1623 420 1690; x_wconf 82' lang='lat' dir='ltr'><strong>defle</strong></span> <span class='ocrx_word' id='word_1_105' title='bbox 449 1623 651 1690; x_wconf 86' lang='lat' dir='ltr'><strong>serenissime</strong></span> <span class='ocrx_word' id='word_1_106' title='bbox 677 1623 877 1710; x_wconf 87' lang='lat' dir='ltr'><strong>prinoipesse</strong></span> <span class='ocrx_word' id='word_1_107' title='bbox 903 1621 991 1710; x_wconf 82' lang='lat' dir='ltr'><strong>figlie</strong></span> <span class='ocrx_word' id='word_1_108' title='bbox 1020 1621 1106 1690; x_wconf 87' lang='lat' dir='ltr'><strong>della</strong></span> <span class='ocrx_word' id='word_1_109' title='bbox 1126 1621 1184 1688; x_wconf 64' lang='grc' dir='ltr'><strong>Μ’·</strong></span> <span class='ocrx_word' id='word_1_110' title='bbox 1201 1622 1242 1689; x_wconf 89' lang='lat' dir='ltr'><strong>V.</strong></span> <span class='ocrx_word' id='word_1_111' title='bbox 1265 1621 1297 1688; x_wconf 90' lang='lat' dir='ltr'><strong>al</strong></span> <span class='ocrx_word' id='word_1_112' title='bbox 1318 1623 1464 1710; x_wconf 87' lang='lat' dir='ltr'><strong>principe</strong></span> <span class='ocrx_word' id='word_1_113' title='bbox 1491 1621 1581 1709; x_wconf 81' lang='lat' dir='ltr'><strong>figlio</strong></span> <span class='ocrx_word' id='word_1_114' title='bbox 1616 1621 1676 1690; x_wconf 92' lang='lat' dir='ltr'><strong>del</strong></span> 
     </span>
     <span class='ocr_line' id='line_1_11' title="bbox 337 1725 1675 1814; baseline -0.001 -21"><span class='ocrx_word' id='word_1_115' title='bbox 337 1726 431 1811; x_wconf 87' lang='lat' dir='ltr'><strong>duca,</strong></span> <span class='ocrx_word' id='word_1_116' title='bbox 454 1727 482 1793; x_wconf 90' lang='lat' dir='ltr'><strong>si</strong></span> <span class='ocrx_word' id='word_1_117' title='bbox 504 1727 680 1794; x_wconf 76' lang='lat' dir='ltr'>honorasse</span> <span class='ocrx_word' id='word_1_118' title='bbox 701 1725 724 1792; x_wconf 93' lang='lat' dir='ltr'><strong>il</strong></span> <span class='ocrx_word' id='word_1_119' title='bbox 746 1726 831 1793; x_wconf 84' lang='lat' dir='ltr'><strong>duca</strong></span> <span class='ocrx_word' id='word_1_120' title='bbox 852 1725 886 1791; x_wconf 90' lang='lat' dir='ltr'><strong>di</strong></span> <span class='ocrx_word' id='word_1_121' title='bbox 902 1735 1016 1814; x_wconf 86' lang='lat' dir='ltr'><strong>questo</strong></span> <span class='ocrx_word' id='word_1_122' title='bbox 1037 1725 1131 1794; x_wconf 85' lang='lat' dir='ltr'><strong>titulo</strong></span> <span class='ocrx_word' id='word_1_123' title='bbox 1153 1735 1186 1793; x_wconf 90' lang='lat' dir='ltr'><strong>et</strong></span> <span class='ocrx_word' id='word_1_124' title='bbox 1208 1726 1268 1793; x_wconf 92' lang='lat' dir='ltr'><strong>che</strong></span> <span class='ocrx_word' id='word_1_125' title='bbox 1290 1726 1340 1794; x_wconf 91' lang='lat' dir='ltr'><strong>oio</strong></span> <span class='ocrx_word' id='word_1_126' title='bbox 1361 1725 1449 1793; x_wconf 83' lang='lat' dir='ltr'><strong>losse</strong></span> <span class='ocrx_word' id='word_1_127' title='bbox 1464 1747 1525 1792; x_wconf 90' lang='lat' dir='ltr'><strong>oon</strong></span> <span class='ocrx_word' id='word_1_128' title='bbox 1546 1725 1570 1791; x_wconf 93' lang='lat' dir='ltr'><strong>il</strong></span> <span class='ocrx_word' id='word_1_129' title='bbox 1592 1747 1675 1791; x_wconf 90' lang='lat' dir='ltr'><strong>con·</strong></span> 
     </span>
     <span class='ocr_line' id='line_1_12' title="bbox 335 1827 1673 1918; baseline -0.001 -22"><span class='ocrx_word' id='word_1_130' title='bbox 335 1853 430 1898; x_wconf 90' lang='lat' dir='ltr'><strong>senso</strong></span> <span class='ocrx_word' id='word_1_131' title='bbox 459 1831 492 1897; x_wconf 93' lang='lat' dir='ltr'><strong>di</strong></span> <span class='ocrx_word' id='word_1_132' title='bbox 513 1830 553 1898; x_wconf 88' lang='lat' dir='ltr'><strong>V.</strong></span> <span class='ocrx_word' id='word_1_133' title='bbox 576 1829 645 1914; x_wconf 74' lang='lat' dir='ltr'><strong>M²·,</strong></span> <span class='ocrx_word' id='word_1_134' title='bbox 677 1828 798 1918; x_wconf 89' lang='lat' dir='ltr'><strong>perche</strong></span> <span class='ocrx_word' id='word_1_135' title='bbox 830 1829 906 1916; x_wconf 87' lang='lat' dir='ltr'><strong>ogni</strong></span> <span class='ocrx_word' id='word_1_136' title='bbox 933 1827 1022 1896; x_wconf 86' lang='lat' dir='ltr'><strong>volta</strong></span> <span class='ocrx_word' id='word_1_137' title='bbox 1050 1827 1110 1896; x_wconf 90' lang='lat' dir='ltr'><strong>che</strong></span> <span class='ocrx_word' id='word_1_138' title='bbox 1137 1851 1172 1896; x_wconf 89' lang='lat' dir='ltr'><strong>ee</strong></span> <span class='ocrx_word' id='word_1_139' title='bbox 1199 1829 1223 1895; x_wconf 93' lang='lat' dir='ltr'><strong>li</strong></span> <span class='ocrx_word' id='word_1_140' title='bbox 1248 1828 1335 1897; x_wconf 82' lang='lat' dir='ltr'><strong>losse</strong></span> <span class='ocrx_word' id='word_1_141' title='bbox 1364 1828 1453 1896; x_wconf 83' lang='lat' dir='ltr'><strong>detto</strong></span> <span class='ocrx_word' id='word_1_142' title='bbox 1476 1849 1538 1896; x_wconf 94' lang='lat' dir='ltr'><strong>con</strong></span> <span class='ocrx_word' id='word_1_143' title='bbox 1561 1827 1673 1896; x_wconf 89' lang='lat' dir='ltr'><strong>debiti</strong></span> 
     </span>
     <span class='ocr_line' id='line_1_13' title="bbox 270 1921 1673 2021; baseline -0.002 -20"><span class='ocrx_word' id='word_1_144' title='bbox 270 1921 273 1928; x_wconf 68' lang='grc'><strong>’</strong></span> <span class='ocrx_word' id='word_1_145' title='bbox 334 1933 431 2020; x_wconf 91' lang='lat' dir='ltr'><strong>modi,</strong></span> <span class='ocrx_word' id='word_1_146' title='bbox 453 1955 519 2000; x_wconf 92' lang='lat' dir='ltr'><strong>non</strong></span> <span class='ocrx_word' id='word_1_147' title='bbox 540 1935 569 1999; x_wconf 90' lang='lat' dir='ltr'><strong>ei</strong></span> <span class='ocrx_word' id='word_1_148' title='bbox 591 1934 752 2000; x_wconf 84' lang='lat' dir='ltr'><strong>sminuivs</strong></span> <span class='ocrx_word' id='word_1_149' title='bbox 772 1932 793 1999; x_wconf 94' lang='lat' dir='ltr'><strong>l&#39;</strong></span> <span class='ocrx_word' id='word_1_150' title='bbox 806 1932 968 2000; x_wconf 86' lang='lat' dir='ltr'><strong>authorita</strong></span> <span class='ocrx_word' id='word_1_151' title='bbox 982 1931 1203 2020; x_wconf 86' lang='lat' dir='ltr'><strong>dell’imperio</strong></span> <span class='ocrx_word' id='word_1_152' title='bbox 1225 1934 1259 1999; x_wconf 92' lang='lat' dir='ltr'><strong>in</strong></span> <span class='ocrx_word' id='word_1_153' title='bbox 1280 1931 1384 1999; x_wconf 79' lang='lat' dir='ltr'><strong>Italla</strong></span> <span class='ocrx_word' id='word_1_154' title='bbox 1408 1941 1529 2021; x_wconf 84' lang='lat' dir='ltr'><strong>quanto</strong></span> <span class='ocrx_word' id='word_1_155' title='bbox 1551 1933 1612 2020; x_wconf 94' lang='lat' dir='ltr'><strong>poi</strong></span> <span class='ocrx_word' id='word_1_156' title='bbox 1639 1932 1673 1998; x_wconf 87' lang='lat' dir='ltr'><strong>ol</strong></span> 
     </span>
     <span class='ocr_line' id='line_1_14' title="bbox 323 2023 1672 2126; baseline -0.002 -21"><span class='ocrx_word' id='word_1_157' title='bbox 323 2023 517 2126; x_wconf 40' lang='lat' dir='ltr'><strong>&#39;maritagio</strong></span> <span class='ocrx_word' id='word_1_158' title='bbox 539 2059 686 2126; x_wconf 86' lang='lat' dir='ltr'><strong>pensava</strong></span> <span class='ocrx_word' id='word_1_159' title='bbox 706 2037 757 2104; x_wconf 84' lang='lat' dir='ltr'><strong>ch&#39;</strong></span> <span class='ocrx_word' id='word_1_160' title='bbox 768 2035 930 2103; x_wconf 88' lang='lat' dir='ltr'><strong>hsverebe</strong></span> <span class='ocrx_word' id='word_1_161' title='bbox 945 2035 1053 2104; x_wconf 83' lang='lat' dir='ltr'><strong>effetto</strong></span> <span class='ocrx_word' id='word_1_162' title='bbox 1069 2083 1077 2100; x_wconf 93' lang='lat'><strong>.</strong></span> <span class='ocrx_word' id='word_1_163' title='bbox 1093 2083 1102 2102; x_wconf 98' lang='lat'><strong>.</strong></span> <span class='ocrx_word' id='word_1_164' title='bbox 1118 2082 1127 2099; x_wconf 93' lang='lat'><strong>.</strong></span> <span class='ocrx_word' id='word_1_165' title='bbox 1149 2037 1219 2102; x_wconf 87' lang='lat' dir='ltr'><strong>ansi</strong></span> <span class='ocrx_word' id='word_1_166' title='bbox 1234 2035 1307 2103; x_wconf 89' lang='lat' dir='ltr'><strong>ilre</strong></span> <span class='ocrx_word' id='word_1_167' title='bbox 1322 2035 1457 2103; x_wconf 84' lang='lat' dir='ltr'><strong>catolieo</strong></span> <span class='ocrx_word' id='word_1_168' title='bbox 1472 2057 1672 2124; x_wconf 80' lang='lat' dir='ltr'><strong>proponere</strong></span> 
     </span>
     <span class='ocr_line' id='line_1_15' title="bbox 337 2135 1673 2228; baseline -0.001 -21"><span class='ocrx_word' id='word_1_169' title='bbox 337 2141 368 2207; x_wconf 87' lang='lat' dir='ltr'><strong>al</strong></span> <span class='ocrx_word' id='word_1_170' title='bbox 392 2141 478 2208; x_wconf 87' lang='lat' dir='ltr'><strong>duca</strong></span> <span class='ocrx_word' id='word_1_171' title='bbox 498 2163 565 2206; x_wconf 88' lang='lat' dir='ltr'><strong>una</strong></span> <span class='ocrx_word' id='word_1_172' title='bbox 586 2139 670 2208; x_wconf 91' lang='lat' dir='ltr'><strong>delle</strong></span> <span class='ocrx_word' id='word_1_173' title='bbox 685 2138 743 2207; x_wconf 78' lang='lat' dir='ltr'>S¹²¹⁸</span> <span class='ocrx_word' id='word_1_174' title='bbox 762 2138 850 2228; x_wconf 82' lang='lat' dir='ltr'><strong>figlie</strong></span> <span class='ocrx_word' id='word_1_175' title='bbox 873 2137 958 2206; x_wconf 78' lang='lat' dir='ltr'><strong>delle</strong></span> <span class='ocrx_word' id='word_1_176' title='bbox 977 2138 1037 2205; x_wconf 69' lang='lat' dir='ltr'><strong>pp·</strong></span> <span class='ocrx_word' id='word_1_177' title='bbox 1049 2137 1102 2223; x_wconf 94' lang='lat' dir='ltr'><strong>V.,</strong></span> <span class='ocrx_word' id='word_1_178' title='bbox 1125 2139 1190 2206; x_wconf 84' lang='lat' dir='ltr'><strong>olle</strong></span> <span class='ocrx_word' id='word_1_179' title='bbox 1205 2138 1312 2228; x_wconf 81' lang='lat' dir='ltr'><strong>quale,</strong></span> <span class='ocrx_word' id='word_1_180' title='bbox 1332 2139 1479 2226; x_wconf 81' lang='lat' dir='ltr'><strong>pregovi,</strong></span> <span class='ocrx_word' id='word_1_181' title='bbox 1503 2135 1564 2206; x_wconf 86' lang='lat' dir='ltr'><strong>che</strong></span> <span class='ocrx_word' id='word_1_182' title='bbox 1590 2141 1673 2206; x_wconf 87' lang='lat' dir='ltr'><strong>scri-</strong></span> 
     </span>
     <span class='ocr_line' id='line_1_16' title="bbox 334 2241 1671 2333; baseline -0.001 -21"><span class='ocrx_word' id='word_1_183' title='bbox 334 2245 421 2313; x_wconf 86' lang='lat' dir='ltr'><strong>viate</strong></span> <span class='ocrx_word' id='word_1_184' title='bbox 443 2244 504 2311; x_wconf 90' lang='lat' dir='ltr'><strong>che</strong></span> <span class='ocrx_word' id='word_1_185' title='bbox 525 2242 642 2311; x_wconf 89' lang='lat' dir='ltr'><strong>confidi</strong></span> <span class='ocrx_word' id='word_1_186' title='bbox 664 2244 698 2308; x_wconf 91' lang='lat' dir='ltr'><strong>in</strong></span> <span class='ocrx_word' id='word_1_187' title='bbox 715 2244 784 2329; x_wconf 78' lang='lat' dir='ltr'><strong>noi,</strong></span> <span class='ocrx_word' id='word_1_188' title='bbox 808 2264 900 2310; x_wconf 93' lang='lat' dir='ltr'><strong>como</strong></span> <span class='ocrx_word' id='word_1_189' title='bbox 922 2244 977 2309; x_wconf 89' lang='lat' dir='ltr'><strong>noi</strong></span> <span class='ocrx_word' id='word_1_190' title='bbox 1000 2241 1193 2310; x_wconf 84' lang='lat' dir='ltr'><strong>eonfidiamo</strong></span> <span class='ocrx_word' id='word_1_191' title='bbox 1215 2244 1249 2308; x_wconf 88' lang='lat' dir='ltr'><strong>in</strong></span> <span class='ocrx_word' id='word_1_192' title='bbox 1270 2241 1304 2310; x_wconf 91' lang='lat' dir='ltr'><strong>S.</strong></span> <span class='ocrx_word' id='word_1_193' title='bbox 1327 2242 1397 2309; x_wconf 60' lang='lat' dir='ltr'><strong>Me.</strong></span> <span class='ocrx_word' id='word_1_194' title='bbox 1431 2244 1463 2310; x_wconf 93' lang='lat' dir='ltr'><strong>io</strong></span> <span class='ocrx_word' id='word_1_195' title='bbox 1487 2244 1587 2333; x_wconf 86' lang='lat' dir='ltr'><strong>dapoi</strong></span> <span class='ocrx_word' id='word_1_196' title='bbox 1612 2243 1671 2310; x_wconf 84' lang='lat' dir='ltr'><strong>he·</strong></span> 
     </span>
     <span class='ocr_line' id='line_1_17' title="bbox 335 2343 1673 2436; baseline -0.001 -22"><span class='ocrx_word' id='word_1_197' title='bbox 335 2349 425 2416; x_wconf 89' lang='lat' dir='ltr'><strong>verci</strong></span> <span class='ocrx_word' id='word_1_198' title='bbox 446 2349 585 2436; x_wconf 89' lang='lat' dir='ltr'><strong>risposto</strong></span> <span class='ocrx_word' id='word_1_199' title='bbox 606 2345 704 2414; x_wconf 92' lang='lat' dir='ltr'><strong>molte</strong></span> <span class='ocrx_word' id='word_1_200' title='bbox 725 2343 810 2414; x_wconf 90' lang='lat' dir='ltr'><strong>belle</strong></span> <span class='ocrx_word' id='word_1_201' title='bbox 830 2343 952 2434; x_wconf 87' lang='lat' dir='ltr'><strong>parole,</strong></span> <span class='ocrx_word' id='word_1_202' title='bbox 981 2345 1146 2414; x_wconf 84' lang='lat' dir='ltr'><strong>dimendai</strong></span> <span class='ocrx_word' id='word_1_203' title='bbox 1173 2348 1207 2414; x_wconf 93' lang='lat' dir='ltr'><strong>in</strong></span> <span class='ocrx_word' id='word_1_204' title='bbox 1229 2347 1336 2414; x_wconf 82' lang='lat' dir='ltr'><strong>effetto</strong></span> <span class='ocrx_word' id='word_1_205' title='bbox 1359 2345 1419 2414; x_wconf 88' lang='lat' dir='ltr'><strong>che</strong></span> <span class='ocrx_word' id='word_1_206' title='bbox 1441 2369 1519 2414; x_wconf 90' lang='lat' dir='ltr'><strong>cosa</strong></span> <span class='ocrx_word' id='word_1_207' title='bbox 1541 2346 1673 2415; x_wconf 86' lang='lat' dir='ltr'><strong>dovera</strong></span> 
     </span>
     <span class='ocr_line' id='line_1_18' title="bbox 337 2447 1672 2538; baseline -0.001 -20"><span class='ocrx_word' id='word_1_208' title='bbox 337 2453 478 2520; x_wconf 78' lang='lat' dir='ltr'><strong>scrivere</strong></span> <span class='ocrx_word' id='word_1_209' title='bbox 500 2449 635 2518; x_wconf 74' lang='lat' dir='ltr'><strong>allaM¹⁸</strong></span> <span class='ocrx_word' id='word_1_210' title='bbox 648 2447 688 2519; x_wconf 90' lang='lat' dir='ltr'><strong>V.</strong></span> <span class='ocrx_word' id='word_1_211' title='bbox 711 2449 766 2520; x_wconf 90' lang='lat' dir='ltr'><strong>voi</strong></span> <span class='ocrx_word' id='word_1_212' title='bbox 787 2457 906 2538; x_wconf 90' lang='lat' dir='ltr'><strong>potete,</strong></span> <span class='ocrx_word' id='word_1_213' title='bbox 927 2451 971 2518; x_wconf 91' lang='lat' dir='ltr'><strong>mi</strong></span> <span class='ocrx_word' id='word_1_214' title='bbox 994 2449 1091 2535; x_wconf 86' lang='lat' dir='ltr'><strong>disse,</strong></span> <span class='ocrx_word' id='word_1_215' title='bbox 1114 2451 1254 2520; x_wconf 77' lang='lat' dir='ltr'><strong>scrivere</strong></span> <span class='ocrx_word' id='word_1_216' title='bbox 1277 2449 1370 2518; x_wconf 89' lang='lat' dir='ltr'><strong>ch&#39;io</strong></span> <span class='ocrx_word' id='word_1_217' title='bbox 1392 2449 1627 2520; x_wconf 82' lang='lat' dir='ltr'><strong>commendare</strong></span> <span class='ocrx_word' id='word_1_218' title='bbox 1650 2474 1672 2516; x_wconf 86' lang='grc'><strong>6</strong></span> 
     </span>
     <span class='ocr_line' id='line_1_19' title="bbox 334 2551 1669 2642; baseline -0.002 -20"><span class='ocrx_word' id='word_1_219' title='bbox 334 2555 382 2622; x_wconf 76' lang='grc' dir='ltr'><strong>Μ’</strong></span> <span class='ocrx_word' id='word_1_220' title='bbox 401 2554 539 2639; x_wconf 88' lang='lat' dir='ltr'><strong>Dellino,</strong></span> <span class='ocrx_word' id='word_1_221' title='bbox 568 2552 629 2620; x_wconf 89' lang='lat' dir='ltr'><strong>che</strong></span> <span class='ocrx_word' id='word_1_222' title='bbox 655 2575 721 2620; x_wconf 95' lang='lat' dir='ltr'><strong>non</strong></span> <span class='ocrx_word' id='word_1_223' title='bbox 741 2575 784 2620; x_wconf 88' lang='lat' dir='ltr'><strong>ne</strong></span> <span class='ocrx_word' id='word_1_224' title='bbox 804 2551 889 2640; x_wconf 87' lang='lat' dir='ltr'><strong>perli</strong></span> <span class='ocrx_word' id='word_1_225' title='bbox 909 2554 976 2641; x_wconf 91' lang='lat' dir='ltr'><strong>piu,</strong></span> <span class='ocrx_word' id='word_1_226' title='bbox 998 2553 1126 2642; x_wconf 88' lang='lat' dir='ltr'><strong>perche</strong></span> <span class='ocrx_word' id='word_1_227' title='bbox 1148 2553 1208 2620; x_wconf 87' lang='lat' dir='ltr'><strong>s&#39;in</strong></span> <span class='ocrx_word' id='word_1_228' title='bbox 1229 2575 1307 2622; x_wconf 82' lang='lat' dir='ltr'><strong>caso</strong></span> <span class='ocrx_word' id='word_1_229' title='bbox 1326 2555 1371 2620; x_wconf 91' lang='lat' dir='ltr'><strong>mi</strong></span> <span class='ocrx_word' id='word_1_230' title='bbox 1392 2575 1510 2642; x_wconf 76' lang='lat' dir='ltr'><strong>parera</strong></span> <span class='ocrx_word' id='word_1_231' title='bbox 1531 2553 1566 2622; x_wconf 88' lang='lat' dir='ltr'><strong>di</strong></span> <span class='ocrx_word' id='word_1_232' title='bbox 1587 2563 1669 2620; x_wconf 82' lang='lat' dir='ltr'><strong>trat</strong></span> 
     </span>
     <span class='ocr_line' id='line_1_20' title="bbox 336 2656 1670 2745; baseline -0.001 -19"><span class='ocrx_word' id='word_1_233' title='bbox 336 2669 427 2726; x_wconf 89' lang='lat' dir='ltr'><strong>tarne</strong></span> <span class='ocrx_word' id='word_1_234' title='bbox 449 2680 511 2725; x_wconf 92' lang='lat' dir='ltr'><strong>con</strong></span> <span class='ocrx_word' id='word_1_235' title='bbox 533 2679 593 2723; x_wconf 94' lang='lat' dir='ltr'><strong>sua</strong></span> <span class='ocrx_word' id='word_1_236' title='bbox 613 2656 684 2741; x_wconf 78' lang='lat' dir='ltr'><strong>M‘¹,</strong></span> <span class='ocrx_word' id='word_1_237' title='bbox 706 2679 749 2723; x_wconf 88' lang='lat' dir='ltr'><strong>ne</strong></span> <span class='ocrx_word' id='word_1_238' title='bbox 770 2656 840 2722; x_wconf 89' lang='lat' dir='ltr'><strong>faro</strong></span> <span class='ocrx_word' id='word_1_239' title='bbox 863 2657 918 2744; x_wconf 88' lang='lat' dir='ltr'><strong>qui</strong></span> <span class='ocrx_word' id='word_1_240' title='bbox 940 2667 972 2724; x_wconf 90' lang='lat' dir='ltr'><strong>et</strong></span> <span class='ocrx_word' id='word_1_241' title='bbox 992 2667 1086 2745; x_wconf 84' lang='lat' dir='ltr'><strong>parte</strong></span> <span class='ocrx_word' id='word_1_242' title='bbox 1108 2679 1128 2724; x_wconf 92' lang='lat' dir='ltr'><strong>a</strong></span> <span class='ocrx_word' id='word_1_243' title='bbox 1149 2659 1203 2726; x_wconf 91' lang='lat' dir='ltr'><strong>voi</strong></span> <span class='ocrx_word' id='word_1_244' title='bbox 1235 2666 1269 2724; x_wconf 88' lang='lat' dir='ltr'><strong>et</strong></span> <span class='ocrx_word' id='word_1_245' title='bbox 1289 2656 1446 2724; x_wconf 84' lang='lat' dir='ltr'><strong>mandere</strong></span> <span class='ocrx_word' id='word_1_246' title='bbox 1468 2680 1513 2724; x_wconf 91' lang='lat' dir='ltr'><strong>un</strong></span> <span class='ocrx_word' id='word_1_247' title='bbox 1533 2679 1670 2726; x_wconf 83' lang='lat' dir='ltr'><strong>correro</strong></span> 
     </span>
     <span class='ocr_line' id='line_1_21' title="bbox 337 2759 1671 2849; baseline -0.001 -20"><span class='ocrx_word' id='word_1_248' title='bbox 337 2761 403 2829; x_wconf 84' lang='lat' dir='ltr'><strong>alla</strong></span> <span class='ocrx_word' id='word_1_249' title='bbox 423 2761 481 2828; x_wconf 64' lang='grc' dir='ltr'><strong>Μ’·</strong></span> <span class='ocrx_word' id='word_1_250' title='bbox 495 2759 567 2828; x_wconf 88' lang='lat' dir='ltr'><strong>dell’</strong></span> <span class='ocrx_word' id='word_1_251' title='bbox 578 2760 780 2849; x_wconf 89' lang='lat' dir='ltr'><strong>imperatore,</strong></span> <span class='ocrx_word' id='word_1_252' title='bbox 804 2759 858 2828; x_wconf 90' lang='lat' dir='ltr'><strong>dal</strong></span> <span class='ocrx_word' id='word_1_253' title='bbox 881 2759 977 2848; x_wconf 87' lang='lat' dir='ltr'><strong>quale</strong></span> <span class='ocrx_word' id='word_1_254' title='bbox 998 2769 1161 2849; x_wconf 86' lang='lat' dir='ltr'><strong>aspettaro</strong></span> <span class='ocrx_word' id='word_1_255' title='bbox 1183 2762 1332 2848; x_wconf 81' lang='lat' dir='ltr'><strong>risposta,</strong></span> <span class='ocrx_word' id='word_1_256' title='bbox 1355 2769 1387 2828; x_wconf 92' lang='lat' dir='ltr'><strong>et</strong></span> <span class='ocrx_word' id='word_1_257' title='bbox 1407 2783 1474 2829; x_wconf 91' lang='lat' dir='ltr'><strong>non</strong></span> <span class='ocrx_word' id='word_1_258' title='bbox 1494 2761 1565 2828; x_wconf 84' lang='lat' dir='ltr'><strong>faro</strong></span> <span class='ocrx_word' id='word_1_259' title='bbox 1590 2784 1671 2829; x_wconf 88' lang='lat' dir='ltr'><strong>cosa</strong></span> 
     </span>
     <span class='ocr_line' id='line_1_22' title="bbox 337 2861 1669 2952; baseline 0.001 -22"><span class='ocrx_word' id='word_1_260' title='bbox 337 2887 432 2932; x_wconf 86' lang='lat' dir='ltr'><strong>sensa</strong></span> <span class='ocrx_word' id='word_1_261' title='bbox 454 2861 477 2929; x_wconf 96' lang='lat' dir='ltr'><strong>il</strong></span> <span class='ocrx_word' id='word_1_262' title='bbox 500 2884 656 2930; x_wconf 88' lang='lat' dir='ltr'><strong>consenso</strong></span> <span class='ocrx_word' id='word_1_263' title='bbox 685 2861 718 2929; x_wconf 93' lang='lat' dir='ltr'><strong>di</strong></span> <span class='ocrx_word' id='word_1_264' title='bbox 743 2861 775 2930; x_wconf 86' lang='lat' dir='ltr'><strong>S.</strong></span> <span class='ocrx_word' id='word_1_265' title='bbox 797 2862 868 2933; x_wconf 73' lang='lat' dir='ltr'><strong>Me.</strong></span> <span class='ocrx_word' id='word_1_266' title='bbox 902 2873 935 2930; x_wconf 88' lang='lat' dir='ltr'><strong>et</strong></span> <span class='ocrx_word' id='word_1_267' title='bbox 966 2861 1139 2931; x_wconf 82' lang='lat' dir='ltr'><strong>faciendoli</strong></span> <span class='ocrx_word' id='word_1_268' title='bbox 1171 2865 1202 2932; x_wconf 93' lang='lat' dir='ltr'><strong>io</strong></span> <span class='ocrx_word' id='word_1_269' title='bbox 1229 2866 1374 2932; x_wconf 88' lang='lat' dir='ltr'><strong>instansa</strong></span> <span class='ocrx_word' id='word_1_270' title='bbox 1407 2864 1466 2933; x_wconf 89' lang='lat' dir='ltr'><strong>che</strong></span> <span class='ocrx_word' id='word_1_271' title='bbox 1493 2887 1594 2952; x_wconf 90' lang='lat' dir='ltr'><strong>sopra</strong></span> <span class='ocrx_word' id='word_1_272' title='bbox 1618 2865 1669 2931; x_wconf 92' lang='lat' dir='ltr'><strong>cio</strong></span> 
     </span>
     <span class='ocr_line' id='line_1_23' title="bbox 337 2965 1666 3056; baseline 0 -21"><span class='ocrx_word' id='word_1_273' title='bbox 337 2970 495 3035; x_wconf 89' lang='lat' dir='ltr'><strong>scrivesse</strong></span> <span class='ocrx_word' id='word_1_274' title='bbox 517 2990 582 3034; x_wconf 88' lang='lat' dir='ltr'><strong>una</strong></span> <span class='ocrx_word' id='word_1_275' title='bbox 604 2965 719 3034; x_wconf 87' lang='lat' dir='ltr'><strong>lettera</strong></span> <span class='ocrx_word' id='word_1_276' title='bbox 740 2967 805 3034; x_wconf 86' lang='lat' dir='ltr'><strong>ella</strong></span> <span class='ocrx_word' id='word_1_277' title='bbox 824 2967 948 3053; x_wconf 76' lang='lat' dir='ltr'><strong>M‘·-V.,</strong></span> <span class='ocrx_word' id='word_1_278' title='bbox 977 2978 1061 3036; x_wconf 83' lang='lat' dir='ltr'><strong>state</strong></span> <span class='ocrx_word' id='word_1_279' title='bbox 1083 2991 1213 3054; x_wconf 89' lang='lat' dir='ltr'><strong>securo,</strong></span> <span class='ocrx_word' id='word_1_280' title='bbox 1235 2971 1280 3035; x_wconf 93' lang='lat' dir='ltr'><strong>mi</strong></span> <span class='ocrx_word' id='word_1_281' title='bbox 1303 2968 1397 3055; x_wconf 88' lang='lat' dir='ltr'><strong>disse,</strong></span> <span class='ocrx_word' id='word_1_282' title='bbox 1420 2968 1542 3056; x_wconf 88' lang='lat' dir='ltr'><strong>perche</strong></span> <span class='ocrx_word' id='word_1_283' title='bbox 1563 2969 1600 3036; x_wconf 89' lang='lat' dir='ltr'><strong>vi</strong></span> <span class='ocrx_word' id='word_1_284' title='bbox 1623 2968 1666 3035; x_wconf 95' lang='lat' dir='ltr'><strong>do</strong></span> 
     </span>
     <span class='ocr_line' id='line_1_24' title="bbox 336 3069 1664 3161; baseline -0.002 -22"><span class='ocrx_word' id='word_1_285' title='bbox 336 3071 369 3138; x_wconf 88' lang='lat' dir='ltr'><strong>la</strong></span> <span class='ocrx_word' id='word_1_286' title='bbox 382 3070 455 3139; x_wconf 83' lang='lat' dir='ltr'><strong>fede</strong></span> <span class='ocrx_word' id='word_1_287' title='bbox 464 3071 513 3158; x_wconf 50' lang='lat' dir='ltr'><strong>,da</strong></span> <span class='ocrx_word' id='word_1_288' title='bbox 526 3070 635 3137; x_wconf 90' lang='lat' dir='ltr'><strong>buono</strong></span> <span class='ocrx_word' id='word_1_289' title='bbox 649 3094 737 3159; x_wconf 89' lang='lat' dir='ltr'><strong>papa</strong></span> <span class='ocrx_word' id='word_1_290' title='bbox 752 3081 784 3139; x_wconf 91' lang='grc'><strong>61</strong></span> <span class='ocrx_word' id='word_1_291' title='bbox 799 3071 842 3138; x_wconf 88' lang='lat' dir='ltr'><strong>da</strong></span> <span class='ocrx_word' id='word_1_292' title='bbox 857 3069 1087 3160; x_wconf 85' lang='lat' dir='ltr'><strong>gentilhuomo,</strong></span> <span class='ocrx_word' id='word_1_293' title='bbox 1103 3072 1163 3140; x_wconf 91' lang='lat' dir='ltr'><strong>che</strong></span> <span class='ocrx_word' id='word_1_294' title='bbox 1175 3072 1245 3140; x_wconf 89' lang='lat' dir='ltr'><strong>fero</strong></span> <span class='ocrx_word' id='word_1_295' title='bbox 1261 3083 1383 3161; x_wconf 85' lang='lat' dir='ltr'><strong>quanto</strong></span> <span class='ocrx_word' id='word_1_296' title='bbox 1397 3073 1431 3138; x_wconf 90' lang='lat' dir='ltr'><strong>vi</strong></span> <span class='ocrx_word' id='word_1_297' title='bbox 1444 3081 1608 3160; x_wconf 84' lang='lat' dir='ltr'><strong>prometto</strong></span> <span class='ocrx_word' id='word_1_298' title='bbox 1621 3122 1629 3138; x_wconf 97' lang='lat'><strong>.</strong></span> <span class='ocrx_word' id='word_1_299' title='bbox 1640 3121 1664 3138; x_wconf 92' lang='lat'><strong>..</strong></span> 
     </span>
     <span class='ocr_line' id='line_1_25' title="bbox 438 3173 1666 3266; baseline 0.002 -27"><span class='ocrx_word' id='word_1_300' title='bbox 438 3173 575 3240; x_wconf 86' lang='lat' dir='ltr'><strong>Ilduca</strong></span> <span class='ocrx_word' id='word_1_301' title='bbox 602 3174 643 3240; x_wconf 92' lang='lat' dir='ltr'><strong>de</strong></span> <span class='ocrx_word' id='word_1_302' title='bbox 664 3175 798 3242; x_wconf 77' lang='lat' dir='ltr'><strong>lirense</strong></span> <span class='ocrx_word' id='word_1_303' title='bbox 826 3185 859 3242; x_wconf 93' lang='grc'><strong>61</strong></span> <span class='ocrx_word' id='word_1_304' title='bbox 892 3175 977 3243; x_wconf 89' lang='lat' dir='ltr'><strong>duca</strong></span> <span class='ocrx_word' id='word_1_305' title='bbox 999 3175 1165 3242; x_wconf 91' lang='lat' dir='ltr'><strong>d’Urhino</strong></span> <span class='ocrx_word' id='word_1_306' title='bbox 1199 3199 1314 3243; x_wconf 87' lang='lat' dir='ltr'><strong>sarano</strong></span> <span class='ocrx_word' id='word_1_307' title='bbox 1351 3177 1406 3266; x_wconf 92' lang='lat' dir='ltr'><strong>qui</strong></span> <span class='ocrx_word' id='word_1_308' title='bbox 1434 3173 1485 3242; x_wconf 82' lang='lat' dir='ltr'><strong>fre</strong></span> <span class='ocrx_word' id='word_1_309' title='bbox 1513 3175 1666 3263; x_wconf 87' lang='lat' dir='ltr'><strong>quindeci</strong></span> 
     </span>
     <span class='ocr_line' id='line_1_26' title="bbox 337 3275 1667 3366; baseline -0.004 -18"><span class='ocrx_word' id='word_1_310' title='bbox 337 3279 452 3366; x_wconf 88' lang='lat' dir='ltr'><strong>giomi,</strong></span> <span class='ocrx_word' id='word_1_311' title='bbox 475 3286 508 3344; x_wconf 85' lang='lat' dir='ltr'><strong>et</strong></span> <span class='ocrx_word' id='word_1_312' title='bbox 528 3279 584 3364; x_wconf 86' lang='lat' dir='ltr'><strong>gie</strong></span> <span class='ocrx_word' id='word_1_313' title='bbox 604 3301 664 3366; x_wconf 89' lang='lat' dir='ltr'><strong>per</strong></span> <span class='ocrx_word' id='word_1_314' title='bbox 685 3279 789 3346; x_wconf 85' lang='lat' dir='ltr'><strong>Roma</strong></span> <span class='ocrx_word' id='word_1_315' title='bbox 811 3279 836 3344; x_wconf 90' lang='lat' dir='ltr'><strong>e&#39;</strong></span> <span class='ocrx_word' id='word_1_316' title='bbox 847 3278 1040 3347; x_wconf 81' lang='lat' dir='ltr'><strong>incomincia</strong></span> <span class='ocrx_word' id='word_1_317' title='bbox 1062 3301 1082 3346; x_wconf 83' lang='lat' dir='ltr'><strong>a</strong></span> <span class='ocrx_word' id='word_1_318' title='bbox 1113 3278 1182 3346; x_wconf 86' lang='lat' dir='ltr'><strong>dire</strong></span> <span class='ocrx_word' id='word_1_319' title='bbox 1208 3275 1381 3346; x_wconf 85' lang='lat' dir='ltr'><strong>ch&#39;hanno</strong></span> <span class='ocrx_word' id='word_1_320' title='bbox 1410 3301 1430 3344; x_wconf 88' lang='lat' dir='ltr'><strong>a</strong></span> <span class='ocrx_word' id='word_1_321' title='bbox 1456 3288 1572 3346; x_wconf 87' lang='lat' dir='ltr'><strong>trattar</strong></span> <span class='ocrx_word' id='word_1_322' title='bbox 1600 3301 1667 3344; x_wconf 84' lang='lat' dir='ltr'><strong>una</strong></span> 
     </span>
     <span class='ocr_line' id='line_1_27' title="bbox 335 3379 1642 3471; baseline -0.002 -23"><span class='ocrx_word' id='word_1_323' title='bbox 335 3381 433 3469; x_wconf 89' lang='lat' dir='ltr'><strong>legha</strong></span> <span class='ocrx_word' id='word_1_324' title='bbox 455 3404 516 3450; x_wconf 91' lang='lat' dir='ltr'><strong>con</strong></span> <span class='ocrx_word' id='word_1_325' title='bbox 538 3379 573 3448; x_wconf 88' lang='lat' dir='ltr'><strong>S.</strong></span> <span class='ocrx_word' id='word_1_326' title='bbox 595 3379 657 3467; x_wconf 76' lang='lat'><strong>8¹⁸,</strong></span> <span class='ocrx_word' id='word_1_327' title='bbox 680 3381 704 3448; x_wconf 92' lang='lat' dir='ltr'><strong>il</strong></span> <span class='ocrx_word' id='word_1_328' title='bbox 726 3381 785 3448; x_wconf 91' lang='lat' dir='ltr'><strong>che</strong></span> <span class='ocrx_word' id='word_1_329' title='bbox 807 3381 908 3468; x_wconf 89' lang='lat' dir='ltr'><strong>perho</strong></span> <span class='ocrx_word' id='word_1_330' title='bbox 929 3404 995 3450; x_wconf 91' lang='lat' dir='ltr'><strong>non</strong></span> <span class='ocrx_word' id='word_1_331' title='bbox 1016 3381 1060 3450; x_wconf 80' lang='lat' dir='ltr'><strong>he</strong></span> <span class='ocrx_word' id='word_1_332' title='bbox 1080 3383 1138 3471; x_wconf 92' lang='lat' dir='ltr'><strong>piu</strong></span> <span class='ocrx_word' id='word_1_333' title='bbox 1160 3381 1220 3450; x_wconf 90' lang='lat' dir='ltr'><strong>che</strong></span> <span class='ocrx_word' id='word_1_334' title='bbox 1247 3392 1338 3450; x_wconf 82' lang='lat' dir='ltr'><strong>tento</strong></span> <span class='ocrx_word' id='word_1_335' title='bbox 1360 3382 1570 3451; x_wconf 78' lang='lat' dir='ltr'><strong>fondamento</strong></span> <span class='ocrx_word' id='word_1_336' title='bbox 1587 3431 1594 3448; x_wconf 93' lang='lat'><strong>.</strong></span> <span class='ocrx_word' id='word_1_337' title='bbox 1611 3431 1642 3448; x_wconf 93' lang='lat'><strong>..</strong></span> 
     </span>
    </p>
   </div>
   <div class='ocr_carea' id='block_1_4' title="bbox 440 3537 1663 3678">
    <p class='ocr_par' dir='ltr' id='par_1_5' title="bbox 440 3537 1663 3678">
     <span class='ocr_line' id='line_1_28' title="bbox 440 3537 1663 3678; baseline -0.001 -23"><span class='ocrx_word' id='word_1_338' title='bbox 440 3587 511 3655; x_wconf 86' lang='lat' dir='ltr'><strong>Aue</strong></span> <span class='ocrx_word' id='word_1_339' title='bbox 531 3585 584 3676; x_wconf 77' lang='lat'><strong>2):</strong></span> <span class='ocrx_word' id='word_1_340' title='bbox 619 3587 722 3678; x_wconf 86' lang='lat' dir='ltr'><strong>[Naeh</strong></span> <span class='ocrx_word' id='word_1_341' title='bbox 743 3537 926 3678; x_wconf 77' lang='lat' dir='ltr'><strong>llihtreffen</strong></span> <span class='ocrx_word' id='word_1_342' title='bbox 948 3589 1007 3658; x_wconf 89' lang='lat' dir='ltr'><strong>der</strong></span> <span class='ocrx_word' id='word_1_343' title='bbox 1033 3590 1066 3656; x_wconf 71' lang='lat' dir='ltr'><strong>le</strong></span> <span class='ocrx_word' id='word_1_344' title='bbox 1090 3589 1199 3657; x_wconf 86' lang='lat' dir='ltr'><strong>Briefe</strong></span> <span class='ocrx_word' id='word_1_345' title='bbox 1226 3613 1301 3657; x_wconf 93' lang='lat' dir='ltr'><strong>vom</strong></span> <span class='ocrx_word' id='word_1_346' title='bbox 1331 3591 1371 3657; x_wconf 85' lang='lat'><strong>19</strong></span> <span class='ocrx_word' id='word_1_347' title='bbox 1393 3587 1548 3678; x_wconf 79' lang='lat' dir='ltr'><strong>October]</strong></span> <span class='ocrx_word' id='word_1_348' title='bbox 1578 3588 1663 3656; x_wconf 91' lang='lat' dir='ltr'><strong>illico</strong></span> 
     </span>
    </p>
   </div>
   <div class='ocr_carea' id='block_1_5' title="bbox 216 3691 1662 3784">
    <p class='ocr_par' dir='ltr' id='par_1_6' title="bbox 216 3691 1662 3784">
     <span class='ocr_line' id='line_1_29' title="bbox 216 3691 1662 3784; baseline -0.001 -24"><span class='ocrx_word' id='word_1_349' title='bbox 216 3711 218 3716; x_wconf 84' lang='lat'>·</span> <span class='ocrx_word' id='word_1_350' title='bbox 338 3694 426 3760; x_wconf 82' lang='lat' dir='ltr'><strong>fama</strong></span> <span class='ocrx_word' id='word_1_351' title='bbox 447 3691 581 3762; x_wconf 82' lang='lat' dir='ltr'><strong>suborto</strong></span> <span class='ocrx_word' id='word_1_352' title='bbox 602 3703 660 3778; x_wconf 79' lang='lat' dir='ltr'><strong>est,</strong></span> <span class='ocrx_word' id='word_1_353' title='bbox 684 3716 769 3782; x_wconf 84' lang='lat' dir='ltr'><strong>quae</strong></span> <span class='ocrx_word' id='word_1_354' title='bbox 790 3696 912 3784; x_wconf 77' lang='lat' dir='ltr'><strong>poesim</strong></span> <span class='ocrx_word' id='word_1_355' title='bbox 933 3717 993 3783; x_wconf 89' lang='lat' dir='ltr'><strong>per</strong></span> <span class='ocrx_word' id='word_1_356' title='bbox 1014 3716 1072 3763; x_wconf 84' lang='lat' dir='ltr'><strong>ora</strong></span> <span class='ocrx_word' id='word_1_357' title='bbox 1092 3694 1258 3761; x_wconf 90' lang='lat' dir='ltr'><strong>hominum</strong></span> <span class='ocrx_word' id='word_1_358' title='bbox 1280 3692 1543 3778; x_wconf 87' lang='lat' dir='ltr'><strong>circumvolabat,</strong></span> <span class='ocrx_word' id='word_1_359' title='bbox 1566 3692 1662 3760; x_wconf 87' lang='lat' dir='ltr'><strong>ratio·</strong></span> 
     </span>
    </p>
   </div>
   <div class='ocr_carea' id='block_1_6' title="bbox 335 3795 1663 5132">
    <p class='ocr_par' dir='ltr' id='par_1_7' title="bbox 335 3795 1663 5132">
     <span class='ocr_line' id='line_1_30' title="bbox 337 3795 1663 3888; baseline 0 -25"><span class='ocrx_word' id='word_1_360' title='bbox 337 3820 411 3863; x_wconf 89' lang='lat' dir='ltr'><strong>nem</strong></span> <span class='ocrx_word' id='word_1_361' title='bbox 432 3797 563 3864; x_wconf 89' lang='lat' dir='ltr'><strong>ineundi</strong></span> <span class='ocrx_word' id='word_1_362' title='bbox 585 3797 712 3864; x_wconf 90' lang='lat' dir='ltr'><strong>concilii</strong></span> <span class='ocrx_word' id='word_1_363' title='bbox 732 3801 872 3886; x_wconf 91' lang='lat' dir='ltr'><strong>proponi</strong></span> <span class='ocrx_word' id='word_1_364' title='bbox 894 3798 987 3865; x_wconf 68' lang='lat' dir='ltr'><strong>,Me</strong></span> <span class='ocrx_word' id='word_1_365' title='bbox 1000 3795 1040 3866; x_wconf 88' lang='lat' dir='ltr'><strong>V.</strong></span> <span class='ocrx_word' id='word_1_366' title='bbox 1056 3797 1153 3888; x_wconf 87' lang='lat' dir='ltr'><strong>longe</strong></span> <span class='ocrx_word' id='word_1_367' title='bbox 1176 3799 1338 3866; x_wconf 86' lang='lat' dir='ltr'><strong>diversam</strong></span> <span class='ocrx_word' id='word_1_368' title='bbox 1362 3799 1404 3867; x_wconf 89' lang='lat' dir='ltr'><strong>eb</strong></span> <span class='ocrx_word' id='word_1_369' title='bbox 1426 3821 1467 3864; x_wconf 90' lang='lat' dir='ltr'><strong>ea</strong></span> <span class='ocrx_word' id='word_1_370' title='bbox 1482 3819 1580 3886; x_wconf 85' lang='lat' dir='ltr'><strong>quam</strong></span> <span class='ocrx_word' id='word_1_371' title='bbox 1595 3795 1663 3863; x_wconf 59' lang='grc' dir='ltr'><strong>ΜΨ</strong></span> 
     </span>
     <span class='ocr_line' id='line_1_31' title="bbox 337 3893 1658 3990; baseline -0.002 -22"><span class='ocrx_word' id='word_1_372' title='bbox 337 3893 379 3968; x_wconf 89' lang='lat' dir='ltr'><strong>V.</strong></span> <span class='ocrx_word' id='word_1_373' title='bbox 402 3904 534 3969; x_wconf 80' lang='lat' dir='ltr'><strong>sentiret</strong></span> <span class='ocrx_word' id='word_1_374' title='bbox 555 3912 587 3970; x_wconf 90' lang='lat' dir='ltr'><strong>ct</strong></span> <span class='ocrx_word' id='word_1_375' title='bbox 609 3904 791 3989; x_wconf 82' lang='lat' dir='ltr'><strong>scripserat.</strong></span> <span class='ocrx_word' id='word_1_376' title='bbox 813 3902 849 3968; x_wconf 92' lang='lat' dir='ltr'><strong>id</strong></span> <span class='ocrx_word' id='word_1_377' title='bbox 869 3894 930 3990; x_wconf 73' lang='lat' dir='ltr'><strong>eg&#39;o</strong></span> <span class='ocrx_word' id='word_1_378' title='bbox 951 3903 1009 3970; x_wconf 92' lang='lat' dir='ltr'><strong>uhi</strong></span> <span class='ocrx_word' id='word_1_379' title='bbox 1028 3904 1145 3970; x_wconf 84' lang='lat' dir='ltr'><strong>rescivi</strong></span> <span class='ocrx_word' id='word_1_380' title='bbox 1160 3903 1363 3989; x_wconf 83' lang='lat' dir='ltr'><strong>cognovique</strong></span> <span class='ocrx_word' id='word_1_381' title='bbox 1377 3900 1491 3968; x_wconf 85' lang='lat' dir='ltr'><strong>litteris</strong></span> <span class='ocrx_word' id='word_1_382' title='bbox 1506 3899 1658 3988; x_wconf 89' lang='lat' dir='ltr'><strong>Delphini</strong></span> 
     </span>
     <span class='ocr_line' id='line_1_32' title="bbox 338 4003 1661 4096; baseline -0.005 -23"><span class='ocrx_word' id='word_1_383' title='bbox 338 4007 482 4094; x_wconf 85' lang='lat' dir='ltr'><strong>episcopi</strong></span> <span class='ocrx_word' id='word_1_384' title='bbox 502 4005 602 4074; x_wconf 81' lang='lat' dir='ltr'><strong>fisisse</strong></span> <span class='ocrx_word' id='word_1_385' title='bbox 624 4007 810 4090; x_wconf 76' lang='lat' dir='ltr'><strong>excitatum,</strong></span> <span class='ocrx_word' id='word_1_386' title='bbox 839 4028 920 4096; x_wconf 86' lang='lat' dir='ltr'><strong>quas</strong></span> <span class='ocrx_word' id='word_1_387' title='bbox 942 4005 985 4074; x_wconf 85' lang='lat' dir='ltr'><strong>ad</strong></span> <span class='ocrx_word' id='word_1_388' title='bbox 1006 4005 1115 4095; x_wconf 90' lang='lat' dir='ltr'><strong>plures</strong></span> <span class='ocrx_word' id='word_1_389' title='bbox 1138 4007 1172 4072; x_wconf 91' lang='lat' dir='ltr'><strong>in</strong></span> <span class='ocrx_word' id='word_1_390' title='bbox 1194 4004 1333 4072; x_wconf 90' lang='lat' dir='ltr'><strong>eundem</strong></span> <span class='ocrx_word' id='word_1_391' title='bbox 1355 4025 1486 4072; x_wconf 85' lang='lat' dir='ltr'><strong>sensum</strong></span> <span class='ocrx_word' id='word_1_392' title='bbox 1508 4013 1541 4071; x_wconf 90' lang='lat' dir='ltr'><strong>et</strong></span> <span class='ocrx_word' id='word_1_393' title='bbox 1562 4003 1661 4072; x_wconf 88' lang='lat' dir='ltr'><strong>verba</strong></span> 
     </span>
     <span class='ocr_line' id='line_1_33' title="bbox 339 4107 1658 4198; baseline -0.002 -24"><span class='ocrx_word' id='word_1_394' title='bbox 339 4107 482 4193; x_wconf 86' lang='lat' dir='ltr'><strong>dederet,</strong></span> <span class='ocrx_word' id='word_1_395' title='bbox 504 4111 588 4176; x_wconf 90' lang='lat' dir='ltr'><strong>sieut</strong></span> <span class='ocrx_word' id='word_1_396' title='bbox 607 4111 642 4176; x_wconf 91' lang='lat' dir='ltr'><strong>in</strong></span> <span class='ocrx_word' id='word_1_397' title='bbox 662 4111 841 4198; x_wconf 90' lang='lat' dir='ltr'><strong>preinserto</strong></span> <span class='ocrx_word' id='word_1_398' title='bbox 861 4119 952 4198; x_wconf 90' lang='lat' dir='ltr'><strong>patet</strong></span> <span class='ocrx_word' id='word_1_399' title='bbox 973 4108 1138 4197; x_wconf 82' lang='lat' dir='ltr'><strong>exemplo,</strong></span> <span class='ocrx_word' id='word_1_400' title='bbox 1161 4107 1342 4175; x_wconf 86' lang='lat' dir='ltr'><strong>eademmet</strong></span> <span class='ocrx_word' id='word_1_401' title='bbox 1364 4107 1417 4174; x_wconf 90' lang='lat' dir='ltr'><strong>die</strong></span> <span class='ocrx_word' id='word_1_402' title='bbox 1437 4107 1481 4174; x_wconf 85' lang='lat' dir='ltr'><strong>ed</strong></span> <span class='ocrx_word' id='word_1_403' title='bbox 1502 4125 1658 4173; x_wconf 89' lang='lat' dir='ltr'><strong>summum</strong></span> 
     </span>
     <span class='ocr_line' id='line_1_34' title="bbox 336 4211 1658 4299; baseline -0.005 -21"><span class='ocrx_word' id='word_1_404' title='bbox 336 4211 520 4299; x_wconf 87' lang='lat' dir='ltr'><strong>pontificem</strong></span> <span class='ocrx_word' id='word_1_405' title='bbox 541 4235 594 4279; x_wconf 89' lang='lat' dir='ltr'><strong>me</strong></span> <span class='ocrx_word' id='word_1_406' title='bbox 616 4211 735 4280; x_wconf 76' lang='lat' dir='ltr'><strong>contudi</strong></span> <span class='ocrx_word' id='word_1_407' title='bbox 758 4223 804 4297; x_wconf 88' lang='lat' dir='ltr'><strong>et,</strong></span> <span class='ocrx_word' id='word_1_408' title='bbox 833 4235 875 4280; x_wconf 90' lang='lat' dir='ltr'><strong>ne</strong></span> <span class='ocrx_word' id='word_1_409' title='bbox 902 4214 937 4278; x_wconf 91' lang='lat' dir='ltr'><strong>in</strong></span> <span class='ocrx_word' id='word_1_410' title='bbox 964 4212 1079 4278; x_wconf 87' lang='lat' dir='ltr'><strong>eadem</strong></span> <span class='ocrx_word' id='word_1_411' title='bbox 1101 4211 1250 4299; x_wconf 89' lang='lat' dir='ltr'><strong>opinione</strong></span> <span class='ocrx_word' id='word_1_412' title='bbox 1274 4233 1348 4278; x_wconf 88' lang='lat' dir='ltr'><strong>cum</strong></span> <span class='ocrx_word' id='word_1_413' title='bbox 1371 4211 1508 4278; x_wconf 83' lang='lat' dir='ltr'><strong>caeteris</strong></span> <span class='ocrx_word' id='word_1_414' title='bbox 1529 4233 1566 4278; x_wconf 90' lang='lat' dir='ltr'><strong>se</strong></span> <span class='ocrx_word' id='word_1_415' title='bbox 1589 4230 1658 4276; x_wconf 90' lang='lat' dir='ltr'><strong>oon·</strong></span> 
     </span>
     <span class='ocr_line' id='line_1_35' title="bbox 338 4312 1658 4407; baseline -0.005 -25"><span class='ocrx_word' id='word_1_416' title='bbox 338 4315 489 4401; x_wconf 87' lang='lat' dir='ltr'><strong>firmaret,</strong></span> <span class='ocrx_word' id='word_1_417' title='bbox 512 4315 616 4384; x_wconf 89' lang='lat' dir='ltr'><strong>eidem</strong></span> <span class='ocrx_word' id='word_1_418' title='bbox 640 4318 776 4405; x_wconf 88' lang='lat' dir='ltr'><strong>exposui</strong></span> <span class='ocrx_word' id='word_1_419' title='bbox 799 4317 903 4407; x_wconf 84' lang='lat' dir='ltr'><strong>qualis</strong></span> <span class='ocrx_word' id='word_1_420' title='bbox 915 4317 1011 4384; x_wconf 84' lang='lat' dir='ltr'><strong>&#39;esset</strong></span> <span class='ocrx_word' id='word_1_421' title='bbox 1031 4318 1066 4381; x_wconf 91' lang='lat' dir='ltr'><strong>in</strong></span> <span class='ocrx_word' id='word_1_422' title='bbox 1086 4315 1150 4382; x_wconf 86' lang='lat' dir='ltr'><strong>hac</strong></span> <span class='ocrx_word' id='word_1_423' title='bbox 1170 4337 1207 4382; x_wconf 88' lang='lat' dir='ltr'><strong>re</strong></span> <span class='ocrx_word' id='word_1_424' title='bbox 1221 4313 1287 4381; x_wconf 55' lang='grc'><strong>111·</strong></span> <span class='ocrx_word' id='word_1_425' title='bbox 1303 4315 1343 4382; x_wconf 91' lang='lat' dir='ltr'><strong>V.</strong></span> <span class='ocrx_word' id='word_1_426' title='bbox 1359 4337 1450 4382; x_wconf 89' lang='lat' dir='ltr'><strong>mens</strong></span> <span class='ocrx_word' id='word_1_427' title='bbox 1467 4323 1501 4382; x_wconf 88' lang='lat' dir='ltr'><strong>et</strong></span> <span class='ocrx_word' id='word_1_428' title='bbox 1514 4312 1658 4380; x_wconf 79' lang='lat' dir='ltr'><strong>voluntas</strong></span> 
     </span>
     <span class='ocr_line' id='line_1_36' title="bbox 338 4415 1658 4510; baseline -0.005 -24"><span class='ocrx_word' id='word_1_429' title='bbox 338 4428 371 4486; x_wconf 89' lang='lat' dir='ltr'><strong>et</strong></span> <span class='ocrx_word' id='word_1_430' title='bbox 393 4441 477 4510; x_wconf 86' lang='lat' dir='ltr'><strong>quae</strong></span> <span class='ocrx_word' id='word_1_431' title='bbox 497 4419 653 4486; x_wconf 80' lang='lat' dir='ltr'><strong>mandata</strong></span> <span class='ocrx_word' id='word_1_432' title='bbox 673 4429 824 4504; x_wconf 88' lang='lat' dir='ltr'><strong>tenerem,</strong></span> <span class='ocrx_word' id='word_1_433' title='bbox 846 4421 1016 4508; x_wconf 81' lang='lat' dir='ltr'><strong>presertim</strong></span> <span class='ocrx_word' id='word_1_434' title='bbox 1031 4419 1073 4486; x_wconf 91' lang='lat' dir='ltr'><strong>de</strong></span> <span class='ocrx_word' id='word_1_435' title='bbox 1090 4417 1163 4486; x_wconf 89' lang='lat' dir='ltr'><strong>loco</strong></span> <span class='ocrx_word' id='word_1_436' title='bbox 1178 4427 1211 4485; x_wconf 90' lang='lat' dir='ltr'><strong>et</strong></span> <span class='ocrx_word' id='word_1_437' title='bbox 1226 4419 1475 4502; x_wconf 75' lang='lat' dir='ltr'><strong>continuatione,</strong></span> <span class='ocrx_word' id='word_1_438' title='bbox 1497 4415 1658 4505; x_wconf 85' lang='lat' dir='ltr'><strong>inquibus</strong></span> 
     </span>
     <span class='ocr_line' id='line_1_37' title="bbox 337 4519 1656 4609; baseline -0.005 -19"><span class='ocrx_word' id='word_1_439' title='bbox 337 4524 407 4592; x_wconf 91' lang='lat' dir='ltr'><strong>eius</strong></span> <span class='ocrx_word' id='word_1_440' title='bbox 427 4524 531 4589; x_wconf 89' lang='lat' dir='ltr'><strong>nuntii</strong></span> <span class='ocrx_word' id='word_1_441' title='bbox 552 4521 677 4590; x_wconf 86' lang='lat' dir='ltr'><strong>litterae</strong></span> <span class='ocrx_word' id='word_1_442' title='bbox 699 4545 720 4590; x_wconf 87' lang='lat' dir='ltr'><strong>a</strong></span> <span class='ocrx_word' id='word_1_443' title='bbox 740 4523 854 4591; x_wconf 88' lang='lat' dir='ltr'><strong>litteris</strong></span> <span class='ocrx_word' id='word_1_444' title='bbox 867 4523 933 4589; x_wconf 70' lang='lat' dir='ltr'><strong>Ml·</strong></span> <span class='ocrx_word' id='word_1_445' title='bbox 950 4521 992 4590; x_wconf 91' lang='lat' dir='ltr'><strong>V.</strong></span> <span class='ocrx_word' id='word_1_446' title='bbox 1009 4522 1165 4589; x_wconf 88' lang='lat' dir='ltr'><strong>dissidere</strong></span> <span class='ocrx_word' id='word_1_447' title='bbox 1186 4521 1391 4604; x_wconf 89' lang='lat' dir='ltr'><strong>videbantur,</strong></span> <span class='ocrx_word' id='word_1_448' title='bbox 1413 4519 1656 4609; x_wconf 85' lang='lat' dir='ltr'><strong>exemplumque</strong></span> 
     </span>
     <span class='ocr_line' id='line_1_38' title="bbox 339 4625 1655 4715; baseline -0.004 -23"><span class='ocrx_word' id='word_1_449' title='bbox 339 4625 424 4692; x_wconf 88' lang='lat' dir='ltr'><strong>illiue</strong></span> <span class='ocrx_word' id='word_1_450' title='bbox 447 4627 560 4712; x_wconf 88' lang='lat' dir='ltr'><strong>capitis</strong></span> <span class='ocrx_word' id='word_1_451' title='bbox 583 4625 726 4711; x_wconf 80' lang='lat' dir='ltr'><strong>exhibui,</strong></span> <span class='ocrx_word' id='word_1_452' title='bbox 754 4637 791 4694; x_wconf 90' lang='lat' dir='ltr'><strong>ut</strong></span> <span class='ocrx_word' id='word_1_453' title='bbox 817 4650 886 4694; x_wconf 91' lang='lat' dir='ltr'><strong>rem</strong></span> <span class='ocrx_word' id='word_1_454' title='bbox 908 4627 999 4694; x_wconf 82' lang='lat' dir='ltr'><strong>aliter</strong></span> <span class='ocrx_word' id='word_1_455' title='bbox 1021 4649 1056 4693; x_wconf 88' lang='lat' dir='ltr'><strong>se</strong></span> <span class='ocrx_word' id='word_1_456' title='bbox 1077 4626 1198 4694; x_wconf 87' lang='lat' dir='ltr'><strong>hebere</strong></span> <span class='ocrx_word' id='word_1_457' title='bbox 1220 4635 1439 4714; x_wconf 77' lang='lat' dir='ltr'><strong>cognosceret,</strong></span> <span class='ocrx_word' id='word_1_458' title='bbox 1463 4645 1561 4715; x_wconf 89' lang='lat' dir='ltr'><strong>quam</strong></span> <span class='ocrx_word' id='word_1_459' title='bbox 1582 4642 1655 4688; x_wconf 89' lang='lat' dir='ltr'><strong>nnn·</strong></span> 
     </span>
     <span class='ocr_line' id='line_1_39' title="bbox 335 4721 1654 4815; baseline -0.007 -19"><span class='ocrx_word' id='word_1_460' title='bbox 335 4731 400 4796; x_wconf 86' lang='lat' dir='ltr'><strong>tius</strong></span> <span class='ocrx_word' id='word_1_461' title='bbox 428 4730 601 4815; x_wconf 77' lang='lat' dir='ltr'><strong>scripserat</strong></span> <span class='ocrx_word' id='word_1_462' title='bbox 622 4739 679 4796; x_wconf 90' lang='lat' dir='ltr'><strong>aut</strong></span> <span class='ocrx_word' id='word_1_463' title='bbox 706 4730 920 4808; x_wconf 86' lang='lat' dir='ltr'><strong>intellexerat,</strong></span> <span class='ocrx_word' id='word_1_464' title='bbox 949 4731 1040 4796; x_wconf 89' lang='lat' dir='ltr'><strong>euius</strong></span> <span class='ocrx_word' id='word_1_465' title='bbox 1067 4751 1197 4796; x_wconf 87' lang='lat' dir='ltr'><strong>sensum</strong></span> <span class='ocrx_word' id='word_1_466' title='bbox 1218 4730 1253 4795; x_wconf 95' lang='lat' dir='ltr'><strong>in</strong></span> <span class='ocrx_word' id='word_1_467' title='bbox 1274 4727 1364 4795; x_wconf 82' lang='lat' dir='ltr'><strong>calce</strong></span> <span class='ocrx_word' id='word_1_468' title='bbox 1385 4727 1565 4794; x_wconf 86' lang='lat' dir='ltr'><strong>litterarum</strong></span> <span class='ocrx_word' id='word_1_469' title='bbox 1587 4721 1654 4790; x_wconf 89' lang='lat' dir='ltr'><strong>suh·</strong></span> 
     </span>
     <span class='ocr_line' id='line_1_40' title="bbox 335 4829 1653 4920; baseline -0.006 -21"><span class='ocrx_word' id='word_1_470' title='bbox 335 4839 473 4900; x_wconf 80' lang='lat' dir='ltr'><strong>nectem.</strong></span> <span class='ocrx_word' id='word_1_471' title='bbox 496 4831 550 4898; x_wconf 88' lang='lat' dir='ltr'><strong>illc</strong></span> <span class='ocrx_word' id='word_1_472' title='bbox 572 4841 680 4898; x_wconf 87' lang='lat' dir='ltr'><strong>eutem</strong></span> <span class='ocrx_word' id='word_1_473' title='bbox 702 4833 744 4900; x_wconf 93' lang='lat' dir='ltr'><strong>ob</strong></span> <span class='ocrx_word' id='word_1_474' title='bbox 765 4833 829 4900; x_wconf 93' lang='lat' dir='ltr'><strong>hoc</strong></span> <span class='ocrx_word' id='word_1_475' title='bbox 850 4832 1057 4900; x_wconf 91' lang='lat' dir='ltr'><strong>nihilosecius</strong></span> <span class='ocrx_word' id='word_1_476' title='bbox 1078 4832 1295 4920; x_wconf 80' lang='lat' dir='ltr'><strong>perturbatus,</strong></span> <span class='ocrx_word' id='word_1_477' title='bbox 1318 4832 1427 4898; x_wconf 86' lang='lat' dir='ltr'><strong>omnia</strong></span> <span class='ocrx_word' id='word_1_478' title='bbox 1445 4829 1585 4918; x_wconf 83' lang='lat' dir='ltr'><strong>benigne</strong></span> <span class='ocrx_word' id='word_1_479' title='bbox 1606 4846 1653 4892; x_wconf 85' lang='lat' dir='ltr'><strong>ex·</strong></span> 
     </span>
     <span class='ocr_line' id='line_1_41' title="bbox 337 4933 1652 5026; baseline -0.005 -23"><span class='ocrx_word' id='word_1_480' title='bbox 337 4937 459 5023; x_wconf 89' lang='lat' dir='ltr'><strong>cipiens</strong></span> <span class='ocrx_word' id='word_1_481' title='bbox 480 4938 570 5004; x_wconf 79' lang='lat' dir='ltr'><strong>viem</strong></span> <span class='ocrx_word' id='word_1_482' title='bbox 592 4947 641 5003; x_wconf 88' lang='lat' dir='ltr'><strong>est</strong></span> <span class='ocrx_word' id='word_1_483' title='bbox 662 4938 814 5024; x_wconf 85' lang='lat' dir='ltr'><strong>pietatem</strong></span> <span class='ocrx_word' id='word_1_484' title='bbox 836 4937 1110 5026; x_wconf 76' lang='lat' dir='ltr'><strong>christianumque</strong></span> <span class='ocrx_word' id='word_1_485' title='bbox 1134 4937 1231 5004; x_wconf 85' lang='lat' dir='ltr'><strong>animi</strong></span> <span class='ocrx_word' id='word_1_486' title='bbox 1259 4933 1433 5004; x_wconf 86' lang='lat' dir='ltr'><strong>candorem</strong></span> <span class='ocrx_word' id='word_1_487' title='bbox 1454 4933 1519 5000; x_wconf 55' lang='lat' dir='ltr'><strong>Me·</strong></span> <span class='ocrx_word' id='word_1_488' title='bbox 1547 4933 1587 4999; x_wconf 90' lang='lat' dir='ltr'><strong>V.</strong></span> <span class='ocrx_word' id='word_1_489' title='bbox 1608 4951 1652 4996; x_wconf 83' lang='grc'><strong>66</strong></span> 
     </span>
     <span class='ocr_line' id='line_1_42' title="bbox 336 5039 925 5132; baseline 0 -24"><span class='ocrx_word' id='word_1_490' title='bbox 336 5061 492 5132; x_wconf 84' lang='lat' dir='ltr'><strong>gnoscere</strong></span> <span class='ocrx_word' id='word_1_491' title='bbox 514 5040 635 5132; x_wconf 74' lang='lat' dir='ltr'><strong>pariter</strong></span> <span class='ocrx_word' id='word_1_492' title='bbox 656 5062 696 5108; x_wconf 90' lang='lat' dir='ltr'><strong>ac</strong></span> <span class='ocrx_word' id='word_1_493' title='bbox 716 5039 851 5108; x_wconf 84' lang='lat' dir='ltr'><strong>laudare</strong></span> <span class='ocrx_word' id='word_1_494' title='bbox 867 5090 876 5109; x_wconf 93' lang='lat'><strong>.</strong></span> <span class='ocrx_word' id='word_1_495' title='bbox 892 5085 925 5108; x_wconf 85' lang='lat'><strong>..</strong></span> 
     </span>
    </p>
   </div>
   <div class='ocr_carea' id='block_1_7' title="bbox 0 0 1754 5830">
    <p class='ocr_par' dir='ltr' id='par_1_8' title="bbox 0 0 1754 5830">
     <span class='ocr_line' id='line_1_43' title="bbox 0 0 1754 5830; baseline 0 0"><span class='ocrx_word' id='word_1_496' title='bbox 0 0 1754 5830; x_wconf 95' lang='lat' dir='ltr'><strong> </strong></span> 
     </span>
    </p>
   </div>
  </div>
 </body>
</html>
