3468 5820
328 673 382 742 vel
403 673 520 742 altem
540 672 637 740 valde
657 693 770 762 pamm
790 681 991 761 proponatur
1013 680 1071 739 aut
1095 669 1296 760 decernatur,
1326 675 1388 744 nisi
1414 677 1505 764 prius
1533 675 1659 746 Rornae

331 778 429 846 fuerit
450 777 682 845 confirmatum.
703 797 760 841 nos
782 777 867 842 enim
889 775 1000 842 confisi
1015 775 1179 842 fueramus
1194 787 1268 866 post
1282 788 1439 846 tractatus
1455 803 1537 872 quoa
1551 781 1606 848 bis
1620 781 1659 850 de

332 882 429 948 rebus
462 883 516 948 bic
546 903 619 947 cum
647 880 707 946 1³²⁰
741 877 777 946 O.
806 879 942 946 Moronc
977 879 1082 946 amico
1109 889 1219 948 nostro
1255 883 1444 952 charissimo
1474 885 1660 970 habuimus,

333 983 405 1050 R¹²²⁰⁸
426 983 549 1072 legatos
572 1007 637 1050 non
660 992 696 1049 ut
714 991 819 1067 antea¹
832 981 873 1048 de
895 981 1030 1070 singulis
1053 982 1096 1050 ad
1117 987 1301 1074 pontificem
1332 997 1365 1056 et
1387 988 1570 1058 cardinales
1593 989 1662 1056 eius

333 1089 453 1156 Romae
469 1089 644 1156 existentes
659 1085 814 1154 relaturos
830 1096 887 1152 aut
902 1087 1034 1154 decreta
1050 1089 1238 1178 priusquam
1253 1091 1461 1180 publicentur
1475 1093 1520 1160 ad
1535 1093 1662 1162 curiam

334 1195 511 1262 Romanam
533 1192 750 1261 confirmanda
771 1193 1019 1258 transmissuros
1041 1216 1123 1276 esse,
1147 1195 1204 1262 sed
1232 1219 1483 1286 aperueramus
1509 1196 1662 1286 panibus

335 1298 516 1365 libertatem
537 1321 603 1364 non
626 1296 726 1363 solun
749 1295 891 1374 dicendi,
921 1317 1033 1362 verum
1063 1299 1161 1364 etiam
1190 1299 1385 1368 decernendi
1412 1301 1552 1389 posthac
1581 1302 1662 1364 inte·

335 1425 426 1489 gram
447 1401 526 1467 fore.
549 1424 654 1488 neque
676 1400 817 1488 profecto
840 1421 1012 1488 possumus
1034 1401 1175 1488 probare
1191 1403 1387 1471 eiuscemodi
1404 1403 1562 1492 ambages
1579 1426 1665 1492 quae

336 1505 415 1570 fiunt
436 1507 470 1570 in
492 1505 637 1592 negociis
660 1501 883 1572 conciliaribus
906 1503 950 1570 ad
970 1503 1132 1593 pontificis
1154 1517 1267 1574 nutum
1295 1517 1393 1598 atque
1421 1507 1596 1574 arbitrium
1617 1529 1664 1572 re·

335 1609 486 1692 ferendis,
509 1608 668 1696 siquidem
689 1609 747 1675 'noc
769 1607 865 1675 modo
888 1631 1007 1696 magna
1028 1609 1065 1675 fit
1085 1613 1239 1700 temporis
1261 1612 1402 1696 iactorra,
1430 1610 1508 1676 dum
1539 1610 1665 1678 scilicet

335 1711 495 1779 tabellarii
516 1711 599 1778 ultro
623 1713 763 1799 ciboque
786 1712 950 1794 cursitant,
973 1722 1007 1778 et
1027 1712 1244 1779 labefactatur
1264 1723 1363 1802 atque
1379 1714 1577 1802 opprimitur
1592 1735 1665 1778 auo·

335 1817 447 1882 toritas
469 1838 508 1883 ac
530 1815 663 1882 libertas
683 1814 809 1882 concilii
824 1837 943 1902 magno
959 1815 1117 1882 ecclesiae
1134 1817 1332 1884 detrimento.
1355 1839 1461 1904 neque
1476 1817 1665 1882 dubitamus

337 1921 415 2007 quin
437 1929 546 2010 patres
568 1921 631 2010 ipsi
653 1920 846 1986 iamtandem
869 1920 1047 2006 aegerrime
1063 1922 1127 1986 sint
1146 1919 1242 1986 laturi
1265 1931 1297 1986 et
1310 1921 1434 2005 merito,
1460 1919 1665 2008 usqueadeo

337 2045 463 2089 omnem
491 2023 554 2090 sibi
583 2023 683 2090 adimi
706 2021 892 2088 facultatem
923 2020 1117 2091 decernendi
1144 2023 1307 2090 statuendi
1336 2034 1448 2091 contra
1476 2047 1606 2090 morem
1634 2033 1665 2089 et

336 2126 531 2193 laudabilem
553 2126 815 2194 consuetudinem
838 2127 1134 2216 antiquissimorum
1157 2127 1375 2204 conciliorum,
1405 2130 1453 2194 ita
1481 2136 1519 2196 ut
1542 2137 1663 2194 statua·

336 2253 407 2296 rum
439 2233 540 2296 instar
571 2230 651 2297 nihil
678 2232 802 2318 possint
833 2231 867 2295 in
890 2234 1097 2298 oecumenico
1126 2242 1159 2298 et
1179 2231 1280 2298 libero
1305 2231 1440 2298 concilio
1475 2230 1662 2310 decernere,

338 2334 399 2398 nisi
427 2334 516 2420 quod
537 2335 678 2421 pontifici
701 2343 732 2400 et
754 2332 972 2400 cardinalibus
1000 2337 1066 2400 suis
1088 2335 1210 2401 Romam
1233 2335 1446 2404 existentibus
1467 2345 1601 2421 gratum
1635 2343 1663 2397 et

338 2446 507 2526 acceptum
529 2439 578 2503 sit.
614 2461 683 2503 cum
711 2439 808 2526 igitur
836 2436 899 2503 hoc
927 2438 1155 2504 inconveniens
1182 2435 1271 2504 nullo
1293 2437 1390 2504 modo
1412 2435 1564 2503 videatur
1588 2457 1663 2500 esse.

338 2539 618 2626 dissimulandum,
646 2541 791 2608 volumus
821 2552 853 2609 et
879 2543 1026 2610 iubemus
1056 2551 1093 2608 ut
1120 2565 1160 2609 ea
1189 2541 1230 2608 de
1259 2564 1294 2608 re
1323 2540 1457 2609 consilia
1485 2541 1662 2607 communi-

338 2648 416 2710 cetis
449 2667 523 2712 cum
552 2656 674 2712 oratore
707 2645 792 2712 Ser¹²¹
828 2649 955 2735 nepotis
987 2647 1089 2712 nostri
1125 2647 1211 2732 regis
1245 2643 1347 2710 caphe
1385 2643 1434 2710 Ill
1471 2646 1593 2710 comite
1625 2643 1662 2706 de

340 2748 433 2812 Luna
455 2771 495 2814 ac
516 2747 666 2836 praelatis
681 2748 836 2835 Hispanis
852 2760 884 2815 et
907 2749 1010 2814 Gallis
1033 2749 1217 2815 etmaxime
1240 2771 1313 2814 curu
1325 2749 1385 2812 3³⁰
1404 2747 1440 2814 C.
1463 2746 1661 2830 Lotbariugo

338 2875 397 2918 nec
420 2875 484 2918 non
505 2851 627 2939 Belgis.
651 2875 693 2917 ex
715 2853 777 2918 illis
799 2855 884 2918 enim
911 2854 1112 2918 sermonibus
1144 2875 1225 2940 quas
1254 2873 1328 2917 cum
1354 2851 1404 2916 bis
1433 2850 1546 2936 Belgis
1582 2851 1662 2937 epis-

339 2957 428 3044 copis
474 2956 645 3024 babuimus
683 2979 772 3044 spem
813 2959 1034 3046 concepimus,
1071 2957 1131 3022 hos
1169 2977 1298 3044 quoque
1331 2955 1374 3021 ad
1406 2953 1662 3043 promovendum

340 3057 483 3125 debitum
516 3061 639 3126 concilii
667 3083 873 3148 progressum
905 3084 1084 3150 propensos
1114 3061 1198 3144 fore,
1236 3070 1268 3126 et
1297 3058 1481 3126 deliberetis
1511 3058 1595 3146 quid
1626 3057 1663 3120 sit

340 3164 524 3230 faciendum
563 3177 595 3232 et
630 3165 747 3253 quibus
789 3167 850 3230 viis
883 3165 958 3232 huic
997 3164 1199 3232 incommodo
1238 3164 1388 3230 videatur
1429 3161 1661 3228 occurrendum

343 3269 563 3357 studeatisque
585 3291 650 3334 rem
674 3291 712 3334 eo
735 3269 913 3351 adducere,
942 3279 980 3334 ut
1001 3269 1063 3333 hoc
1083 3269 1213 3334 nomine
1234 3267 1289 3332 R¹¹¹¹
1310 3267 1410 3354 legati
1430 3268 1627 3332 unanimiter
1646 3286 1663 3328 a

342 3371 435 3437 vobis
458 3383 489 3438 et
510 3371 747 3459 praedictarum
769 3374 936 3438 nationum
959 3371 1139 3438 oratoribus
1162 3381 1260 3458 atque
1280 3370 1435 3458 praelatis
1457 3370 1660 3457 interpellen-

340 3485 399 3542 tur.
423 3477 472 3542 sin
494 3487 600 3543 autem
628 3477 683 3543 alii
710 3477 803 3543 vobis
833 3479 865 3542 in
893 3476 955 3543 bac
983 3485 1074 3565 parte
1103 3475 1264 3540 noluerint
1292 3475 1459 3558 assistere,
1489 3474 1662 3540 clementer

343 3581 435 3648 vobis
456 3581 650 3668 iniungimus
673 3592 709 3646 ut
731 3590 860 3668 captata
882 3580 968 3646 bona
990 3579 1099 3670 aliqua
1120 3580 1289 3646 occasione
1317 3579 1446 3666 ipsimet
1466 3577 1538 3642 ΒΜ·
1563 3577 1600 3646 C.
1621 3577 1660 3643 le·

339 3693 433 3772 gatos
453 3684 661 3773 alloquamini
682 3686 794 3772 eisque
815 3685 1003 3772 significetis
1025 3685 1103 3752 talia
1124 3685 1168 3750 ad
1190 3707 1249 3750 nos
1271 3683 1400 3766 referri,
1429 3681 1516 3769 quod
1539 3681 1662 3748 scilicet

339 3788 434 3853 etiam
456 3810 541 3853 nunc
563 3789 595 3852 in
619 3787 754 3854 concilio
775 3786 856 3852 nibil
877 3787 929 3852 vel
952 3809 1058 3875 pauca
1079 3786 1253 3853 admodum
1270 3786 1485 3853 decernantur
1498 3784 1552 3852 vel
1570 3789 1659 3851 etiam

340 3890 469 3957 decreta
490 3889 694 3978 publicentur
715 3891 777 3955 nisi
799 3892 888 3978 priua
910 3891 1032 3956 Romae
1054 3892 1173 3956 luerint
1195 3891 1392 3966 confirmata,
1412 3891 1448 3956 id
1463 3888 1560 3956 nobis
1577 3887 1657 3954 nullo

338 3995 434 4061 modo
456 4017 550 4082 posse
573 3994 704 4081 probari
719 4005 851 4082 propter
867 4017 982 4060 causas
998 4005 1029 4060 et
1043 3996 1184 4060 rationes
1205 3997 1450 4083 suprascriptas,
1473 3997 1552 4083 quin
1568 3997 1657 4062 etiarn

338 4100 577 4186 inexpectatum
598 4098 692 4165 nobis
716 4097 882 4164 accidisse.
905 4099 1015 4166 mbari
1037 4107 1144 4164 autam
1166 4121 1225 4165 nos
1248 4099 1429 4187 plurimum,
1453 4121 1577 4186 exque
1592 4100 1656 4164 ΒΜ

340 4201 376 4270 C.
398 4202 552 4269 Meronus
574 4202 668 4269 nobis
691 4225 844 4290 expresse
867 4202 959 4286 dixit,
983 4201 1112 4290 quando
1135 4203 1259 4288 egimus
1282 4225 1355 4268 curn
1377 4202 1424 4266 pa
1447 4205 1517 4269 eius
1539 4203 1602 4268 R*
1622 4200 1656 4266 de

339 4305 473 4374 arficulo
493 4305 689 4377 residentiae
712 4307 948 4394 episcoporum,
971 4308 1000 4373 si
1022 4315 1129 4394 patres
1159 4315 1192 4374 et
1217 4305 1356 4394 praelati
1385 4306 1514 4373 concilii
1539 4307 1576 4372 in
1601 4307 1655 4372 boc

339 4409 472 4478 articulo
503 4409 645 4500 aliquam
674 4411 880 4477 concordiam
909 4418 1016 4478 essent
1044 4413 1217 4499 reperturi,
1246 4434 1318 4477 eam
1346 4409 1402 4476 8³⁰
1426 4411 1469 4476 D.
1498 4409 1539 4475 N.
1568 4407 1654 4474 valde

339 4525 462 4602 gratam
484 4513 562 4598 fore,
586 4513 674 4603 quod
695 4537 781 4580 nunc
803 4514 896 4581 vobis
922 4515 1061 4602 ingenue
1083 4515 1189 4580 fassus
1206 4516 1247 4581 sit
1258 4515 1350 4582 aliter
1363 4515 1433 4580 fieri
1447 4537 1554 4604 neque
1568 4533 1653 4603 posse

338 4641 443 4708 neque
466 4618 593 4702 debere,
617 4617 776 4708 quiahoc
799 4640 871 4684 cum
894 4617 958 4686 illis
979 4619 1168 4687 tractatibus
1190 4619 1243 4685 bic
1263 4617 1432 4686 nobiscum
1459 4619 1578 4686 habitis
1597 4637 1652 4682 non

339 4722 512 4788 admodum
534 4724 701 4788 consentit
726 4723 804 4811 quin
827 4724 923 4788 etiam
945 4745 1004 4789 nos
1025 4723 1199 4808 plurimum
1213 4723 1319 4789 vereri
1340 4744 1381 4789 ne
1395 4721 1449 4786 bic
1463 4721 1578 4788 modus
1590 4739 1651 4808 pro

339 4827 475 4893 cedendi
496 4825 603 4892 multis
626 4837 658 4893 et
679 4830 805 4915 magnis
820 4827 1032 4892 incommodis
1047 4847 1160 4891 ansam
1182 4849 1221 4892 ac
1244 4827 1411 4891 materiam
1429 4825 1594 4912 praebeat,
1617 4822 1650 4888 de

340 4931 456 5022 quibus
475 4931 619 4998 noluisse
645 4955 705 5000 nos
733 4933 986 5020 praetermittere
1002 4933 1080 5020 quin
1094 4933 1183 5020 ipsos
1198 4932 1269 4996 ΒΜ·
1288 4930 1412 5018 legatos
1432 4931 1541 4998 medio
1556 4937 1649 4996 verbu
