3468 5820
1334 445 1396 510 ast

80 632 261 720 lotharingi
293 655 377 721 qnae
403 631 497 698 nobis
524 632 756 700 iucundissima
789 633 993 718 acciderunt,
1027 635 1062 699 in
1095 633 1183 702 calce
1211 632 1396 722 adiungitie,

77 737 201 804 eundem
223 737 307 802 ΒΜ
329 735 564 823 Lotbaringum
588 739 694 802 vereri
720 760 761 802 ne
783 739 905 803 Romae
933 737 1015 804 haec
1037 737 1173 806 consilia
1202 740 1310 806 omnia
1330 746 1397 804 tam

75 840 220 906 muana
241 849 468 928 pervertantur
496 840 623 928 ipsique
652 839 708 905 R¹²¹
729 841 828 928 legati
855 844 1047 908 sententiam
1074 851 1201 908 mutare
1230 850 1397 928 cogantur,

74 945 101 1008 id
121 943 267 1030 profecto
289 967 354 1008 non
376 942 575 1010 mediocrem
598 942 847 1010 sollicitudinem
879 946 985 1011 animo
1007 955 1118 1012 nostro
1140 946 1269 1030 iniecit,
1297 967 1398 1033 quare

72 1047 156 1112 vobis
187 1046 329 1133 benigne
356 1047 552 1134 iniungimus
580 1055 617 1112 nt
650 1069 715 1112 nna
749 1070 821 1114 cum
851 1057 978 1114 oratore
1006 1050 1089 1135 regis
1118 1047 1220 1114 catha
1254 1057 1286 1116 et
1311 1048 1398 1116 dicto

72 1150 124 1214 Β1110
147 1149 352 1236 Lotharingo
375 1172 487 1216 omnes
510 1159 634 1216 vestros
658 1161 793 1216 conatus
816 1153 850 1215 in
872 1174 909 1217 eo
932 1152 1118 1236 intendatis,
1147 1163 1182 1218 ut
1204 1155 1267 1218 ista
1289 1152 1398 1218 omnia

71 1255 100 1317 in
120 1253 258 1320 concilio
279 1253 446 1320 firmentur
468 1261 501 1318 et
522 1263 705 1319 statuantur
719 1275 825 1340 neque
840 1255 976 1321 Romam
992 1255 1205 1322 consultanda
1219 1258 1396 1340 mittantur,

69 1356 193 1444 nequid
206 1355 269 1422 illis
280 1356 355 1422 inde
367 1356 586 1444 impedimenti
598 1367 655 1422 aut
666 1356 862 1422 difficultatis
875 1357 1054 1442 adferatur;
1078 1359 1221 1426 futurum
1235 1361 1320 1426 enim
1335 1359 1398 1428 hcc

71 1459 203 1526 essetab
228 1462 316 1526 omni
339 1462 501 1548 aequitate
524 1468 556 1526 et
578 1483 598 1525 a
619 1459 768 1526 libertate
791 1458 920 1527 concilii
941 1483 1074 1547 prorsus
1095 1461 1245 1544 alienum,
1270 1463 1310 1530 de
1332 1486 1397 1552 quo

71 1563 211 1628 similiter
235 1586 307 1628 cnm
330 1563 391 1628 ΒΜ
412 1563 548 1628 Morono
571 1563 813 1628 accuratissime
835 1565 976 1650 egimus,
1000 1563 1083 1630 adeo
1111 1576 1147 1631 ut
1166 1565 1225 1632 Ρω
1248 1568 1316 1632 eius
1339 1567 1400 1632 Bm

70 1689 129 1732 non
152 1665 293 1732 obscure
315 1688 395 1753 prae
429 1689 464 1732 se
497 1665 606 1732 tulerit
638 1667 673 1731 id
694 1665 787 1732 nobis
822 1665 976 1756 deinceps
1005 1691 1072 1734 non
1092 1669 1298 1736 metuendum
1320 1670 1399 1756 fore,

71 1793 163 1858 quam
187 1793 209 1836 a
232 1771 392 1838 sententia
414 1792 474 1836 sua
494 1793 702 1858 nequaquam
725 1770 942 1838 discessuram
964 1773 1164 1838 confidimus.

164 1875 269 1942 Porro
292 1875 354 1942 hoc
382 1872 455 1942 loco
488 1897 605 1962 operae
634 1876 779 1960 precium
809 1874 1004 1942 arbitramur
1031 1877 1125 1944 vobis
1152 1878 1186 1942 in
1214 1878 1401 1944 memoriam

68 1978 223 2046 reducere
249 2001 314 2067 qua
337 2001 416 2044 cura
439 1988 471 2046 et
493 1977 708 2046 sollicitudine
732 1988 764 2044 et
786 1978 954 2065 diligentia
976 1989 1009 2046 et
1029 1979 1151 2065 labore,
1175 2003 1249 2048 cum
1264 1981 1401 2048 antehac

18 2143 22 2170 ,
68 2091 131 2148 tum
155 2085 255 2150 etiam
276 2092 491 2170 posteaquam
512 2079 577 2148 buc
598 2083 755 2165 venimus,
778 2083 916 2168 negocia
938 2093 970 2150 et
984 2105 1193 2170 progressum
1207 2085 1292 2150 sacri
1306 2085 1398 2150 istius

68 2186 195 2252 concilii
218 2209 277 2274 pro
300 2195 411 2252 nostra
434 2187 467 2250 in
489 2183 724 2272 rempublicam
747 2183 955 2252 christianam
978 2189 1098 2274 optima
1119 2186 1288 2254 voluntate
1303 2196 1337 2253 et
1351 2211 1400 2254 ar-

68 2288 257 2356 dentissimo
279 2288 512 2356 restamandae
535 2286 691 2354 ecclesiae
714 2286 894 2354 catholicae
918 2288 1024 2356 studio
1040 2293 1307 2377 promoverimus,
1323 2290 1402 2356 nibil

69 2415 179 2460 eorum
202 2392 490 2480 praetermittendo
514 2390 602 2479 quod
623 2389 668 2456 ad
688 2389 816 2456 felicem
829 2393 898 2456 eius
911 2393 1034 2458 exitum
1057 2393 1319 2484 consequendum
1336 2395 1401 2460 exi·

69 2499 270 2564 stimavimus
291 2497 461 2584 pertinere,
490 2496 535 2560 ita
556 2503 592 2559 ut
613 2495 802 2582 postpositis
825 2495 1026 2580 gravissimis
1047 2519 1220 2584 regnorum
1244 2505 1276 2562 ot
1298 2495 1397 2563 domi·

68 2601 194 2668 nicrum
216 2609 402 2667 nostrorum
424 2599 578 2686 negociis,
602 2619 738 2684 quorum
762 2619 862 2662 eausa
884 2607 1099 2666 statueramus
1121 2600 1197 2666 hine
1220 2601 1307 2666 cirea
1334 2622 1399 2665 me·

70 2702 154 2770 diam
178 2703 471 2789 Quadrageaimam
493 2699 546 2766 vel
569 2698 683 2766 saltem
706 2723 783 2766 mox
805 2723 827 2763 a
847 2711 982 2788 peracta
1002 2703 1176 2770 festivitate
1191 2702 1354 2790 paschalis
1369 2705 1403 2770 in

70 2807 316 2875 archiducatnm
345 2815 491 2872 nostrum
518 2804 671 2871 Austriae
699 2802 823 2887 redire,
851 2827 916 2870 non
943 2809 1073 2892 gravati
1100 2807 1255 2873 fuerimus
1285 2807 1403 2874 diutius

71 2933 166 2997 qnam
188 2913 390 2999 privatarum
411 2931 519 2974 rerum
542 2917 725 2974 nostrarum
747 2915 850 2974 statiis
877 2907 1065 3006 postulabat
1093 2909 1146 2976 hio
1175 2908 1349 2976 subsistere
1372 2920 1404 2976 et

71 3013 247 3081 adventum
269 3013 324 3078 R*
346 3009 382 3078 C.
406 3012 532 3076 Moroni
554 3020 739 3098 expectare,
763 3020 799 3076 ut
820 3013 847 3076 si
869 3011 938 3077 fieri
962 3021 1071 3100 posset
1092 3023 1204 3081 nostra
1218 3015 1403 3100 praesentia

71 3117 236 3182 turbatum
259 3112 496 3204 quodammodo
519 3115 554 3180 in
576 3113 712 3179 concilio
747 3113 893 3180 ordinem
919 3115 1118 3202 procedendi
1147 3119 1182 3181 in
1205 3115 1347 3182 debitam
1370 3127 1402 3182 et

71 3229 192 3286 rectam
215 3220 301 3284 viam
323 3218 470 3304 redigere
493 3217 732 3300 adiuvaremus,
755 3226 852 3303 prout
873 3219 972 3282 etiam
987 3218 1178 3284 Tridentum
1199 3241 1304 3307 nsque
1319 3219 1403 3286 hanc

73 3322 112 3389 ob
144 3345 280 3391 causam
307 3323 511 3410 progressuri
541 3320 727 3398 fuissemus,
767 3321 794 3385 si
828 3341 971 3386 summus
999 3321 1146 3409 pontifex
1167 3321 1273 3388 isthuc
1294 3324 1405 3388 venire

73 3427 238 3492 voluisset
263 3425 321 3492 sed
342 3448 429 3492 nunc
451 3422 639 3510 magnitudo
661 3424 870 3510 negociorum
893 3446 977 3510 quae
999 3423 1092 3490 nobis
1107 3427 1140 3489 in
1155 3425 1263 3511 regnis
1280 3433 1312 3492 et
1326 3448 1401 3513 pro·

74 3530 312 3597 vinciisnostris
319 3527 445 3615 agenda
457 3525 655 3608 incumbunt,
667 3527 700 3590 in
710 3525 778 3591 dies
790 3527 895 3612 magis
907 3529 1075 3614 magisque
1088 3537 1119 3592 et
1127 3536 1252 3592 tantum
1264 3527 1403 3617 denique

74 3633 209 3699 invaluit
223 3643 259 3698 ut
272 3632 451 3719 longiorem
466 3640 610 3697 nostram
626 3629 805 3694 absentiam
820 3627 908 3694 nullo
923 3639 1019 3716 pacto
1035 3631 1119 3696 ferre
1136 3637 1242 3718 queat,
1260 3632 1402 3720 quando·
1464 3637 1466 3642 ’

74 3737 214 3824 quidem,
238 3737 331 3802 sicuti
353 3745 389 3802 tu
412 3731 768 3822 Quinqueecolesiensis
798 3733 853 3818 qui
882 3755 990 3797 rerum
1019 3734 1282 3820 Hungaricarum
1303 3736 1405 3802 maxi-

75 3861 162 3908 mum
185 3863 280 3908 usum
301 3849 393 3906 tenes
416 3861 481 3905 non
503 3839 648 3924 ignoras,
673 3846 850 3903 conventus
870 3837 1075 3923 regninostri
1090 3838 1280 3924 Hungariae
1301 3861 1407 3926 neque

74 3941 201 4030 longius
224 3942 345 4010 differri
360 3965 465 4031 neque
480 3941 573 4006 nobis
590 3939 777 4006 absentibus
793 3949 925 4026 propter
940 3941 1099 4006 maximas
1116 3963 1231 4006 causas
1247 3939 1404 4007 celebrari

75 4057 189 4131 potest.
213 4068 309 4134 quem
332 4054 527 4112 conventum
549 4066 626 4108 mox
648 4043 830 4108 necessario
861 4043 953 4130 sequi
975 4042 1140 4110 debebunt
1163 4044 1292 4110 comitia
1314 4045 1405 4132 regni

75 4153 175 4216 nostri
202 4148 378 4216 Bobemiae
401 4158 433 4213 et
461 4169 661 4212 annexarum
688 4145 927 4233 provinciarum
960 4155 992 4210 et
1014 4146 1153 4234 denique
1179 4145 1405 4213 archiduoatus

77 4256 179 4319 nostri
201 4253 354 4319 Austriae
382 4261 414 4318 et
441 4249 639 4338 reliquarum
667 4249 852 4314 inferiorum
880 4249 1121 4334 provinciarum
1148 4249 1405 4334 Austriaoarum,

78 4375 160 4441 quae
183 4357 319 4444 etipsa,
342 4355 369 4419 si
391 4354 531 4420 fructum
553 4375 595 4418 ex
617 4350 680 4416 illis
703 4373 819 4438 capere
842 4350 994 4434 velimus,
1023 4361 1167 4416 nostram
1188 4355 1405 4438 praesentiam

78 4461 253 4546 requirunt.
283 4458 310 4522 si
334 4479 473 4544 namque
497 4454 574 4522 dicti
597 4464 773 4521 conventus
795 4476 861 4518 non
882 4454 996 4520 fierent
1018 4453 1127 4520 debito
1150 4464 1309 4544 tempore,
1333 4458 1406 4525 sub·

80 4561 163 4628 sidia
185 4585 269 4650 quae
291 4560 448 4628 hactenus
477 4583 497 4624 a
518 4557 664 4646 pluribus
692 4559 784 4622 annis
811 4556 924 4624 fideles
952 4557 999 4622 illi
1025 4555 1207 4644 regnicolae
1230 4569 1263 4625 et
1285 4559 1405 4628 subditi

81 4667 180 4731 nostri
203 4664 245 4730 ad
269 4664 489 4730 defensionem
512 4685 551 4728 ao
573 4663 852 4728 conservationem
866 4661 978 4726 finium
992 4663 1084 4748 regni
1099 4663 1200 4728 nostri
1215 4663 1405 4750 Hungariae

82 4764 216 4834 fideliter
239 4776 271 4834 et
292 4766 480 4834 obedienter
502 4765 679 4849 conferunt,
704 4765 850 4853 protinus
872 4763 993 4852 ubique
1008 4775 1179 4846 cessarent,
1203 4767 1406 4834 cessantibus

83 4883 188 4939 autem
211 4871 501 4940 contributionibus
524 4881 555 4936 et
577 4869 744 4952 subsidiis,
773 4871 845 4957 quis
867 4890 932 4935 non
954 4868 1045 4936 videt
1065 4893 1143 4936 mox
1165 4871 1263 4935 etiam
1285 4870 1404 4956 praesi-

84 4971 136 5040 dia
156 4975 292 5042 finitima
314 4974 482 5062 quaeinde
504 4974 634 5042 aluntur
656 4973 820 5064 dilapsura
842 4982 875 5042 et
895 4993 954 5060 per
980 4995 1180 5064 consequens
1205 4973 1313 5040 anemo
1328 4970 1405 5040 belli
