3450 5818
328 477 390 544 34²

327 689 438 732 eorum
467 667 539 730 ΒΜ·
562 667 654 732 vobis
683 666 862 734 oratoribus
889 667 1008 734 nostris
1041 667 1083 732 ad
1105 666 1360 734 honestissimam
1385 665 1574 754 petitionem
1596 689 1652 731 no·

328 779 427 835 stram
456 769 496 834 de
531 770 739 836 ommittenda
772 793 927 859 expressa
955 773 1201 838 continuationis
1230 773 1398 849 mentione,
1426 793 1466 836 ac
1496 769 1652 836 lubentis-

330 874 411 938 simo
435 872 564 960 quidem
585 873 832 962 gratissimoque
859 875 964 939 animo
986 875 1149 940 audivisse
1172 874 1260 961 quod
1281 873 1348 940 8⁸¹·
1369 873 1411 939 D.
1434 873 1473 938 N.
1496 873 1558 938 hoc
1581 873 1651 936 uni·

330 999 457 1041 versum
480 977 648 1062 negocium
671 975 917 1062 prudentissimo
936 987 1038 1064 atque
1060 977 1265 1064 integerrimo
1288 977 1429 1064 ipsorum
1448 973 1651 1062 R¹²⁰¹⁸¹lega

332 1089 436 1145 torum
454 1079 574 1144 iudicio
591 1089 623 1144 et
637 1078 768 1145 arbitrio
790 1079 929 1168 benigne
952 1081 1117 1146 remiserit.
1140 1078 1219 1146 illud
1235 1089 1341 1146 tamen
1364 1103 1464 1166 grave
1480 1077 1576 1145 nobis
1600 1101 1652 1142 ac·

332 1181 448 1246 cidisse
464 1191 496 1246 et
517 1205 575 1268 per
587 1205 620 1246 se
634 1192 700 1248 tam
715 1181 845 1248 difficile
859 1206 929 1248 esse
943 1194 979 1249 ut
991 1181 1078 1250 nullo
1090 1183 1185 1249 modo
1200 1183 1270 1249 fieri
1285 1206 1380 1270 posse
1392 1183 1548 1260 videatur,
1563 1181 1652 1270 quod

325 1285 448 1350 scilicet
477 1285 532 1349 R¹¹²¹
555 1285 590 1350 C.
614 1284 712 1372 legati
740 1295 854 1374 putant
883 1309 943 1353 nos
973 1287 1013 1354 de
1041 1285 1102 1354 hoc
1130 1287 1379 1353 continuationis
1409 1289 1543 1372 negocio
1576 1309 1650 1350 cum

325 1388 486 1454 antedicto
510 1387 601 1454 Serml
626 1387 733 1455 Cath'⁰
755 1411 832 1475 rege
855 1392 1033 1477 transigere
1056 1389 1175 1456 debere
1195 1389 1293 1479 idque
1314 1391 1399 1454 iutra
1414 1389 1499 1454 diem
1520 1390 1562 1454 16
1578 1411 1651 1477 pro·

324 1492 404 1557 ximi
427 1492 589 1580 sequentis
612 1495 730 1559 mensis
745 1493 823 1560 Julii
840 1544 848 1558 .
865 1543 872 1558 .
891 1543 898 1558 .
922 1495 1077 1580 temporis
1092 1495 1178 1560 enim
1189 1493 1379 1559 brevitatem
1395 1491 1429 1557 id
1442 1514 1651 1580 nequaquam

325 1596 539 1681 permittere.
564 1643 571 1658 .
595 1645 603 1660 .
631 1595 747 1662 deinde
776 1596 871 1663 valde
894 1597 1009 1663 durum
1030 1595 1123 1662 nobis
1144 1595 1264 1679 videri,
1291 1595 1378 1684 quod
1409 1595 1443 1660 in
1465 1593 1649 1659 huiusmodi

321 1698 451 1783 negotio
479 1719 566 1764 mere
594 1697 723 1785 publico
754 1710 786 1765 et
813 1703 932 1788 inquo
960 1700 1074 1788 procul
1096 1698 1193 1766 dubio
1214 1721 1274 1765 nos
1302 1709 1335 1765 et
1355 1699 1441 1765 idem
1464 1695 1568 1763 sman-
1592 1719 1649 1762 rex

322 1799 461 1881 (lathffl',
492 1802 520 1865 si
547 1803 712 1890 utriusque
742 1805 867 1868 animus
900 1803 1133 1882 consideratur,
1164 1804 1197 1868 in
1225 1803 1341 1868 effectu
1374 1801 1458 1867 idem
1492 1801 1648 1866 sentimus

321 1903 416 1969 etad
439 1902 575 1970 eundem
602 1905 698 1970 finem
721 1907 890 1990 tendimus,
920 1906 1095 1973 debeamus
1123 1905 1300 1972 advemarii
1322 1925 1492 1994 personam
1512 1903 1648 1967 induere

321 2015 433 2072 contra
467 2005 565 2072 sert*
591 2011 678 2092 eius,
708 2031 805 2097 quam
834 2010 913 2075 alias
941 2013 1053 2076 merito
1083 2033 1122 2076 ac
1153 2012 1222 2076 iure
1254 2009 1325 2075 looo
1360 2006 1560 2074 dilectissimi
1593 2005 1646 2070 filii

320 2108 491 2196 habemus3
522 2111 600 2198 quin
629 2113 693 2178 imo
722 2113 820 2178 etiam
847 2113 875 2178 si
903 2123 991 2182 certa
1017 2135 1091 2202 spes
1120 2121 1204 2178 esset
1225 2113 1287 2178 hac
1308 2111 1348 2177 de
1370 2133 1405 2176 re
1427 2111 1511 2175 inter
1533 2131 1595 2176 nos
1617 2119 1646 2174 et

321 2211 420 2278 ser·-
447 2215 516 2279 eius
544 2215 666 2301 regiam
689 2215 782 2282 facile
804 2217 938 2303 transigi
960 2238 1070 2304 posse,
1098 2216 1139 2282 de
1161 2237 1224 2304 quo
1252 2217 1381 2281 minime
1409 2215 1557 2302 prolecto
1580 2235 1641 2276 am·

320 2315 470 2403 bigimus,
492 2327 600 2382 tamen
629 2317 716 2384 hand
746 2320 792 2383 ita
819 2318 914 2384 facile
935 2321 1106 2385 aestimatu
1134 2341 1205 2384 esse
1232 2329 1337 2386 utrum
1365 2318 1401 2383 id
1430 2315 1484 2382 alii
1512 2339 1642 2405 quoque

322 2417 487 2486 christiani
514 2421 603 2488 orbis
625 2445 717 2508 reges
749 2445 789 2487 ac
810 2425 971 2510 principes
994 2423 1160 2510 probaturi
1182 2423 1255 2506 sint,
1285 2421 1371 2508 quod
1398 2443 1450 2488 res
1471 2422 1555 2486 tanti
1580 2441 1643 2484 mo-

321 2525 419 2589 menti
447 2531 544 2612 atque
574 2525 655 2591 adeo
684 2527 762 2613 ipsis
789 2521 937 2592 omnibns
964 2535 996 2592 et
1024 2527 1082 2591 toti
1109 2525 1306 2613 reipublicae
1334 2524 1441 2591 Chr*
1464 2523 1642 2590 communis

321 2625 363 2690 ab
385 2626 581 2693 eiuscemodi
602 2637 712 2694 nostra
734 2627 876 2717 dictique
892 2627 978 2695 Ser²¹¹
993 2632 1118 2718 nepotis
1134 2631 1234 2696 nostri
1249 2631 1335 2718 regis
1351 2627 1454 2696 (leth⁶¹
1471 2625 1642 2693 concordia

321 2737 354 2796 st
368 2733 597 2816 compositione
614 2729 798 2818 dependere
813 2732 940 2800 debeat.
964 2732 1102 2820 ideoque
1117 2757 1175 2799 nos
1190 2757 1210 2798 a
1224 2733 1376 2820 praefatis
1392 2731 1458 2796 R¹²¹¹
1475 2731 1510 2798 Ο.
1526 2730 1641 2818 legatis

320 2833 423 2900 amice
446 2857 486 2900 ae
507 2834 665 2902 benevole
687 2846 812 2923 petere,
834 2845 871 2900 ut
892 2837 1021 2924 ipsimet
1041 2835 1143 2902 velint
1165 2857 1295 2923 operam
1317 2857 1408 2900 suam
1436 2835 1640 2922 interponere

321 2945 353 3001 et
376 2959 448 3002 eum
470 2935 624 3025 praelatis
646 2938 801 3025 Hispanis
823 2949 974 3012 tractare,
996 2941 1185 3026 praesertim
1209 2961 1281 3006 cum
1296 2961 1428 3027 prorsus
1444 2938 1640 3004 confidamus

322 3059 378 3104 eos
400 3041 432 3104 in
455 3039 518 3111 hoo
538 3043 787 3108 continuationis
809 3045 943 3130 negocio
965 3043 1102 3130 posthac
1124 3042 1164 3108 de
1185 3043 1320 3130 pristina
1331 3043 1575 3130 perseverantia
1589 3039 1639 3104 ali-

321 3143 400 3230 quid
421 3146 610 3211 remissuros
640 3169 721 3228 esse,
751 3149 841 3212 cuius
864 3149 911 3212 rei
940 3168 1005 3213 non
1027 3146 1130 3214 levem
1153 3169 1243 3235 spem
1265 3146 1359 3212 nobis
1382 3147 1538 3212 excitavit
1559 3143 1638 3210 Ill¹²⁸⁸

319 3267 426 3313 comes
450 3246 490 3312 de
511 3247 616 3332 Luna,
645 3251 699 3337 qui
720 3271 785 3316 uon
808 3250 910 3316 solum
932 3249 976 3316 ad
996 3247 1273 3339 archiepiscopum
1289 3250 1525 3316 Granatensem
1548 3244 1638 3314 etad

319 3348 399 3415 alios
421 3373 499 3416 suae
520 3352 659 3418 nationis
680 3352 842 3439 praelatos
863 3353 1010 3420 Tridenti
1032 3354 1217 3434 existentes,
1239 3355 1466 3420 verumetiam
1481 3349 1636 3438 adipsum

318 3473 428 3540 regem
450 3453 577 3520 Gathm
600 3477 697 3543 qoam
719 3458 959 3522 accuratissime
982 3459 1118 3544 scripsit.
1153 3459 1204 3522 sin
1226 3467 1334 3523 antem
1354 3455 1412 3522 Pt·
1435 3477 1547 3522 eorum
1569 3455 1636 3519 R*

319 3555 353 3620 id
374 3559 480 3622 minus
504 3555 565 3622 sibi
587 3579 810 3624 successurum
833 3561 1042 3646 speraverint,
1067 3557 1180 3626 saltem
1202 3561 1391 3627 auctoritate
1413 3581 1473 3625 sua
1487 3559 1636 3624 audacter

202 3659 208 3674 “
317 3661 459 3724 nitantur
480 3682 578 3748 quam
599 3659 720 3728 habent
741 3663 775 3727 in
796 3661 858 3728 hac
879 3673 972 3751 parte
993 3685 1014 3728 a
1036 3685 1160 3731 summo
1181 3663 1341 3749 pontifice,
1365 3671 1400 3727 ut
1414 3662 1546 3728 tandem
1560 3660 1635 3725 haec

319 3761 431 3830 odiosa
458 3766 601 3852 quaestio
631 3767 758 3830 omnino
785 3764 958 3853 sepeliatur
985 3777 1017 3832 et
1038 3777 1249 3854 posteaquam
1271 3765 1360 3831 bulla
1389 3765 1484 3831 huius
1514 3761 1634 3831 concilii

317 3875 453 3954 utroque
481 3866 576 3933 modo
604 3866 740 3954 intelligi
770 3877 876 3955 potest
902 3893 1007 3958 neque
1034 3871 1069 3935 id
1091 3872 1161 3935 sine
1183 3869 1330 3956 diligenti
1350 3868 1630 3956 praemeditatione

316 3968 438 4036 iactum
461 3971 511 4052 sit,
533 3971 735 4056 permittatur
755 3973 929 4061 unicuique
950 3982 987 4038 ut
1009 3983 1142 4040 eatenus
1163 3975 1197 4040 in
1220 3993 1388 4040 sensusne
1405 3971 1631 4057 abundetqna·

316 4083 409 4139 tenus
430 4073 617 4140 auferantur
638 4073 768 4140 odiosae
791 4077 963 4144 verborum
985 4099 1113 4164 pugnae
1136 4087 1169 4143 et
1188 4077 1246 4143 fiat
1267 4078 1313 4143 rei
1342 4077 1443 4164 ipsius
1456 4073 1631 4164 prosecutio

207 4231 208 4235 ,
315 4198 356 4242 ao
377 4185 466 4242 tanto
488 4178 592 4264 magis
615 4177 702 4265 quod
724 4180 788 4244 iam
809 4179 1095 4264 manifestum'est‚
1118 4178 1151 4244 id
1174 4179 1261 4268 quod
1275 4201 1334 4246 nos
1349 4202 1477 4267 semper
1497 4179 1630 4244 mmmm

317 4280 580 4362 existimavimus,
604 4278 765 4346 Gallicam
786 4285 949 4350 nationem
963 4283 1005 4350 ab
1021 4283 1242 4350 huiuscemodi
1258 4282 1387 4350 concilii
1401 4283 1630 4348 continuatione

316 4381 523 4448 vehementer
543 4382 725 4451 abhorrere.

417 4483 478 4552 His
500 4487 545 4551 ita
565 4489 765 4577 praepositis,
788 4489 815 4552 si
837 4492 999 4557 senseritis
1021 4490 1073 4558 vel
1095 4489 1217 4580 legatos
1239 4493 1326 4579 ipsos
1339 4492 1372 4555 in
1387 4487 1553 4577 haeparte
1566 4505 1627 4576 per·

316 4613 351 4656 se
374 4611 444 4656 esse
467 4588 611 4656 duriores
633 4591 686 4656 vel
708 4590 822 4656 saltem
844 4592 902 4656 1²²⁶·
932 4616 1042 4660 eorum
1064 4595 1135 4660 Ru·
1154 4589 1309 4683 Hispanis
1326 4595 1488 4660 diversum
1503 4593 1627 4659 sentien·

316 4693 402 4759 tibus
423 4690 508 4758 nolle
523 4692 687 4780 refragari,
710 4693 859 4760 volumus
879 4719 918 4762 ao
933 4697 1080 4763 iubemus
1095 4707 1131 4763 ut
1146 4697 1320 4763 secundnm
1336 4707 1477 4764 tenorem
1490 4699 1620 4782 priorum

315 4795 540 4862 mandatorum
561 4806 743 4862 nostrorum
765 4797 913 4864 omnibus
936 4800 1039 4866 modis
1062 4797 1234 4867 elaboretis
1250 4821 1288 4866 ac
1303 4802 1457 4888 perficere
1473 4799 1623 4876 studeatis,

315 4909 351 4964 ut
372 4899 454 4964 haec
482 4905 549 4962 tam
571 4896 683 4964 odiosa
712 4910 744 4966 et
766 4901 793 4966 si
816 4900 923 4967 dicere
944 4903 993 4968 ias
1015 4913 1065 4970 est
1085 4903 1201 4970 frivola
1223 4905 1443 4971 controversia
1472 4897 1623 4992 usquead

315 5002 411 5068 finem
434 5000 562 5067 concilii
583 5002 807 5089 suspendatur,
832 5015 994 5090 postremo
1018 5007 1046 5072 si
1067 5009 1197 5073 tentatis
1220 5006 1366 5074 omnibus
1388 5005 1467 5076 nihil
1490 5009 1623 5094 impetra
