3468 5820
1357 545 1414 610 m

90 735 164 825 quid
188 735 244 802 8⁸·
265 757 324 801 sua
347 735 408 802 sibi
430 735 518 816 velit,
541 757 647 824 neque
668 737 754 801 enirn
770 736 955 822 rogavimus
971 733 1035 800 Sa.
1053 733 1086 801 S.
1102 744 1138 800 ut
1152 731 1246 800 nobis
1262 743 1318 798 aut
1331 733 1418 820 prin·

90 843 150 928 cipi
173 838 269 906 alicui
293 839 451 905 concedat
467 841 517 903 ius
532 837 719 904 nominandi
736 841 906 926 episcopos
921 838 1006 904 ultra
1020 839 1071 904 ius
1086 835 1165 904 illud
1191 837 1418 902 nominationis

90 943 173 1030 quod
197 943 261 1009 iam
284 952 380 1010 antea
402 943 444 1006 ad
468 942 626 1030 quasdam
650 941 804 1008 ecclesias
827 939 1021 1025 obtinemus,
1054 943 1132 1030 quin
1161 963 1202 1008 ne
1224 942 1258 1006 in
1279 949 1420 1006 mentem

89 1045 219 1134 quidem
247 1046 342 1114 nobis
372 1068 518 1133 unquam
551 1046 640 1110 venit
667 1042 863 1110 eiuscemodi
892 1046 1057 1132 quippiam
1080 1067 1100 1110 a
1122 1043 1166 1110 8²·
1189 1042 1222 1110 S.
1244 1044 1419 1131 requirere,

89 1149 164 1238 quia
201 1171 266 1216 non
295 1148 455 1216 ambimus
485 1147 680 1214 eiuscemodi
711 1147 849 1213 honores
878 1147 997 1236 quibus
1026 1145 1255 1213 conscientiam
1285 1168 1419 1214 onerare

89 1275 220 1320 necesse
245 1255 294 1337 sit,
318 1275 423 1340 neque
446 1253 544 1318 etiam
567 1253 748 1338 cogitamus
770 1262 920 1317 auctores
944 1273 1016 1318 esse
1038 1262 1075 1316 nt
1097 1252 1248 1339 cuiquam
1271 1253 1321 1316 ius
1338 1251 1419 1317 elec-

87 1359 182 1422 tionis
216 1357 361 1423 debiturn
384 1354 562 1437 auferatur,
592 1353 808 1442 intelligentes
839 1354 902 1420 boc
930 1377 1113 1442 repugnare
1136 1353 1340 1422 concordatis
1362 1377 1419 1420 na·

87 1461 163 1524 tioni
193 1460 411 1526 Germanicae
434 1480 507 1524 cum
530 1458 608 1523 sede
630 1457 811 1544 apostolica
839 1457 1127 1542 intercedentibus,
1157 1481 1241 1548 quae
1270 1480 1329 1524 nos
1359 1479 1419 1546 pro

88 1566 212 1630 ratione
227 1563 370 1630 muneris
385 1562 486 1628 nostri
503 1563 644 1626 caesarei
666 1583 732 1627 non
749 1564 928 1648 cogitamus
951 1561 1073 1629 violare
1088 1571 1144 1628 ant
1161 1561 1345 1649 intringere,
1362 1560 1419 1626 sed

88 1670 196 1754 potins
217 1668 301 1732 tueri
324 1687 517 1732 conservare
529 1687 568 1730 ac
580 1673 796 1730 manutenere.
813 1676 845 1729 et
860 1675 896 1728 ut
910 1664 969 1729 tibi
984 1673 1141 1753 tauquam
1155 1665 1221 1730 fido
1234 1664 1419 1732 consiliario

89 1781 199 1835 nostro
228 1793 296 1834 rem
320 1768 438 1834 clarius
461 1767 677 1854 explicemus,
708 1767 768 1832 fuit
796 1769 828 1832 in
857 1767 958 1834 literis
985 1769 1105 1834 nostris
1127 1770 1353 1835 semotioribus
1377 1767 1419 1854 ad

88 1897 249 1939 summurn
272 1873 457 1962 pontificem
479 1874 500 1938 3
523 1871 632 1936 Martii
657 1870 739 1936 datis
763 1871 918 1937 articulus
942 1871 1072 1959 quidem
1086 1871 1338 1959 comprehensus
1354 1895 1418 1960 quo

88 1978 412 2044 commemoravimus
446 1976 728 2064 pernitiosissimos
762 1974 883 2039 abusus
918 1978 972 2062 qui
1006 1973 1087 2040 fiunt
1119 1975 1182 2041 hoc
1211 1986 1356 2062 tempore
1386 1978 1418 2042 in

89 2081 303 2148 electionibus
326 2079 642 2168 archiepiscoporum
664 2090 697 2144 et
718 2078 1001 2166 praelatorum...

646 2311 848 2322 ——...-.....-..

619 2561 890 2650 CCXLVIII.

81 2782 240 2858 Articuli
269 2801 367 2879 quos
396 2779 438 2856 0.
472 2779 543 2854 Μ“··
574 2779 765 2879 theologis
793 2783 875 2856 suis
903 2781 1102 2878 proposuit
1128 2781 1417 2880 deliberandam

641 2945 676 2996 ar
693 2942 787 3010 spru
807 2945 896 2994 msa

587 3121 767 3180 mucan.
795 3121 936 3196 Oripinal.

188 3321 204 3386 l
229 3318 327 3403 Quod
348 3319 525 3386 remedium
549 3319 778 3400 adhibendum,
802 3330 838 3386 ιιι
859 3330 1024 3386 resecetur
1053 3321 1222 3408 prolixitas
1250 3323 1283 3388 in
1305 3324 1416 3390 suffra·

84 3425 145 3509 giis
172 3422 313 3488 ferendis
337 3445 403 3510 qua
424 3433 557 3488 utuntur
578 3431 688 3511 patres
711 3433 743 3488 et
765 3423 907 3510 theologi
923 3426 955 3488 in
971 3422 1117 3490 concilio.
1142 3463 1181 3474 --
1205 3425 1238 3490 II
1254 3427 1416 3514 quomodo

86 3525 268 3592 curandum
290 3537 327 3592 ut
349 3525 462 3592 eadem
486 3527 639 3612 suffragia
662 3528 726 3591 sint
748 3526 849 3592 libera
871 3549 932 3592 nec
955 3528 997 3592 ad
1019 3551 1133 3615 regum
1155 3529 1208 3595 vel
1232 3533 1413 3617 principum

86 3641 202 3696 nutum
224 3631 366 3695 astricta.
394 3670 428 3679 -
454 3629 505 3694 Ill
529 3629 616 3718 quod
638 3629 823 3695 reformatio
846 3641 912 3695 tam
934 3653 1092 3720 personae
1122 3632 1283 3720 pontificis
1319 3657 1415 3722 quam

86 3735 199 3800 curiae
221 3731 396 3816 Romanae,
420 3731 603 3820 specialiter
626 3745 780 3822 quantum
804 3733 847 3800 ad
871 3734 1026 3801 conclave
1049 3736 1237 3822 pontificum
1266 3748 1298 3803 et
1325 3760 1415 3804 crea-

85 3838 207 3904 tionem
231 3835 442 3903 cardinalium
467 3837 588 3918 attinet,
612 3835 672 3904 soli
695 3836 734 3902 S‘¹
756 3835 789 3902 S.
814 3839 854 3902 sit
876 3837 1092 3925 permittenda
1112 3861 1174 3906 nec
1189 3839 1359 3906 concilium
1376 3840 1416 3906 de

85 3965 123 4005 ea
146 3963 183 4004 se
206 3940 364 4028 impedire
386 3939 513 4005 debeat.
536 3977 578 3988 —-
601 3941 649 4006 lV
671 3940 758 4028 quod
781 3942 1003 4007 controversia
1025 3941 1066 4007 de
1088 3943 1264 4010 residentia
1293 3947 1415 4032 episco-

85 4065 217 4130 porum,
251 4053 358 4108 utrum
381 4045 460 4108 iuris
488 4043 588 4108 divini
617 4044 720 4109 sitan
744 4065 824 4128 non,
856 4043 919 4110 hoc
947 4054 1092 4132 tempore
1122 4046 1354 4113 dissimulanda
1386 4060 1417 4114 ct

85 4147 171 4234 quod
196 4147 335 4213 sufficiat
358 4149 455 4212 statui
478 4155 513 4212 ut
535 4147 679 4236 episcopi
703 4149 831 4214 omnino
855 4147 1026 4214 resideant
1050 4187 1090 4195 -
1115 4149 1247 4237 unod
1267 4150 1412 4217 clausula

83 4249 138 4316 illa
149 4251 247 4338 primi
271 4251 391 4316 decreti
415 4250 606 4329 concilieris,
630 4251 780 4318 videlicet
802 4252 1056 4339 proponentibus
1078 4252 1203 4340 legatis,
1219 4254 1410 4322 inconvulsa

83 4369 223 4438 maneat,
247 4365 280 4420 et
300 4355 389 4443 quod
412 4353 617 4420 nihilominus
639 4352 681 4419 ad
703 4356 936 4422 contestandos
959 4357 992 4421 in
1014 4355 1077 4422 hac
1099 4379 1134 4422 re
1155 4359 1319 4445 principes
1342 4381 1411 4426 sae·

83 4458 209 4524 eulares
231 4457 311 4524 illud
333 4459 475 4523 medium
497 4459 679 4523 inveniatur
701 4469 751 4541 ut,
787 4461 814 4523 si
841 4459 920 4547 quid
953 4461 1015 4546 ipsi
1048 4461 1168 4527 habent
1196 4462 1284 4549 quod
1311 4462 1411 4530 velint

83 4585 271 4652 proponere,
294 4561 328 4626 id
342 4583 403 4648 per
416 4561 555 4627 medium
571 4561 749 4650 legatorum
766 4561 896 4647 iaciant,
920 4564 966 4628 eis
981 4587 1058 4630 vero
1074 4563 1326 4631 detractantibus
1349 4570 1410 4655 ipsi

83 4689 140 4752 per·
163 4690 198 4732 se
221 4667 328 4732 facere
350 4667 485 4754 possint.
510 4703 550 4712 -
572 4665 621 4730 VI
644 4665 851 4752 cogitandum
874 4688 944 4732 esse
973 4667 1133 4755 quomodo
1164 4668 1310 4735 ecclesiis
1338 4693 1410 4758 pro·

83 4767 258 4836 videndum
292 4771 347 4852 sit,
382 4779 417 4834 ut
439 4767 553 4834 electio
584 4768 637 4834 vel
668 4771 841 4834 nominatio
864 4772 1090 4858 episcoporum
1119 4792 1184 4836 non
1207 4771 1262 4838 list
1284 4773 1345 4838 nisi
1368 4773 1410 4840 de

84 4874 230 4956 personis
252 4876 391 4940 maxime
413 4873 548 4939 idoneis.
574 4911 609 4920 -
636 4871 700 4938 Vll
724 4872 857 4938 dubium
881 4897 952 4940 esse
975 4885 1081 4941 utrum
1098 4875 1252 4963 expediat
1268 4875 1411 4962 capitula

86 4975 294 5042 ecclesiarum
317 4999 339 5042 a
359 4976 580 5042 iurisdictione
604 4975 837 5043 ordinariorum
861 4987 1010 5064 exempta
1036 5003 1076 5044 an
1091 4981 1200 5066 potius
1216 4979 1320 5045 eidem
1336 4979 1409 5044 sub-

85 5079 168 5146 iecta
180 5099 261 5146 esse.
275 5115 313 5129 ··-
333 5077 414 5146 Vssl
430 5079 508 5170 quid
523 5079 698 5146 tenendum
714 5080 754 5144 de
769 5079 824 5147 illo
841 5081 963 5147 difficili
978 5082 1123 5168 articulo,
1146 5093 1251 5148 utrum
1267 5105 1354 5170 papa
1369 5083 1409 5154 sit

1257 5188 1307 5242 82*
