3468 5820
80 716 147 784 talia
166 717 368 786 mdceremus
400 724 436 780 ut
464 713 561 780 alicui
582 711 720 780 liliorum
741 719 922 778 neruorum
943 733 1078 799 regnum
1109 709 1189 777 illud
1215 731 1274 798 per
1300 712 1379 778 eius·

79 820 154 886 modi
173 821 242 885 vias
263 819 435 884 indirectas
459 818 709 904 acquiremus,
743 816 775 880 in
803 833 866 903 quo
894 824 1002 880 tamen
1034 816 1127 881 sicuti
1148 837 1267 901 magna
1287 814 1380 880 nobis

79 923 157 988 fieret
176 923 300 1003 iniuria,
321 919 368 986 ita
388 923 485 986 etism
506 917 662 984 vellemus
685 917 726 983 ab
747 917 926 984 istiusmodi
948 919 1129 1006 suspicione
1157 939 1289 1005 prorsus
1312 940 1382 984 esse

78 1023 168 1091 liberi.
193 1033 335 1091 ceterum
357 1025 441 1089 hanc
462 1031 604 1088 nostram
627 1023 817 1088 sententiam
846 1020 994 1088 volumus
1020 1029 1056 1086 ut
1084 1022 1180 1087 etiam
1207 1023 1382 1086 commuui-

79 1130 148 1196 cetis
169 1151 242 1196 cum
266 1125 452 1216 supradicto
475 1123 522 1192 ΠΙΙ
560 1125 675 1193 comite
697 1123 738 1192 de
759 1123 926 1192 Luna...
949 1134 982 1190 et
1000 1125 1145 1212 inprimis
1167 1146 1240 1189 cum
1261 1124 1322 1188 1³⁰⁰
1347 1123 1383 1190 0.

80 1231 280 1320 Letharingo,
303 1231 356 1298 cui
378 1230 547 1316 diligenter
568 1228 692 1296 debetis
714 1228 875 1294 inculcare
898 1251 994 1317 quam
1015 1230 1221 1315 inexpectata
1247 1234 1280 1292 et
1311 1251 1383 1295 mo-

78 1336 151 1402 lesta
176 1336 271 1404 nobis
301 1335 382 1402 baec
408 1357 460 1400 res
488 1333 660 1418 acciderit,
688 1355 729 1398 ne
756 1333 837 1399 sorte
866 1333 924 1398 ΡΝ
949 1334 1017 1398 eius
1038 1333 1099 1398 ΒΜ
1120 1333 1299 1418 suspicetur
1325 1353 1384 1396 nos

76 1439 145 1506 talia
166 1428 367 1506 clandestina
389 1436 522 1504 conside
542 1439 679 1523 agitare,
711 1436 768 1501 sed
796 1438 875 1501 sciat
901 1457 959 1501 nos
994 1433 1034 1500 ab
1064 1437 1109 1501 eis
1136 1434 1233 1523 plane
1261 1433 1383 1502 alienos

79 1563 142 1610 esse

202 1731 252 1784 Iob
281 1731 343 1799 fuge
369 1730 427 1781 bier
452 1727 538 1796 gleich
565 1729 630 1780 awei
657 1730 762 1779 weitere
790 1729 951 1796 Weieungen
973 1744 1007 1780 an
1030 1729 1072 1780 die
1095 1729 1311 1782 Conciloratoreu
1334 1729 1386 1780 bei.

136 1817 185 1870 Am
204 1821 236 1870 21
256 1813 321 1870 Juni
339 1817 470 1886 (Concept
488 1813 562 1880 ibid.)
581 1815 682 1866 scbrieb
701 1813 780 1866 ihnen
797 1815 960 1868 Perdinaud:
1063 1815 1118 1867 Vos
1136 1817 1260 1867 certiores
1277 1815 1387 1867 iacimus

136 1903 269 1971 appulisse
286 1903 339 1955 buc
357 1909 486 1956 oratorem
511 1903 579 1968 regis
598 1899 677 1951 Obr¹⁵¹
694 1900 885 1966 praesidentem
908 1903 1031 1968 Biragum
1054 1907 1192 1965 vocatum,
1214 1903 1258 1967 qui
1276 1917 1336 1952 cum
1354 1900 1388 1952 de

137 1989 248 2042 diversis
265 1992 344 2042 rebus
361 1990 496 2042 nobiscum
510 1990 605 2055 egisset
618 2004 649 2037 ex
661 1987 784 2038 mandato
803 1986 876 2038 Ser*²¹
887 1990 956 2054 regis
968 1989 1017 2051 sui,
1034 1988 1124 2038 iniecit
1136 1989 1215 2038 etiam
1228 1990 1387 2040 mentionem

138 2072 172 2128 de
191 2077 306 2129 concilio
324 2075 512 2128 transferendo.
532 2075 575 2125 aui
592 2089 640 2124 nos
657 2073 728 2123 nullo
747 2078 878 2140 assumpto
901 2074 936 2124 ad
954 2073 1150 2125 deliberandum
1169 2074 1258 2139 spacio
1275 2072 1388 2123 breviter

135 2169 161 2214 et
170 2165 286 2228 ingenus
298 2161 486 2228 respondimus,
498 2159 549 2210 hoc
561 2157 736 2210 translationis
749 2158 885 2209 consilium
896 2159 971 2210 uobis
981 2159 1031 2210 hoc
1040 2163 1157 2224 tempore
1170 2160 1276 2210 minime
1285 2159 1389 2226 probari

137 2254 246 2316 propter
267 2246 392 2314 plurimas
411 2253 435 2298 et
454 2246 550 2298 arduas
569 2260 675 2308 causas,
699 2247 725 2295 in
747 2246 841 2310 quibus
864 2245 912 2296 has
933 2245 1082 2310 specialiter
1100 2251 1126 2296 et
1144 2260 1264 2312 expresse
1280 2244 1390 2297 adduxi·

136 2351 196 2386 mus
215 2334 286 2402 quod
305 2350 364 2385 cum
381 2332 595 2385 incommoditate
613 2331 726 2383 maxima
743 2331 810 2382 haec
832 2336 886 2381 tam
910 2347 1048 2382 numerosa
1065 2329 1203 2384 multitudo
1221 2336 1323 2397 patrum
1340 2347 1389 2382 uec

138 2423 197 2472 sine
215 2419 331 2487 periculo
351 2419 526 2486 dissipationis
545 2423 573 2468 et
590 2417 766 2468 dissolutionis
784 2417 907 2468 alocoin
926 2433 976 2484 quo
995 2419 1046 2468 iam
1064 2417 1168 2468 videtur
1184 2415 1270 2469 fixisse
1287 2417 1390 2484 pedem,

137 2509 164 2557 in
189 2507 272 2558 alium
295 2505 491 2568 transferretnr3
514 2503 608 2554 deinde
632 2501 701 2569 quod
724 2517 777 2554 non
800 2502 935 2568 possemus
963 2519 1048 2569 neque
1070 2502 1198 2554 vellemus
1220 2519 1267 2556 noa
1290 2507 1390 2555 tantum

139 2593 232 2644 subire
251 2593 390 2643 discrimen
407 2589 575 2656 promittendi
593 2592 619 2640 et
636 2589 786 2653 praestandi
809 2589 921 2639 concilio
945 2591 1120 2656 securitatem,
1143 2591 1165 2640 si
1183 2591 1210 2640 in
1227 2589 1308 2642 alium
1326 2589 1389 2640 (ier-

137 2677 245 2729 maniae
262 2676 351 2729 locum
368 2681 593 2742 transportaretur,
611 2690 688 2742 quam
708 2675 750 2726 dei
768 2677 929 2742 benignitate
953 2675 1078 2728 audemus
1103 2675 1222 2742 polliceri
1240 2682 1266 2727 et
1284 2674 1390 2730 conlidi·

137 2781 200 2816 mus
217 2781 322 2832 quoque
338 2768 480 2830 praestare,
498 2761 559 2812 dum
577 2760 694 2812 Trideuti
714 2767 899 2828 congregatum
918 2768 965 2814 est
983 2769 1119 2827 praeterea
1131 2763 1212 2813 libere
1225 2779 1328 2830 quoque
1340 2765 1391 2831 sig·

137 2849 306 2902 niticavimus
324 2849 395 2900 dicto
414 2849 510 2900 oratori
523 2845 626 2899 Gallico
645 2847 722 2914 quod,
741 2847 804 2898 licet
822 2863 853 2898 ex
871 2853 946 2914 parte
962 2851 1031 2916 regis
1045 2847 1123 2900 Chr¹¹⁰³
1141 2849 1275 2900 translatio
1288 2849 1393 2901 concilii

137 2937 211 2989 banc
229 2927 345 2988 fortassis
364 2937 398 2988 cb
417 2949 523 2986 causam
547 2933 648 2985 auerte
683 2936 739 2985 eius
760 2939 876 3000 petatur,
900 2934 971 3000 quod
989 2934 1067 2986 Ser²⁸¹
1086 2950 1134 2986 sua
1152 2934 1274 2999 confidat,
1292 2937 1313 2984 ei
1332 2950 1393 2985 cou-

138 3023 232 3076 cilium
251 3021 398 3074 celebretur
415 3023 441 3072 in
461 3021 609 3086 Germania,
640 3023 768 3088 principes
788 3027 813 3072 et
836 3021 940 3072 ordines
962 3022 1062 3086 imperii
1089 3024 1268 3088 Augustanam
1293 3023 1394 3072 confes·

140 3113 246 3162 sionem
264 3107 415 3175 profitentes
433 3111 534 3174 inipso
553 3107 666 3159 concilio
680 3124 737 3158 esse
756 3109 957 3174 comperituros,
982 3123 1030 3158 nos
1052 3113 1139 3158 tamen
1161 3107 1239 3174 longe
1263 3109 1393 3159 diversam

142 3195 303 3247 seutentiam
320 3199 409 3245 tenere
427 3209 512 3260 neque
531 3192 637 3244 credere
655 3193 726 3260 quod
744 3193 778 3244 ad
796 3193 934 3244 concilium
958 3194 1040 3246 ullum
1056 3195 1159 3245 venturi
1177 3199 1270 3258 essem,
1289 3195 1391 3246 etiamsi

140 3281 320 3333 celebraretur
347 3283 374 3331 in
401 3277 553 3344 Germania,
582 3281 632 3329 nisi
654 3281 726 3344 prius
750 3279 911 3330 conditiones
939 3281 998 3330 illas
1027 3295 1091 3345 quas
1121 3281 1215 3332 tcu'ens
1245 3296 1304 3332 cum
1332 3297 1391 3347 pro·

138 3367 282 3420 testatione
312 3371 502 3432 proposuerunt
530 3365 710 3416 obtinuissent
752 3365 820 3415 ultra
847 3364 914 3416 baec
942 3366 1052 3416 relatum
1081 3367 1157 3417 uobis
1185 3371 1224 3416 est
1246 3367 1298 3418 iam
1326 3383 1394 3434 pene

139 3469 205 3522 prae
222 3453 342 3502 manibus
361 3468 418 3502 esse
437 3451 638 3518 disputationem
656 3451 689 3501 de
708 3453 887 3517 superioritate
904 3467 989 3518 papae
1008 3457 1034 3502 et
1052 3451 1170 3516 concilii,
1197 3451 1264 3504 adeo
1286 3457 1317 3504 ut
1338 3455 1391 3506 iam

142 3543 268 3607 caeptum
286 3540 319 3589 sit
337 3554 369 3589 ea
387 3537 420 3589 de
448 3553 475 3588 re
503 3537 636 3604 disputari.
666 3536 729 3588 licet
756 3542 843 3588 autem
861 3539 1009 3604 ignoramus
1031 3554 1092 3589 num
1115 3553 1156 3588 res
1177 3538 1215 3588 ita
1238 3555 1266 3590 se
1288 3539 1393 3602 habeat,

141 3623 355 3694 quandoquidem
372 3640 404 3675 ex
421 3623 502 3675 literis
520 3623 686 3674 vestrisuihil
703 3622 756 3675 tale
772 3624 955 3688 intelleximus,
972 3624 1140 3676 nibilominus
1158 3630 1246 3676 tamen
1263 3625 1394 3676 voluimus

142 3728 193 3764 vos
211 3711 353 3762 clementer
370 3709 525 3774 admonere,
543 3711 616 3760 utin
633 3710 684 3762 boc
702 3711 813 3777 negocio
832 3716 909 3762 mute
927 3711 1088 3776 procedatis,
1113 3710 1331 3778 quemadmodum
1347 3710 1394 3763 bu·

144 3813 247 3864 easque
264 3797 291 3847 in
309 3795 414 3862 reliquis
433 3797 553 3848 omnibus
571 3796 735 3862 processistis
758 3811 843 3863 neque
866 3812 914 3848 vos
938 3798 964 3846 in
993 3797 1195 3863 disputationem
1213 3799 1289 3848 istam
1306 3803 1395 3851 nostro

92 3937 95 3944 ,
144 3885 252 3936 nomine
269 3881 436 3935 adhaerendo
455 3885 498 3934 uni
516 3884 560 3934 vel
577 3883 653 3935 alteri
670 3884 738 3950 parti
754 3884 886 3950 ingeratis,
903 3885 1052 3951 priusquam
1071 3884 1104 3934 de
1120 3889 1208 3935 mente
1221 3889 1248 3934 et
1259 3884 1396 3936 voluntate

145 3973 238 4022 nostn
256 3971 380 4021 certiores
397 3969 461 4020 faeu'
479 3967 586 4021 fueritis.

216 4055 316 4106 Ferner
337 4055 440 4106 schrieb
464 4054 512 4106 der
533 4057 628 4108 Kaisar
655 4058 746 4108 seinen
769 4057 896 4108 Oratoren
926 4072 968 4107 am
993 4053 1032 4108 ’23
1056 4057 1120 4107 Juni
1143 4057 1273 4122 (Concept
1295 4056 1322 4106 in
1346 4056 1397 4110 deu

147 4143 270 4196 Romana
286 4143 341 4194 und
359 4143 441 4208 Copia
458 4145 486 4192 in
503 4144 571 4195 Areo
589 4143 648 4211 A.):
800 4143 984 4196 Existimamns
1008 4159 1104 4211 operae
1121 4146 1237 4211 precium
1253 4140 1329 4194 vobis
1347 4143 1398 4193 cle·

147 4219 251 4282 menter
268 4229 463 4280 communicare
480 4244 548 4296 quae
566 4230 662 4282 nudius
684 4233 775 4282 tertius
800 4246 860 4281 cum
882 4231 914 4284 R.
933 4232 1057 4296 episcopo
1079 4231 1204 4282 Pharensi
1220 4230 1316 4279 nuncio
1335 4243 1398 4294 apo-

146 4316 241 4368 stolico
260 4317 367 4382 egimus.
385 4316 408 4364 is
426 4331 487 4366 cum
503 4317 640 4366 uobiscum
659 4315 690 4367 da
710 4316 822 4367 concilio
840 4322 866 4368 et
883 4316 941 4366 aliis
958 4317 1036 4368 rebus
1055 4321 1151 4384 ageret,
1168 4329 1331 4381 nequaquam
1353 4315 1400 4365 du-

147 4404 234 4453 ximus
257 4401 515 4468 praetermittendum
540 4404 602 4468 quin
625 4404 649 4452 ei
673 4403 830 4466 diceremus,
856 4401 926 4468 quod
949 4402 1024 4453 nobis
1046 4403 1156 4455 relatum
1180 4406 1250 4453 esset
1271 4416 1399 4452 summum

147 4485 300 4554 pontificem
317 4489 344 4537 in
362 4503 394 4538 eo
411 4487 510 4539 viribus
528 4489 649 4540 omuibus
673 4489 808 4540 elaborare
832 4493 861 4540 ut
883 4491 910 4540 in
928 4488 979 4539 boc
998 4489 1110 4540 concilio
1129 4503 1251 4554 expresse
1269 4491 1399 4538 statuatur

149 4579 177 4626 et
194 4573 351 4624 decernatur
367 4575 535 4639 superioribas
554 4571 596 4624 Sl·
616 4573 641 4625 S.
660 4590 740 4640 supra
758 4575 907 4637 concilium,
931 4574 1001 4640 quod
1019 4574 1130 4624 diximus
1152 4573 1228 4625 nobis
1250 4573 1328 4624 valde
1351 4573 1399 4622 im·

149 4659 265 4726 probari,
293 4659 504 4726 quandoquidem
526 4659 614 4710 multis
638 4675 719 4712 causa
742 4666 769 4710 et
784 4663 894 4712 materia
916 4661 1072 4726 praebeatur
1095 4659 1245 4725 suspicandi
1263 4659 1322 4709 8¹²2
1343 4659 1399 4709 eius

151 4746 215 4797 data
231 4760 312 4812 opera
328 4743 397 4796 banc
415 4737 596 4796 difficillimam
614 4746 776 4796 studiosam
794 4748 973 4812 quaestionem
995 4762 1088 4812 urgere
1110 4761 1163 4796 non
1184 4745 1237 4798 alia
1261 4745 1294 4796 de
1312 4758 1399 4809 causa,

151 4846 228 4898 quam
246 4829 317 4898 quod
336 4830 451 4882 confidat
466 4847 514 4897 per
531 4847 589 4882 eam
608 4831 746 4883 concilium
765 4830 936 4898 interruptum
960 4838 986 4883 et
1009 4831 1161 4882 assolutum
1184 4834 1228 4896 iri,
1251 4846 1310 4882 cum
1336 4831 1399 4881 satis

152 4919 255 4968 constet
271 4931 357 4982 neque
375 4917 517 4968 Germanos
534 4933 619 4983 neque
638 4917 729 4969 Gallos
747 4933 831 4984 neque
847 4918 944 4985 belgas
960 4919 1021 4984 quin
1039 4933 1123 4984 neque
1136 4917 1266 4984 Hispanos
1284 4917 1399 4968 fortassis

152 5003 253 5070 aliquoi
271 5017 386 5069 unquam
403 5005 431 5054 in
448 5019 506 5054 eam
524 5006 678 5055 sententiam
702 5019 770 5070 quae
793 5005 910 5072 pontifici
934 5005 1031 5054 tribuat
1049 5005 1215 5055 autoritatem
1237 5018 1316 5069 snpra
1339 5017 1399 5054 cou-

152 5088 242 5143 cilium
258 5089 353 5154 ituros,
380 5103 432 5156 qua
449 5089 554 5156 quidem
573 5090 606 5143 de
623 5106 651 5142 re
669 5106 716 5143 nos
735 5093 815 5144 etism
833 5091 961 5158 egerimus
980 5107 1039 5142 eum
1056 5089 1111 5140 It¹¹³⁰
1135 5089 1164 5143 O.
1181 5089 1291 5143 Morene
1310 5094 1336 5142 et
1352 5085 1388 5142 1²¹

137 5208 202 5249 rien
212 5209 238 5250 ei
259 5219 280 5254 ι.
294 5208 323 5251 e.
335 5209 358 5252 a
373 5208 470 5255 οοιαιιι.
1173 5195 1206 5246 86
