3532 5832
1385 479 1431 552 tl

100 683 122 736 rt
141 671 390 740 conditionibus
412 685 547 761 paterne
568 669 718 740 relaxare
741 696 780 740 ac
803 669 920 740 devote
949 674 1133 763 petentibus
1161 672 1253 742 laicis
1282 677 1425 760 calicem,

98 775 217 842 clericis
234 801 317 844 vero
332 777 536 844 secularibus
552 781 738 864 coniugium
753 769 899 865 adusque
915 778 1076 864 generalis
1093 780 1219 846 concilii
1236 780 1425 846 determina·

95 882 211 946 donem
224 881 405 948 toleranter
416 881 530 946 saltem
541 883 727 968 permittere
739 883 850 968 sieque
862 881 1055 948 occidentali
1072 882 1229 949 ecclesiae
1242 905 1313 947 eam
1330 905 1426 970 quam

94 984 256 1048 orientalis
278 985 409 1050 sibimet
431 986 609 1070 usurpavit,
632 986 770 1070 gratiam
792 985 900 1050 facere
916 995 947 1050 et
962 985 1131 1072 indulgere
1148 986 1306 1071 dignetur,
1329 988 1428 1075 idque

93 1091 153 1152 sire
177 1111 242 1174 per
266 1111 461 1174 expressum
485 1111 542 1153 seu
564 1090 697 1154 tacitum
721 1109 912 1154 consensum
942 1088 994 1154 vel
1022 1112 1081 1175 per
1108 1091 1346 1156 conniventiam
1370 1113 1429 1155 seu

95 1189 303 1256 tolerantiam
326 1201 383 1255 aut
405 1189 702 1273 dissimulationem,
725 1201 821 1277 prout
843 1192 947 1277 magis
971 1192 1125 1278 expedire
1147 1192 1318 1258 videbitur.

192 1295 240 1360 Et
261 1294 341 1360 licet
362 1293 506 1360 nonnulli
529 1294 677 1360 dubitent
698 1293 806 1380 lapsos
828 1295 1058 1381 pertinaciores
1081 1318 1152 1360 esse
1175 1319 1273 1382 quam
1295 1305 1331 1361 nt
1362 1295 1429 1362 ulla

93 1397 219 1462 decenti
241 1401 458 1484 permissione
481 1420 515 1463 se
539 1399 722 1486 contentari·
739 1399 910 1485 patiantur,
939 1400 1030 1464 cuius
1052 1401 1098 1464 rei
1122 1397 1306 1485 exemplum
1329 1421 1428 1486 appa·

94 1511 156 1564 reat
180 1502 218 1565 in
240 1499 325 1566 locis
346 1500 403 1566 ubi
426 1512 458 1566 et
481 1499 567 1566 calix
590 1511 621 1566 et
644 1500 834 1566 clericorum
849 1502 1033 1586 coniugium
1053 1501 1181 1588 aliaque
1196 1501 1231 1566 id
1245 1523 1348 1586 genus
1363 1504 1428 1568 iam

94 1603 216 1667 dudum
242 1603 288 1670 de
308 1603 395 1669 facto
417 1613 573 1690 usurpata
595 1613 678 1686 sunt,
703 1604 757 1669 ubi
779 1611 888 1668 tamen
910 1602 1055 1670 homines
1073 1603 1277 1670 nihilominus
1301 1604 1341 1671 de
1363 1629 1429 1670 una

93 1707 218 1772 haeresi
243 1709 280 1770 in
302 1707 400 1772 aliam
421 1707 648 1794 prolabantur,
677 1706 711 1772 id
734 1707 822 1794 quod
843 1706 944 1794 proch
967 1707 1059 1774 dolor
1088 1709 1198 1795 utique
1226 1709 1338 1794 negari
1364 1731 1429 1774 non

93 1821 207 1896 potest,
231 1813 300 1876 imo
323 1819 450 1876 constat
472 1835 514 1876 ex
529 1811 757 1878 ecclesiasticis
771 1811 911 1877 historiis
928 1811 1091 1878 difficilem
1107 1834 1177 1878 esse
1193 1811 1428 1878 haereticorum

92 1916 350 1998 conversionem,
373 1937 489 2000 nempe
512 1915 599 2001 quod
622 1912 772 1980 haereses
794 1914 996 2000 plaerunque
1018 1936 1120 1980 novas
1143 1914 1224 1980 alias
1250 1914 1429 2000 producere

94 2030 121 2080 ct
142 2029 182 2081 nt
204 2040 329 2084 cancer
351 2041 480 2104 serpere
496 2017 630 2099 soleant,
654 2027 797 2084 attamen
813 2017 854 2084 ob
871 2016 903 2083 id
919 2040 984 2082 non
1000 2019 1045 2082 ita
1059 2039 1192 2104 prorsus
1209 2017 1249 2083 de
1265 2017 1429 2104 lapsorum

92 2121 285 2186 reductione
309 2121 547 2208 desperandum
569 2144 630 2186 nec
653 2122 761 2186 statim
783 2121 867 2186 ferro
890 2121 965 2206 ighe
996 2129 1028 2184 et
1049 2119 1146 2186 exilio
1172 2143 1246 2186 cum
1269 2121 1315 2186 eis
1338 2120 1428 2185 dimi·

93 2224 248 2305 candum,
273 2222 332 2289 sed
354 2226 564 2310 inpatientia
585 2224 745 2290 modestia
767 2234 799 2288 et
820 2225 934 2310 spiritu
956 2223 1096 2288 lenitatis
1119 2245 1192 2288 cum
1214 2223 1275 2288 hii·
1300 2225 1354 2310 qui
1376 2223 1429 2290 vel

93 2328 275 2392 scismatici
299 2337 373 2392 sunt
393 2327 447 2392 vel
468 2329 597 2392 veritati
618 2329 788 2410 resistunt,
811 2327 974 2413 agendum
995 2350 1067 2392 esse
1093 2325 1232 2392 videtur.
1266 2337 1429 2413 potentem

92 2453 162 2495 esse
187 2431 277 2495 enim
301 2430 397 2496 deum
419 2429 491 2496 illos
513 2431 628 2495 iterum
652 2429 808 2496 ecclesiae
836 2424 977 2496 inserere
1005 2429 1132 2516 illisque
1165 2430 1242 2495 dare
1263 2431 1429 2516 poeniten·

92 2535 170 2598 tiam
186 2533 234 2598 ad
252 2534 510 2618 cognoscendam
526 2535 705 2616 veritatem,
728 2543 764 2598 ut
780 2535 973 2619 resipiscant
994 2556 1015 2597 a
1030 2533 1151 2599 diaboli
1172 2533 1306 2620 laqueis,
1330 2557 1350 2598 a
1365 2555 1429 2620 quo

94 2637 218 2722 captivi
242 2644 391 2702 tenentur
413 2636 456 2700 ad
477 2637 579 2722 ipsius
601 2635 811 2717 voluntatem,
835 2635 868 2700 id
891 2645 1000 2702 autem
1021 2638 1163 2702 maxime
1186 2647 1374 2702 senescente
1397 2645 1430 2704 et

96 2739 370 2830 declinanteiam
393 2737 539 2804 ccclesia.
564 2740 718 2825 scriptum
741 2748 790 2804 est
811 2741 911 2804 enirn:
936 2749 1091 2826 quantum
1113 2739 1291 2806 invalidum
1312 2739 1368 2806 fiet
1383 2763 1430 2806 se-

98 2841 205 2906 culum
232 2865 252 2906 a
274 2850 449 2924 senectute,
472 2851 597 2906 tantum
620 2842 919 2928 multiplicabuntur
952 2865 1050 2928 super
1081 2842 1300 2908 inhabitantes
1333 2843 1428 2927 mala,

98 2944 307 3031 prolongabit
329 2947 414 3010 enim
437 2968 471 3010 se
494 2947 597 3032 magis
619 2947 739 3010 veritas
762 2955 794 3010 et
816 2946 1090 3033 appropinquabit
1105 2945 1312 3026 mendatium,
1336 2948 1430 3012 nimi·

100 3071 171 3112 rum
192 3047 301 3112 fatalis
324 3047 408 3113 illius
430 3049 638 3114 necessitatis
653 3048 838 3114 habendum
861 3058 1043 3135 respectum
1065 3057 1162 3137 atque
1185 3051 1345 3116 contrario
1367 3050 1427 3116 Ju-

101 3151 176 3216 liani
199 3151 403 3238 imperatoris
425 3151 575 3238 exemplo
597 3152 707 3238 lapsos
730 3148 900 3218 blandiciis
923 3153 1027 3238 magis
1056 3175 1153 3239 quam
1181 3153 1348 3219 tormentis
1371 3175 1429 3218 cx·

98 3254 293 3341 pugnandos
309 3277 390 3320 esse.
429 3277 529 3341 quare
551 3278 616 3320 non
640 3254 735 3321 debet
758 3265 870 3322 sancta
891 3265 994 3322 mater
1009 3256 1147 3322 ecclesia
1168 3256 1310 3322 officium
1329 3279 1428 3320 suum

99 3360 318 3442 intermittere,
342 3359 401 3424 sed
422 3381 481 3445 pro
503 3360 627 3426 ratione
650 3357 815 3424 charitatis
838 3368 870 3425 et
891 3358 1131 3425 misericordiae
1156 3382 1284 3447 proque
1309 3381 1427 3425 exone·

99 3463 224 3526 ratione
247 3483 306 3526 aua
328 3483 389 3526 nec
410 3483 476 3526 non
489 3469 624 3548 propter
641 3471 845 3548 praesentem
861 3460 1061 3548 eandemque
1089 3473 1266 3529 extremam
1291 3462 1429 3528 necessi·
1508 3499 1512 3508 ·

100 3577 200 3630 tatem
223 3587 307 3652 quae
330 3585 457 3630 omnem
479 3587 601 3631 moram
625 3564 778 3649 excludit,
802 3566 900 3630 etiam
921 3588 986 3630 non
999 3572 1179 3652 ‘expectato
1195 3565 1322 3633 concilii
1338 3566 1428 3631 initio

100 3690 275 3755 progressu
298 3677 330 3732 et
353 3669 457 3751 exitu,
484 3670 558 3756 paci
581 3678 614 3734 et
641 3667 862 3755 tranquillitati
891 3668 1152 3753 christianorum,
1181 3669 1428 3757 quibuscunque

101 3772 232 3836 tandem
254 3771 405 3857 legitimis
420 3765 529 3838 tamen
544 3772 650 3840 modis
666 3782 698 3840 et
713 3772 826 3838 modiis
842 3771 912 3837 fieri
926 3773 1037 3859 possit,
1061 3773 1230 3839 consulere
1245 3785 1277 3839 et
1292 3773 1428 3838 salutem

103 3876 220 3941 Christi
241 3875 385 3942 fidelium
409 3876 557 3942 omnibus
579 3877 651 3942 aliis
672 3876 770 3943 rebus
793 3899 877 3965 quae
901 3898 973 3943 eum
999 3877 1099 3944 verbo
1123 3877 1176 3943 dei
1198 3900 1263 3943 non
1283 3885 1432 3964 pugnant

104 3979 266 4064 praeferre
294 3975 409 4066 [vnn.

204 4082 302 4164 Quod
325 4093 432 4148 autem
455 4082 538 4169 lapsi
561 4082 735 4150 admodum
757 4084 977 4150 inconstantes
1000 4083 1078 4166 sint,
1112 4082 1175 4149 hoc
1206 4083 1285 4149 facit
1314 4083 1432 4148 scisma

106 4187 194 4250 cuius
215 4188 382 4273 proprium
405 4195 455 4251 est
477 4186 516 4250 dc
539 4209 604 4251 uno
634 4211 741 4253 errore
770 4188 803 4250 in
835 4185 933 4252 alium
955 4189 1170 4274 praecipitari,
1205 4187 1291 4272 quod
1324 4196 1432 4250 tamen

106 4290 222 4354 malum
244 4291 477 4356 interveniente
499 4291 690 4356 auctoritate
713 4290 869 4356 ecclesiae
893 4311 1020 4355 cessare
1047 4298 1165 4376 posset.
1197 4288 1325 4354 sublata
1347 4289 1431 4353 enim

107 4394 136 4457 in
157 4393 333 4480 praedictis
367 4392 509 4458 articulis
544 4392 700 4460 ecclesiae
722 4393 954 4476 prohibitione,
988 4393 1076 4480 qnod
1107 4394 1264 4459 hactenus
1287 4393 1431 4458 illicitum

108 4509 173 4562 crat
194 4505 329 4586 propter
350 4497 506 4564 ecclesiae
528 4497 726 4580 mandatum,
750 4520 827 4562 mox
849 4497 942 4562 fieret
962 4497 1085 4562 licitum
1107 4498 1177 4562 iure
1200 4497 1319 4579 divino,
1344 4497 1432 4584 quod

108 4603 336 4684 scismaticum,
361 4600 566 4683 catholicum,
590 4601 677 4687 quod
702 4601 840 4688 denique
855 4602 888 4664 in
904 4601 1053 4665 scismate
1068 4623 1128 4687 per
1142 4610 1360 4686 contemptum
1383 4623 1432 4664 ec·

108 4704 221 4770 clasiae
244 4703 287 4769 ad
309 4702 491 4790 gehennam
511 4703 723 4790 perducebat,
745 4714 859 4790 postea
881 4701 1072 4768 adsalutem
1089 4704 1268 4790 proficeret,
1292 4705 1337 4768 ita
1353 4725 1430 4767 sane

108 4819 138 4872 ut
159 4830 233 4896 spes
257 4809 384 4872 sitnon
406 4807 578 4874 mediocris
600 4807 662 4873 hac
683 4809 807 4873 ratione
828 4805 948 4872 nedum
976 4805 1128 4894 reliquias
1157 4805 1385 4872 catholicorum
1410 4829 1430 4870 ιι

105 4909 195 4998 lapsu
216 4909 344 4976 facilius
368 4911 563 4990 conservari,
586 4933 699 4976 verum
721 4911 818 4976 etiam
839 4911 927 4996 ipsos
950 4908 1058 4996 lapsos
1082 4907 1260 4998 (utcunque
1281 4931 1334 4976 res
1357 4916 1432 4974 sunt

104 5012 262 5103 turbatae)
287 5015 314 5080 si
338 5038 403 5082 non
426 5035 548 5101 omncs,
572 5017 728 5082 maiorem
750 5024 858 5080 tamen
883 5035 940 5080 seu
963 5015 1123 5082 saniorem
1146 5022 1272 5104 partem
1295 5011 1337 5079 ad
1359 5034 1432 5098 gre«

1190 5136 1229 5188 51
