3450 5818
361 703 394 740 nu
411 688 481 740 nahe
498 693 584 740 treton
602 689 743 754 (Prospero
761 703 804 740 am
823 689 840 739 s
861 687 917 739 und
937 689 968 739 11
986 687 1079 755 April).
1114 687 1171 740 Aul
1189 685 1285 741 Betehl
1312 687 1359 740 des
1381 689 1489 741 Kaisers
1515 691 1632 742 brachae

362 775 492 841 Prospero
512 773 598 842 (ibid.)
616 776 644 826 in
660 774 727 826 Rom
745 774 789 826 die
807 773 990 840 wmkennage
1012 773 1110 826 wieder
1126 789 1174 824 rur
1191 773 1316 839 Spracha
1352 775 1416 826 Pius
1433 775 1551 827 rerhiers
1568 776 1632 826 sich

361 861 405 912 bei
423 860 494 912 allen
510 859 626 912 Ftirsten
643 877 676 912 uu
693 860 866 922 carneaden,
889 859 959 911 wich
981 860 1047 911 aber
1070 861 1144 910 einer
1160 860 1280 912 Antwcrt
1296 874 1358 924 aus,
1381 860 1422 912 als
1440 877 1469 912 er
1486 861 1530 914 die
1546 862 1632 914 ncne

361 945 448 998 seiner
464 947 602 998 Baisteuer
619 947 774 1014 anungeben
792 947 907 1013 gebeton
923 945 1022 999 warde.
1057 946 1089 996 In
1107 945 1173 997 Rom
1194 962 1250 997 war
1272 961 1334 998 man
1355 946 1417 998 sehr
1440 948 1537 1000 erireut
1560 949 1633 999 dher

361 1033 405 1085 die
429 1034 568 1099 guastigen
591 1031 771 1083 Nachrichten
792 1047 841 1083 aus
865 1029 1043 1096 Franlrreich‚
1069 1029 1171 1082 welche
1195 1031 1243 1082 der
1260 1031 1373 1083 Nuntius
1397 1047 1440 1084 am
1464 1035 1480 1085 6
1506 1033 1562 1084 und
1580 1033 1633 1084 der

362 1118 486 1170 Cardinal
504 1135 557 1171 rou
574 1119 686 1170 Ferrara
703 1135 746 1170 am
764 1119 780 1169 9
797 1118 871 1169 Mare
890 1117 1047 1169 einsaudten
1065 1115 1183 1184 (cusano
1201 1135 1247 1170 um
1263 1119 1295 1169 18
1307 1119 1400 1185 April.)
1428 1119 1551 1170 Gemeint
1567 1119 1632 1169 sind

362 1205 406 1256 die
424 1205 547 1256 Berichte
565 1206 633 1255 tiber
649 1204 698 1255 das
715 1203 833 1255 Blutbad
851 1203 974 1270 inVasep
991 1217 1034 1254 am
1053 1205 1067 1254 1
1086 1203 1174 1268 Mam
1192 1204 1246 1271 vgl.
1265 1203 1309 1255 die
1320 1204 1409 1254 Brlefe
1427 1205 1475 1256 des
1488 1203 1632 1256 cardinale

361 1292 388 1342 in
400 1290 599 1342 Beluae-Manui
616 1290 726 1344 mucell.
744 1293 770 1354 4,
788 1291 849 1345 896.
870 1289 986 1356 Spanien
1003 1289 1150 1342 behetiend
1167 1289 1284 1342 schreibt
1300 1291 1432 1355 Prospero
1449 1305 1492 1341 am
1504 1293 1538 1342 it
1550 1291 1632 1356 April

362 1376 425 1444 (vgl.
445 1377 522 1444 Sarpi
538 1377 604 1439 4873
628 1376 768 1443 Ddllinger
786 1378 815 1437 1,
833 1375 908 1442 415)=
932 1375 952 1426 il
975 1389 1004 1426 rs
1027 1374 1102 1426 crte
1121 1376 1149 1426 sa
1171 1377 1290 1428 instaura
1311 1390 1330 1426 a
1352 1375 1379 1426 S.
1397 1374 1438 1426 gt·
1464 1375 1515 1427 che
1536 1376 1633 1442 voglio

363 1462 437 1513 lever
456 1460 481 1511 d'
493 1477 546 1512 uno
563 1460 671 1512 decreto
690 1461 757 1512 fatto
775 1461 794 1511 li
812 1463 878 1512 mesi
895 1462 997 1527 passati
1014 1460 1103 1527 quelle
1120 1460 1212 1527 parole
1225 1461 1275 1512 che
1289 1461 1399 1512 diconot
1418 1463 1632 1528 proponentibus

361 1547 457 1615 legatis
476 1553 503 1599 et
519 1545 743 1613 praesidentibus,
761 1547 837 1598 aceio
855 1548 983 1614 conpari
1001 1545 1042 1598 ch’
1054 1547 1074 1597 il
1092 1547 1206 1599 concilio
1224 1549 1256 1597 sii
1275 1561 1343 1613 poco
1361 1547 1453 1600 libero.
1478 1549 1523 1614 qni
1541 1564 1556 1598 c
1575 1547 1633 1598 dis-

362 1636 479 1700 piaeiuto
499 1636 570 1684 susi
587 1639 681 1702 questa
699 1633 831 1696 (limanda,
850 1639 876 1684 et
892 1635 916 1683 si
933 1647 999 1685 sono
1017 1633 1192 1699 maravigliati
1211 1633 1284 1684 ch'il
1301 1649 1330 1684 re
1349 1631 1425 1683 citu
1441 1633 1515 1700 vogli
1535 1634 1585 1684 che
1600 1650 1632 1684 ee

366 1721 432 1770 muti
449 1735 504 1770 uua
521 1735 585 1770 cosa
601 1725 709 1786 passata
726 1721 802 1785 quasi
820 1719 855 1770 da
872 1720 934 1770 tutti
951 1719 971 1769 li
987 1719 1097 1770 vescovi
1116 1718 1167 1770 che
1184 1719 1206 1769 si
1223 1719 1356 1770 enemo
1375 1718 1401 1770 al
1420 1719 1543 1771 concilio.

856 1933 1061 1947 Ἥ*

865 2161 1055 2250 ccxvi.
1139 2091 1142 2102 ’

502 2385 583 2461 Der
609 2383 839 2462 Eratischci
860 2406 934 2460 von
963 2383 1061 2483 Prep
1089 2404 1137 2458 an
1165 2383 1240 2460 den
1268 2382 1419 2472 Kaleon

755 2555 887 2620 crient,
905 2556 945 2607 ae
961 2553 1060 2622 spru
1079 2555 1169 2606 mes.

637 2761 817 2818 Caadluctm.
842 2760 988 2836 Oripiaul5
1008 2761 1040 2817 in
1062 2765 1153 2835 torpe:
1175 2761 1196 2815 4
1218 2759 1291 2816 Mat.

398 2939 589 3010 Orationum
612 2951 644 3009 et
666 2941 1002 3009 obedientissimomm
1031 2941 1232 3006 servitiorum
1259 2940 1293 3005 in
1319 2939 1455 3026 gratiam
1476 2941 1631 3006 sacratis·

296 3047 397 3111 simae
415 3045 477 3111 Me.
487 3046 528 3112 V.
544 3069 689 3113 meorum
710 3045 877 3112 humilima
898 3044 1097 3112 subiectione
1118 3044 1307 3131 praemissa.
1330 3042 1407 3108 licet
1428 3044 1462 3108 in
1483 3065 1630 3108 eommu-

295 3148 391 3215 nibus
411 3151 530 3217 noscis
556 3149 659 3217 literis
681 3149 714 3217 S.
738 3149 774 3217 O.
796 3149 848 3215 Me
869 3149 910 3216 V.
934 3171 979 3214 ca
1007 3149 1290 3236 perscripserimus
1320 3167 1404 3235 quae
1433 3145 1483 3212 his
1510 3145 1630 3211 diebus

295 3251 349 3318 hic
370 3255 403 3318 in
426 3251 562 3320 concilio
585 3261 659 3320 acta
680 3261 769 3338 sunt,
798 3263 906 3320 tamen
929 3273 1002 3319 cum
1023 3251 1112 3340 apud
1134 3273 1186 3318 me
1208 3253 1243 3316 in
1266 3249 1402 3316 aedibus
1423 3250 1504 3314 meis
1528 3271 1630 3336 saepe

296 3358 564 3444 congregationes
586 3356 667 3424 fiant
687 3379 799 3424 eorum
820 3363 950 3443 patrum
979 3357 1036 3443 qui
1065 3377 1193 3422 mecum
1218 3352 1261 3419 ad
1282 3353 1423 3420 indicem
1444 3353 1631 3417 Romanum

296 3459 509 3526 revidendum
531 3469 564 3524 et
583 3457 817 3526 moderandum
840 3458 984 3546 deputati
1007 3467 1100 3544 sunt,
1129 3457 1218 3524 etin
1244 3455 1396 3523 hesterna
1415 3457 1546 3543 privata
1569 3453 1627 3520 illa

297 3565 548 3650 congregatione
570 3572 681 3630 nostm
702 3560 782 3629 talia
803 3561 882 3626 mihi
903 3561 1103 3629 occurrerint
1125 3583 1209 3649 quae
1231 3559 1283 3624 M*
1309 3559 1351 3624 V.
1375 3559 1505 3624 omnino
1528 3559 1630 3644 signi-

297 3665 426 3731 ficanda
446 3665 609 3732 humiliter
631 3687 729 3754 opere
750 3666 910 3754 praetium
933 3687 1007 3732 esse
1028 3664 1117 3730 duxi.
1155 3685 1195 3730 eo
1216 3665 1250 3729 in
1278 3671 1390 3728 nostra
1418 3662 1630 3748 inquisitione

295 3777 429 3834 ventum
452 3779 502 3835 est
522 3779 558 3836 ut
575 3772 610 3835 in
624 3778 716 3835 tanta
728 3771 886 3835 varietate
908 3777 941 3833 et
961 3765 1166 3834 multitudine
1188 3765 1343 3830 librorum
1366 3785 1447 3852 quos
1470 3764 1628 3829 catechis-

295 3894 367 3939 mos
389 3883 509 3940 vocant
529 3872 721 3940 haereamus
742 3871 838 3938 valde
860 3871 1028 3959 ancipites,
1052 3893 1126 3937 cum
1141 3869 1305 3936 Romanus
1323 3867 1424 3933 index
1438 3876 1472 3932 et
1486 3864 1628 3933 obscure

297 3985 330 4042 et
357 3977 491 4044 confuse
522 3975 591 4043 fere
624 3997 735 4043 omnes
769 3975 947 4063 explodere
975 3974 1138 4055 videatur,
1171 3995 1233 4039 nee
1255 3980 1353 4037 ¹certo
1388 3977 1514 4036 constet
1543 3992 1627 4058 quos

295 4081 437 4165 reliciat,
465 4101 541 4146 nam
562 4081 597 4145 in
618 4101 683 4147 uno
705 4078 777 4147 loco
806 4080 909 4145 maior
938 4088 970 4145 et
996 4079 1102 4143 minor
1132 4075 1321 4144 catechismi
1348 4083 1515 4156 notantur,
1545 4095 1629 4162 quos

296 4191 403 4248 autem
424 4182 505 4249 velit
525 4207 592 4250 non
614 4184 692 4248 satis
719 4183 929 4271 assequimur.
966 4181 1091 4269 placuit
1117 4181 1228 4269 itaque
1256 4176 1350 4244 nobis
1379 4176 1525 4264 patribus
1554 4197 1628 4265 pro·

294 4310 418 4375 ponere
439 4288 474 4352 in
496 4287 632 4354 concilio
655 4295 692 4352 ut
712 4285 766 4352 hic
788 4309 809 4351 a
830 4285 1024 4373 quibusdam
1046 4284 1148 4351 doctis
1170 4281 1318 4372 patribus
1335 4290 1424 4347 certa
1438 4289 1472 4346 et
1494 4279 1627 4345 authen·

295 4393 362 4458 tica
384 4389 768 4476 christianaejdocminae
790 4411 916 4456 summa
937 4411 995 4454 seu
1017 4387 1232 4456 catechismus
1256 4385 1488 4468 conscribatur,
1513 4385 1571 4471 qui
1586 4405 1627 4448 ex

297 4517 390 4562 sacro
413 4494 551 4562 concilio
572 4493 710 4582 prodeat
731 4502 764 4560 et
785 4492 828 4560 ab
843 4491 993 4560 omnibus
1007 4492 1130 4579 passim
1145 4488 1300 4572 tradatur,
1324 4485 1468 4575 explosis
1483 4485 1625 4572 reliquis,

296 4599 367 4663 eius
387 4606 514 4664 tantum
535 4598 660 4664 ratione
682 4596 794 4663 hahita
815 4618 911 4684 quem
925 4594 993 4661 ΜΝ
1004 4594 1046 4660 V.
1061 4595 1206 4660 Viennae
1227 4588 1389 4681 publicari
1410 4589 1512 4674 iussit,
1535 4591 1626 4656 cuius

296 4701 441 4768 maxima
461 4723 539 4789 pars
562 4700 668 4767 dictae
691 4721 836 4767 summae
862 4699 981 4787 poterit
1010 4699 1118 4764 inseri.
1152 4697 1214 4762 hoc
1242 4716 1317 4762 cnm
1344 4693 1434 4760 hisce
1464 4691 1627 4758 diebusa

296 4804 459 4894 deputatis
483 4801 620 4872 concilio
643 4804 782 4893 proponi
803 4801 914 4886 debet,
946 4800 1044 4868 video
1073 4799 1168 4868 nohis
1197 4799 1400 4866 occasionem
1424 4793 1533 4861 datam
1557 4815 1626 4862 esse

296 4920 333 4976 ut
353 4931 413 4976 nos
437 4917 582 4976 oratores
604 4929 647 4974 ex
668 4917 780 4974 noema
801 4906 921 4994 egendi
941 4906 1046 4972 forma
1074 4903 1206 4972 nomine
1228 4901 1261 4970 S.
1283 4899 1345 4968 Me.
1367 4897 1408 4966 V.
1430 4897 1517 4965 idem
1538 4909 1624 4987 peta·

297 5049 385 5111 mus,
407 5009 533 5082 scilicet
553 5020 589 5080 ut
611 5033 729 5098 corpus
751 5011 918 5078 doctrinae
940 5009 1134 5078 christianae
1155 5007 1199 5074 ad
1219 5003 1309 5094 quod
1330 5025 1365 5070 se
1388 5001 1541 5078 catholici
1562 5013 1624 5070 mm
