3468 5820
8 687 10 736 t
109 692 190 777 qnod
213 693 255 758 ad
278 693 512 758 haereticorum
536 693 663 760 scholas
685 696 866 780 mittunnu3
902 699 980 762 item
1003 696 1091 784 quod
1111 699 1144 764 in
1167 697 1359 786 quibusdam
1382 721 1431 764 ec·

108 792 220 882 clesiis
237 797 425 882 praesertim
448 797 650 862 Germanicis
671 796 796 864 nobiles
817 806 942 865 tantum
965 801 998 864 in
1021 803 1193 868 canonicos
1216 811 1430 894 assumuntur,

107 897 250 964 doctores
261 908 368 964 autem
380 899 612 984 excluduntur3
628 901 703 966 item
721 901 804 989 quod
818 904 850 966 in
862 902 1312 990 cathedralibusecclesiisvel
1323 903 1431 972 nullae

8 1029 10 1096 ξ
106 999 211 1066 velad
228 1003 448 1068 ecclesiastice
462 1005 599 1090 negocia
620 1026 735 1090 parum
756 1003 851 1070 utiles
866 1005 996 1072 scholae
1018 1005 1178 1074 habentur
1192 1031 1253 1074 nec
1266 1008 1301 1074 in
1315 1008 1430 1074 iisdem

8 1111 10 1178 ξ
106 1105 188 1170 docti
209 1107 411 1194 professores
433 1109 548 1172 artium
572 1117 604 1173 et
625 1107 807 1194 theologiae
830 1109 993 1192 serentur,
1025 1120 1056 1176 et
1083 1112 1231 1178 canonici
1258 1111 1316 1199 qui
1337 1111 1428 1178 seho-

8 1197 10 1280 ,ἒ
103 1208 286 1277 lecticorum
308 1212 414 1279 officio
437 1213 614 1298 hrnguntur
634 1211 758 1278 fructus
775 1213 906 1299 quidem
921 1214 1097 1280 officiorum
1112 1215 1304 1301 percipiunt,
1321 1214 1428 1280 officia

8 1319 9 1328 ’
103 1325 207 1380 antem
230 1339 295 1382 non
318 1326 497 1403 praestent3
520 1318 596 1382 item
618 1316 704 1404 quod
726 1319 760 1380 in
782 1339 860 1382 casu
881 1320 1035 1404 penuriae
1057 1341 1268 1404 personarum
1283 1320 1339 1405 qni
1354 1327 1428 1383 suut

103 1417 139 1482 de
161 1422 285 1504 gremio
309 1419 450 1506 capituli,
474 1419 681 1507 postulationi
703 1443 915 1506 personarum
944 1421 1133 1488 idonearum
1161 1420 1297 1487 aliarum
1324 1421 1425 1488 eoele-

102 1523 220 1588 siarum
242 1523 332 1590 locus
354 1546 419 1590 non
443 1524 551 1606 datnr;
580 1525 655 1588 item
678 1525 765 1612 quod
788 1525 968 1591 saeculares
990 1527 1153 1613 principes
1183 1525 1302 1612 aliique
1330 1526 1427 1590 etiam

9 1637 10 1700 j
101 1626 259 1692 inferioris
282 1627 403 1714 gradm
425 1625 570 1694 homines
593 1649 628 1692 se
650 1628 684 1692 in
708 1627 917 1694 electionibus
939 1629 1207 1715 postulationibus
1231 1639 1263 1695 et
1283 1628 1426 1694 nomina·

100 1731 240 1796 tionibus
263 1734 488 1818 episcoporum
509 1733 724 1798 intromittunt
746 1743 777 1798 ct
800 1734 993 1798 simoniacas
1015 1733 1261 1798 intercessiones
1278 1741 1310 1798 et
1325 1753 1424 1818 saepe

99 1835 192 1898 etiem
214 1836 442 1921 impressiones
463 1833 602 1920 faciunt3
624 1838 701 1900 item
724 1837 811 1922 quod
833 1837 865 1900 in
889 1838 1059 1923 episcopos
1081 1837 1175 1904 electi
1203 1838 1236 1900 in
1265 1835 1302 1900 R„
1335 1836 1426 1902 curia

99 1937 137 2001 ad
160 1938 266 2002 nudas
289 1939 475 2024 eligentium
497 1950 530 2003 et
543 1939 810 2004 intercedentium
825 1940 1119 2006 commendationes
1134 1951 1167 2004 et
1180 1938 1320 2016 decreta,
1336 1937 1426 2005 nulla

97 2039 158 2105 alia
179 2042 399 2129 praecedente
420 2043 504 2106 iusta
525 2043 730 2130 inquisitione
753 2042 793 2108 de
814 2043 918 2108 forma
944 2043 1109 2108 electionis
1137 2052 1169 2109 et
1198 2041 1293 2108 electi
1325 2041 1426 2130 qnali-

96 2153 168 2226 tate,
194 2146 432 2210 confirmantur.
456 2146 507 2210 Ill
529 2157 565 2210 ut
587 2145 753 2212 conciliari
775 2146 905 2212 decreto
929 2158 1082 2212 caveatur
1109 2155 1146 2212 ut
1171 2148 1205 2210 in
1234 2145 1425 2212 cathedrali·

96 2245 153 2311 bus
176 2248 324 2314 ecclesiis
346 2273 411 2316 non
434 2251 538 2316 solum
559 2249 694 2332 nobiles,
718 2249 775 2314 sed
797 2252 893 2316 etiarn
914 2248 1096 2334 theologiae
1113 2259 1145 2314 et
1161 2250 1328 2336 utriusque
1344 2250 1422 2315 iuris

95 2351 146 2415 vel
168 2350 372 2418 decretorum
396 2353 545 2419 docteres
567 2363 600 2418 et
621 2351 785 2428 licentiati,
808 2351 895 2418 docti
915 2363 1025 2418 tamen
1048 2362 1080 2416 et
1101 2353 1271 2418 exercitati
1302 2361 1334 2418 ct
1355 2374 1420 2420 non

95 2463 127 2517 nt
149 2455 217 2520 dici
241 2456 324 2520 solet
345 2456 457 2522 bullati
480 2466 512 2521 et
533 2477 592 2542 per
618 2455 734 2520 saltum
761 2458 913 2542 promoti,
944 2458 976 2522 in
1000 2455 1172 2522 canonicos
1203 2465 1421 2538 assumentum

9 2619 10 2650 ἦ
94 2557 168 2622 item
191 2568 228 2622 nt
250 2559 386 2645 posthac
407 2581 470 2624 non
500 2557 604 2623 solnm
632 2557 773 2642 nobiles,
804 2559 862 2624 aed
888 2561 984 2624 etiam
1014 2559 1162 2626 doctores
1190 2561 1224 2624 in
1251 2559 1420 2645 episcopos

95 2659 271 2746 eligantur3
294 2665 369 2728 item
393 2663 479 2750 quod
508 2661 721 2728 saecularium
747 2671 944 2748 potestatum·
969 2663 1167 2750 aliarumque
1195 2671 1419 2728 extranearum

9 2799 10 2804 κ
92 2785 302 2847 personarum
324 2765 569 2830 intercessiones
590 2766 625 2830 in
647 2763 856 2830 electionibus
872 2767 1099 2854 episcoporum
1113 2789 1179 2832 non
1194 2765 1420 2848 admittantur3

8 2891 9 2908 2
91 2867 165 2930 item
190 2869 279 2956 quod
302 2871 334 2932 in
357 2869 393 2932 R.
418 2870 507 2934 curia
530 2869 755 2955 episcoporum
778 2868 951 2935 electiones
973 2869 1208 2957 postulationes
1231 2869 1419 2934 etnomine·

92 2971 191 3036 tiones
215 2993 279 3035 non
302 2971 344 3036 ad
364 2972 453 3036 nuda
475 2970 688 3058 capitulorum
712 2973 841 3038 decreta
863 2984 895 3038 et
910 2973 1082 3040 electarum
1096 2995 1306 3061 personarum
1321 2973 1419 3038 etiam

92 3084 266 3156 praeeunte
288 3075 467 3140 iuramento
489 3075 592 3140 factae
616 3077 925 3160 commendationes,
949 3076 1007 3142 sed
1028 3076 1242 3164 praecedente
1272 3075 1419 3161 diligenti

92 3177 298 3264 inquisitione
321 3178 362 3244 de
383 3180 519 3244 veritate
541 3179 594 3244 vel
618 3180 758 3244 falsitate
782 3171 985 3245 decretorum
1005 3179 1182 3246 aharumve
1203 3179 1417 3244 intervenien-

91 3281 169 3346 tium
193 3282 507 3348 commendationum
530 3284 771 3366 confirmentnr;
800 3285 876 3347 item
908 3291 942 3346 ut
964 3284 998 3347 in
1020 3282 1175 3348 electione
1197 3281 1416 3369 praelatorum

9 3431 10 3436 η
92 3389 206 3451 aetatis
229 3396 262 3450 et
284 3384 447 3472 qualitatis
469 3409 681 3472 personarum
703 3385 784 3450 ratio
806 3384 972 3459 habeatur,
995 3394 1117 3450 utnon
1139 3386 1240 3471 pueri,
1264 3409 1329 3452 non
1343 3406 1416 3472 pro·

91 3486 154 3553 fani
176 3499 211 3554 et
232 3490 386 3554 militares
408 3487 552 3554 homines
574 3497 607 3553 et
628 3488 671 3554 ad
692 3487 912 3554 ecclesiastica
933 3489 1071 3573 negocia
1084 3489 1190 3554 minus
1205 3489 1340 3572 habiles,
1356 3489 1415 3554 sed

90 3591 169 3656 tales
194 3595 322 3658 omnino
344 3615 503 3680 personae
518 3593 678 3679 eliganttu
693 3613 829 3678 quorum
847 3591 979 3657 consilio
995 3602 1027 3656 et
1042 3614 1141 3679 opera
1156 3590 1312 3660 ecclesiae
1327 3600 1415 3660 recte

91 3695 264 3778 gubernari
287 3699 420 3783 possint.

190 3800 242 3864 De
265 3798 398 3864 scholis:
421 3809 457 3862 nt
478 3798 628 3884 publicae
651 3798 780 3864 scholae
803 3809 834 3863 et
855 3800 1025 3885 gymnasia
1039 3801 1102 3864 iam
1118 3807 1226 3865 erecte
1239 3800 1411 3866 reformen-

91 3910 141 3966 tur
162 3913 196 3968 et
217 3902 272 3966 ubi
295 3925 375 3988 opus
399 3914 446 3968 eet
467 3925 555 3968 nova
576 3905 739 3989 erigentur
761 3904 931 3989 omniaque
961 3902 1042 3968 haec
1063 3901 1241 3966 redditibus
1263 3912 1296 3967 et
1317 3903 1414 3989 privi-

91 4002 180 4090 legiis
205 4004 447 4092 amplificentur,
471 4005 615 4070 similiter
637 4015 669 4071 et
691 4005 780 4092 apud
802 4004 1004 4070 cathedrales
1033 4015 1066 4070 et
1090 4004 1280 4092 collegiatae
1310 4004 1410 4072 eecle-

93 4110 152 4172 sias
176 4108 313 4194 collegia
334 4131 393 4196 pro
417 4110 612 4196 pauperibus
636 4109 838 4176 studentibus
866 4108 989 4174 alendis
1018 4109 1191 4194 erigantur.
1223 4147 1265 4158 -
1296 4107 1336 4173 de
1358 4131 1411 4173 ne·

93 4210 245 4297 gligentia
267 4223 343 4276 etc:
370 4223 405 4276 nt
434 4215 466 4276 in
494 4213 555 4278 hoc
584 4213 719 4278 concilio
743 4212 783 4277 de
804 4212 978 4278 residentia
998 4211 1160 4299 personali
1189 4213 1413 4298 episcoporum

94 4315 290 4402 aliorumque
313 4315 499 4380 inferiorum
520 4315 738 4401 praelatorum
754 4315 927 4401 dignitates
949 4325 982 4380 et
1003 4337 1164 4380 annexam
1179 4337 1289 4380 curam
1305 4324 1412 4400 pasto-

92 4418 189 4484 ralem
210 4417 396 4483 habentium
419 4417 607 4502 declaretur,
630 4441 703 4484 eam
726 4440 796 4484 esse
819 4418 872 4483 vel
899 4420 978 4483 iuris
1008 4417 1109 4484 divini
1136 4417 1188 4483 vel
1211 4415 1344 4482 humani
1364 4415 1411 4481 id-

94 4541 153 4606 que
176 4521 436 4586 discordantibus
458 4521 601 4608 patribus
623 4543 683 4608 per
704 4521 910 4588 concordiam
933 4523 1001 4586 sive
1029 4519 1303 4586 consentientibus
1327 4518 1410 4584 ordi-

93 4627 178 4690 nario
203 4625 349 4708 decreto,
384 4627 469 4690 etin
492 4635 628 4712 unoque
651 4647 730 4691 casu
758 4635 917 4690 statuatur
944 4633 980 4688 ut
1008 4623 1220 4711 personaliter
1247 4622 1410 4688 resideant

94 4737 123 4790 et
144 4753 216 4793 cum
237 4730 316 4816 ipsis
339 4751 404 4793 non
427 4731 495 4794 sine
517 4727 765 4794 evidentissimis
788 4728 895 4793 causis
917 4727 1132 4814 dispensetur.
1162 4726 1267 4792 —de
1290 4725 1409 4791 benefi-

94 4833 146 4895 ciis
168 4843 200 4898 et
222 4833 376 4919 qualitate
399 4854 508 4897 eornm
532 4834 586 4919 qui
609 4830 651 4896 ad
672 4831 830 4897 beneficia
844 4830 1055 4916 promovendi
1078 4839 1166 4896 sunt:
1190 4838 1225 4894 ut
1250 4829 1409 4896 beneficia

95 4934 309 5001 ecclesiastica
336 4946 368 4998 et
396 4936 566 5020 dignitates
593 4937 745 4998 ministris
773 4934 898 4999 idoneis
928 4933 1106 5020 praemisse
1131 4931 1277 5018 diligenti
1305 4932 1408 5019 inqui-

95 5039 201 5105 sitione
230 5041 270 5106 de
300 5061 410 5104 eorum
432 5038 579 5106 doctrina
599 5041 667 5104 vita
690 5048 721 5105 et
743 5041 985 5104 conversatione
1008 5037 1222 5102 conferantur.

1203 5141 1253 5190 ³4*
