3498 5818
321 521 382 583 att

320 707 464 774 habeant
485 729 672 794 comparere
694 717 727 773 et
748 710 876 774 nomine
899 731 939 775 ac
960 707 1032 775 loco
1055 719 1165 775 nostro
1188 731 1401 798 quaecunque
1428 709 1491 776 illis
1519 713 1653 799 agenda

328 820 361 876 ct
383 808 596 875 consultanda
617 833 676 896 pro
699 833 787 876 more
811 811 1043 878 consuetudine
1068 821 1101 878 et
1126 815 1251 878 ratione
1280 813 1406 880 concilii
1428 815 1490 880 rite
1510 813 1658 880 habendi

326 912 529 995 incumbent,
552 914 586 976 in
608 913 647 976 iis
671 911 857 998 diligentem
879 935 1012 1000 operam
1034 913 1202 980 consilium
1225 913 1397 1001 studiaque
1419 937 1478 982 sua
1500 917 1660 984 adbibere

325 1015 436 1082 velint

432 1118 493 1183 His
514 1138 591 1184 vero
614 1118 770 1204 expositis
790 1117 889 1184 iidem
904 1127 1049 1184 oratores
1064 1121 1275 1186 commissarii
1289 1127 1322 1184 et
1336 1120 1528 1188 mandatarii
1541 1127 1659 1207 nostri,

323 1243 395 1286 cum
420 1219 463 1286 ad
485 1229 640 1285 tractatus
664 1230 696 1285 et
718 1240 911 1305 congressus
934 1220 1107 1288 deventum
1129 1221 1226 1286 buerit
1247 1231 1280 1286 et
1301 1221 1381 1287 alias
1410 1245 1539 1312 quoque
1567 1228 1660 1290 omni

322 1323 394 1390 loco
417 1333 450 1388 et
472 1333 615 1409 tempore
642 1343 758 1388 curare
782 1320 954 1408 debebunt,
977 1332 1014 1388 nt
1036 1325 1116 1410 ipsis
1138 1333 1292 1410 tanquam
1316 1324 1496 1391 oratoribus
1519 1328 1660 1414 impera·

325 1426 404 1490 toris
426 1425 645 1491 Romanorum
668 1427 790 1512 primus
822 1447 842 1488 a
863 1425 1015 1511 pontifice
1038 1427 1172 1513 eiusque
1193 1426 1259 1490 ΒΝ·
1281 1424 1396 1512 legatis
1417 1449 1497 1513 prae
1519 1432 1662 1496 caeteris

325 1528 491 1596 christiani
514 1526 601 1592 orbis
623 1527 823 1613 principibus
846 1527 937 1592 locus
961 1529 1155 1613 assignetur,
1182 1549 1278 1615 quem
1293 1529 1328 1592 in
1344 1526 1492 1596 omnibus
1507 1533 1662 1598 sessioni·

326 1631 384 1696 bus
408 1628 698 1696 consultationibus
721 1629 1007 1695 deliberationibus
1030 1639 1063 1695 et
1075 1629 1201 1695 actibus
1217 1653 1259 1696 ex
1275 1629 1432 1717 dignitate
1446 1642 1558 1700 nostra
1572 1637 1662 1700 tueri

325 1755 456 1798 servare
490 1742 523 1799 et
555 1754 671 1798 ornare
704 1730 893 1816 studebunt,
930 1734 1135 1798 autoritatem
1167 1742 1312 1799 nostram
1336 1732 1419 1798 ΟΜ·
1452 1735 1663 1822 interponent

326 1838 498 1922 omniaque
532 1857 571 1900 ca
602 1834 725 1899 facient
760 1832 869 1900 dicent
902 1841 1017 1920 gerent
1042 1833 1230 1900 tractabunt
1256 1845 1289 1900 et
1320 1835 1542 1921 procurabunt
1573 1861 1663 1925 quse

324 1937 467 2025 alioquin
490 1946 634 2003 oratores
657 1939 888 2022 imperatorum
910 1935 948 2001 R„
966 1937 1000 1999 iu
1016 1937 1233 2002 oecumenicis
1249 1935 1496 2004 christianorum
1512 1941 1661 2008 conciliis

324 2044 394 2106 iure
416 2039 468 2106 vel
492 2025 725 2105 consuetudine
748 2059 846 2124 agere
868 2036 953 2103 soliti
977 2048 1060 2102 sunt.

428 2141 556 2207 Deinde
569 2163 642 2207 cum
655 2143 751 2206 etiam
764 2141 889 2206 anobis
901 2149 1090 2230 etexpsrte
1100 2139 1417 2229 archiepiscoporum
1428 2145 1661 2231 episcoporum

327 2257 359 2312 et
373 2245 591 2334 praelatorum
614 2246 705 2331 regni
727 2245 829 2310 nostri
847 2243 1035 2329 Hungariae
1052 2243 1196 2328 deputati
1213 2245 1277 2309 sint
1292 2244 1424 2331 quidam
1440 2247 1585 2334 episcopi
1601 2250 1662 2336 qui

324 2351 453 2416 nomine
468 2357 577 2414 nostro
594 2357 750 2435 tanquam
765 2348 852 2433 regis
866 2346 1057 2432 Hungariae
1073 2355 1105 2412 et
1119 2367 1179 2432 pro
1196 2346 1310 2412 eodem
1324 2369 1424 2434 regno
1438 2359 1549 2416 nostm
1565 2350 1662 2416 Hun-

323 2455 434 2540 gariae
449 2454 482 2516 in
506 2450 640 2516 concilio
657 2459 873 2536 compareant,
897 2465 937 2514 ac
955 2450 1087 2536 insuper
1102 2449 1335 2514 iniunxerimus
1350 2453 1511 2538 episcopis
1527 2450 1662 2518 Olomu-

326 2557 415 2621 censi
430 2564 462 2620 et
474 2553 743 2633 Wratislaviensi,
762 2560 799 2617 ut
813 2562 845 2618 st
867 2553 929 2640 ipsi
943 2553 1031 2616 viros
1046 2549 1193 2616 doctrina
1207 2550 1380 2638 prudentia
1400 2575 1574 2641 rerumque
1595 2577 1662 2620 usn

327 2665 531 2745 praestantes
559 2655 602 2722 ad
631 2653 802 2720 concilium
826 2653 1020 2742 expediant,
1044 2653 1238 2719 arbitramur
1259 2651 1409 2740 equidem
1431 2655 1547 2722 decere
1570 2658 1663 2744 quod

328 2763 390 2848 ipsi
414 2769 558 2825 oratores
587 2758 798 2824 commissarii
826 2770 858 2822 et
884 2755 1078 2822 mandatarii
1105 2756 1207 2821 nostri
1234 2757 1289 2843 qui
1322 2777 1382 2822 nos
1415 2759 1590 2844 praecipue
1627 2769 1664 2825 ut

326 2866 555 2949 imperatorem
577 2859 796 2926 Romanorum
826 2857 987 2944 simulque
1007 2867 1045 2922 ut
1065 2879 1177 2944 regem
1198 2857 1375 2924 Bohemiso
1396 2867 1430 2924 ct
1451 2859 1664 2928 archiducem

326 2967 480 3030 Austriae
499 2961 777 3050 representabnnt,
800 2984 873 3026 cum
890 2970 1017 3026 oratore
1031 2969 1142 3025 nostro
1158 2959 1348 3046 Hungarico
1369 2970 1402 3026 et
1416 2965 1552 3028 caeteris
1566 2967 1664 3052 regni

327 3067 413 3134 illius
436 3067 598 3154 deputatis
621 3065 782 3153 episcopis
804 3085 905 3128 unum
927 3083 1045 3148 corpus
1068 3061 1218 3128 efficiant
1241 3064 1351 3150 itaque
1374 3062 1539 3130 debebunt
1560 3065 1663 3134 iidem

328 3181 471 3238 oratores
507 3168 718 3235 commissarii
746 3175 779 3232 et
804 3165 999 3231 mandatarii
1026 3165 1127 3230 nostri
1149 3185 1222 3230 cum
1243 3165 1397 3251 praefatis
1418 3165 1586 3253 Hungaris
1607 3191 1665 3236 res

328 3277 361 3340 in
392 3273 461 3340 dies
489 3279 689 3357 emergentes
717 3268 875 3336 benevole
896 3267 1161 3354 familiariterque
1190 3266 1335 3332 conferre
1357 3268 1554 3356 consiliaque
1577 3293 1666 3338 com·

327 3379 506 3456 municius,
537 3373 698 3438 adiunctis
721 3374 818 3438 etiam
841 3369 1037 3458 quandoque
1059 3371 1093 3434 in
1119 3371 1158 3434 iis
1185 3370 1330 3456 negociis
1358 3391 1443 3457 quas
1469 3391 1536 3438 non
1562 3373 1663 3441 modo

326 3482 497 3568 imperium
519 3499 632 3543 verum
655 3477 751 3540 etiam
773 3474 928 3540 universa
948 3493 1051 3558 regna
1073 3493 1112 3535 ac
1134 3470 1278 3536 dominia
1296 3481 1408 3538 nosue
1423 3483 1456 3538 et
1469 3478 1663 3561 praesertim

325 3604 460 3668 regnum
489 3589 636 3646 noenum
662 3577 838 3644 Bohemiae
867 3583 900 3642 et
926 3574 1111 3661 provincias
1131 3574 1163 3638 ei
1186 3595 1331 3640 annexas
1354 3587 1558 3661 concernent,
1580 3599 1664 3645 nun·

330 3687 388 3753 ciis
411 3695 444 3751 et
464 3682 676 3749 mandatariis
700 3679 961 3768 supradictorum
976 3677 1212 3764 'episcoporum
1234 3675 1460 3744 Olomucsnsis
1481 3679 1665 3747 etWratis·

330 3787 498 3866 laviensis,
528 3783 703 3850 dummodo
726 3804 782 3849 eos
805 3789 898 3869 aptos
921 3790 954 3848 et
976 3778 1020 3844 ad
1041 3801 1094 3844 res
1115 3777 1276 3864 gerendas
1298 3778 1432 3848 idoneos
1453 3781 1523 3850 lore
1545 3805 1665 3871 cogno·

328 3892 444 3973 verint,
475 3890 522 3954 its
537 3895 574 3953 ut
595 3887 703 3953 omnia
727 3907 810 3973 quae
831 3893 899 3950 um
919 3883 1128 3969 imperatorio
1156 3903 1255 3968 quam
1284 3885 1375 3970 regio
1404 3892 1437 3950 et
1463 3884 1665 3954 arohiducsli

327 3994 457 4060 nomine
479 4001 590 4058 nostro
613 3989 744 4077 agenda
766 3998 798 4056 et
819 3986 990 4054 tractanda
1011 3994 1114 4068 erunt,
1138 3993 1205 4050 tam
1219 3987 1412 4052 unanimiter
1427 3997 1566 4074 agantur
1580 4000 1665 4058 trac

328 4105 509 4184 unumque,
532 4102 569 4160 ut
590 4117 633 4160 ex
655 4092 770 4160 eodem
793 4113 891 4158 sensu
913 4099 946 4156 st
971 4087 1105 4156 consilio
1133 4087 1279 4176 profecta
1306 4089 1480 4156 videantur
1506 4113 1568 4160 nec
1595 4092 1664 4160 ulls

329 4201 362 4264 in
385 4197 542 4264 eiusmodi
567 4195 761 4264 tractatibus
783 4203 816 4262 ct
834 4194 1015 4261 actionibus
1030 4191 1250 4280 discrepantia
1263 4200 1321 4257 sut
1335 4194 1546 4260 conbarietas
1560 4216 1663 4282 appa·

331 4310 410 4368 reat
435 4309 597 4367 casurum
621 4300 698 4365 dicti
720 4299 822 4364 nostri
845 4305 877 4364 et
890 4297 983 4384 regni
997 4297 1098 4362 nostri
1112 4293 1303 4382 Hungariae
1318 4304 1462 4362 oratores
1478 4305 1512 4362 ct
1524 4297 1663 4383 praelati

329 4405 439 4470 locum
469 4405 539 4489 regi
565 4402 754 4489 Hungariae
782 4399 928 4468 debitum
958 4408 991 4466 et
1019 4407 1254 4486 competentem
1287 4399 1321 4464 in
1354 4397 1504 4464 omnibus
1536 4400 1663 4468 actibus

331 4529 458 4572 summa
482 4527 559 4572 cura
583 4527 714 4571 servare
736 4512 770 4571 et
791 4507 874 4570 tucri
896 4503 1080 4571 studebunt

433 4608 478 4674 Et
499 4607 629 4695 quando
645 4606 823 4695 supradicti
838 4605 896 4673 0¹²⁵
917 4606 1018 4673 nocui
1033 4614 1177 4672 oratores
1192 4615 1227 4671 et
1240 4605 1453 4672 commissarii
1468 4623 1541 4670 sese
1555 4625 1664 4672 coram

332 4711 400 4778 1³²¹·
425 4709 646 4779 cardinalibus
667 4711 783 4799 legatis
805 4731 844 4776 eo
867 4731 932 4799 quo
955 4709 1076 4778 dictium
1098 4717 1148 4775 est
1168 4708 1266 4776 modo
1289 4707 1552 4797 praesentabunt,
1574 4707 1663 4774 volu·

333 4837 404 4882 mus
426 4823 464 4881 ut
484 4824 563 4879 tunc
585 4835 714 4902 quoque
736 4813 845 4879 adsint
865 4813 1003 4900 praefati
1025 4813 1170 4900 episcopi
1196 4820 1229 4878 et
1249 4810 1348 4899 legati
1369 4809 1518 4898 Hungsri
1540 4819 1574 4876 et
1593 4829 1663 4878 sese

332 4918 477 4984 similiter
500 4915 675 4983 exhibeant
697 4925 730 4981 et
750 4925 974 5004 praesentent,
1009 4915 1095 5004 quod
1125 4914 1202 4981 dum
1228 4913 1431 5002 peregerint,
1465 4915 1545 5001 ipsis
1568 4915 1661 4980 etism

329 5023 467 5107 praefati
489 5029 632 5087 oratores
652 5030 684 5086 et
699 5021 910 5087 commissarii
924 5019 1026 5086 nostri
1040 5017 1190 5084 ass‘ntere
1207 5015 1380 5083 debebunt
1402 5035 1500 5103 porro
1515 5015 1659 5102 quemdo-
