3450 5818
865 875 1094 962 CLXXVI.

605 1095 674 1168 Dte
702 1094 1018 1172 Oeuetteratereu
1046 1121 1093 1174 au
1121 1102 1193 1176 den
1223 1103 1370 1192 Kainon

794 1255 926 1316 Trioni,
944 1257 983 1304 ‘29
1000 1255 1065 1304 Mai
1089 1257 1166 1305 1562

660 1463 836 1516 Concitccteu.
862 1463 1008 1534 Ortpiual,·
1029 1463 1060 1516 in
1078 1469 1167 1535 tergo:
1190 1469 1209 1519 2
1232 1466 1308 1518 ‚runt

427 1647 473 1712 Ut
495 1646 631 1732 primum
655 1641 714 1706 Mu.
737 1643 776 1706 V.
801 1641 868 1706 S¹”¹‘
892 1643 1000 1707 literas
1022 1643 1237 1708 intelleximus
1267 1645 1499 1709 distahein
1530 1647 1653 1709 mensis

328 1755 436 1831 datas,
465 1771 546 1836 quas
575 1771 634 1810 nos
666 1747 707 1810 26
731 1769 853 1809 summo
876 1767 970 1810 manc
994 1749 1194 1834 accepimus,
1229 1749 1299 1812 R¹¹²⁰¹
1323 1747 1363 1814 D.
1385 1749 1511 1833 legatos
1542 1751 1652 1812 statim

327 1855 486 1920 adivimus
515 1859 547 1917 et
570 1875 610 1915 cx
633 1852 831 1936 praescripto
859 1849 920 1913 Mu.
950 1849 989 1914 V.
1013 1849 1045 1914 S.
1074 1851 1231 1936 gradatim
1263 1851 1325 1915 illis
1348 1852 1518 1937 negocium
1551 1853 1653 1916 conti-

327 1958 488 2024 nuationis
512 1955 624 2020 eodem
657 1955 709 2018 die
732 1961 763 2018 ct
786 1953 994 2040 sequentibus
1025 1953 1149 2019 duobus
1180 1955 1293 2020 diebus
1324 1956 1563 2042 proposuimus.
1606 1953 1653 2018 ilii

326 2061 555 2148 statimpetito
578 2083 598 2122 a
620 2057 712 2121 nobis
736 2059 803 2121 cius
826 2059 927 2143 partis
960 2057 1123 2122 literarum
1151 2059 1299 2145 exemplo
1326 2060 1360 2123 in
1384 2081 1448 2144 qua
1469 2057 1652 2144 prudentis-

327 2168 415 2233 simis
444 2177 476 2230 et
498 2163 616 2251 optime
647 2161 837 2245 excogitatis
867 2159 1057 2247 quibusdam
1084 2161 1261 2227 rationibus
1293 2163 1568 2228 continuationem
1592 2162 1653 2226 hoc

328 2285 474 2358 tempore
497 2267 650 2333 subticeri
672 2265 788 2331 debere
812 2277 1090 2350 counnoustratur,
1114 2267 1349 2354 responderunt
1367 2289 1401 2332 se
1417 2268 1462 2331 ita
1475 2265 1654 2354 perplexos

328 2389 360 2442 et
383 2374 498 2439 dubios
522 2393 592 2436 esse
621 2371 756 2456 utquid
784 2373 983 2456 potissimum
1007 2372 1148 2456 cogitare
1182 2389 1238 2435 aut
1258 2373 1384 2457 possint
1411 2382 1468 2435 aut
1493 2369 1651 2452 debeant,

324 2478 404 2545 nihii
419 2479 496 2542 certi
512 2475 662 2553 babeant,
680 2497 778 2560 quare
794 2485 902 2560 petere
919 2497 953 2538 se
965 2473 1181 2554 vehementer,
1197 2485 1233 2540 ut
1250 2474 1383 2539 consitio
1395 2485 1505 2539 nostro
1518 2495 1650 2538 succur-

326 2605 443 2647 ramus.
468 2581 530 2644 hoc
552 2577 598 2642 illi
614 2577 743 2664 quidem
759 2575 858 2642 verbo
876 2577 1034 2659 dixerunt,
1059 2577 1115 2642 sed
1140 2579 1265 2642 interim
1288 2578 1364 2642 dum
1380 2601 1439 2643 nos
1461 2599 1655 2664 responsum
1715 2643 1716 2646 ,

326 2695 546 2772 expectamus,
580 2705 644 2745 non
667 2679 777 2745 audito
807 2692 862 2745 aut
884 2682 1037 2768 requisito
1061 2681 1195 2746 consitio
1218 2691 1337 2766 nostro,
1360 2679 1544 2768 exemplum
1569 2681 1654 2746 illius

326 2789 427 2878 partis
450 2785 613 2851 literarum
637 2784 676 2849 de
700 2805 763 2871 qua
785 2787 849 2848 iam
873 2783 1012 2849 diximus
1034 2809 1093 2873 per
1115 2807 1277 2851 cursorem
1302 2788 1408 2849 statim
1434 2785 1574 2850 Romam
1599 2785 1652 2848 mi·
1715 2803 1716 2854 ς

327 2902 435 2958 serunt
458 2901 489 2955 ct
512 2889 551 2954 de
574 2898 640 2954 toto
664 2891 791 2974 negocii
814 2897 899 2953 statu
922 2889 964 2954 ad
980 2911 1137 2954 summum
1154 2889 1337 2972 pontificem
1353 2887 1538 2954 retulerunt.
1565 2889 1655 2978 quod

330 3019 402 3062 eum
425 2993 518 3060 nobis
543 3015 606 3057 non
629 2991 828 3080 probaretur,
852 2993 1048 3058 ostendimus
1071 2993 1223 3058 modestis
1247 2992 1357 3059 verbis
1379 2993 1442 3059 hoc
1456 2991 1580 3058 facttum
1596 3015 1655 3056 nos

329 3099 447 3181 mirari,
480 3097 670 3184 praesertim
706 3118 779 3160 cum
794 3094 947 3160 hactenus
969 3097 1032 3160 iam
1056 3097 1240 3182 opinionem
1261 3095 1468 3162 habuerimus
1491 3097 1582 3182 ipsos
1599 3117 1655 3159 sua

329 3204 500 3270 autoritate
522 3199 564 3264 ad
579 3199 760 3287 propositas
776 3199 945 3284 petitiones
961 3199 1156 3286 respondere
1177 3209 1209 3264 et
1224 3199 1468 3265 occunentibus
1483 3197 1655 3264 difficulta-

327 3307 413 3372 tibus
436 3305 563 3370 obviam
592 3305 638 3367 ire
670 3325 773 3389 posse.
806 3301 888 3368 haec
916 3312 948 3368 et
969 3325 1052 3388 quae
1081 3303 1123 3367 ad
1144 3299 1297 3368 tuendam
1320 3301 1448 3368 concilii
1469 3299 1653 3368 libertatem

328 3417 473 3495 spectare
496 3408 567 3471 visa
590 3415 673 3488 sunt,
697 3405 841 3470 breviter
863 3415 895 3470 et
916 3405 1060 3470 modeste
1084 3405 1258 3492 attigimus.
1282 3407 1344 3492 ipsi
1366 3428 1432 3470 non
1454 3407 1562 3470 minus
1586 3429 1655 3471 mc-

327 3513 417 3578 deste
442 3510 535 3576 nobis
558 3507 796 3596 responderunt
818 3520 850 3573 et
871 3508 934 3574 hoc
956 3529 1047 3573 suum
1070 3509 1191 3574 fuctum
1224 3509 1340 3596 quibus
1361 3517 1536 3594 potuerunt
1559 3509 1654 3574 ratio-

327 3613 421 3679 nibus
445 3635 602 3678 excusarc
625 3612 730 3676 conati
754 3621 836 3676 sunt.
858 3612 1026 3698 potissima
1048 3622 1156 3677 tamen
1178 3613 1320 3699 ipsorum
1348 3613 1431 3677 ratic
1456 3632 1519 3700 qua
1549 3612 1649 3678 veluti

326 3717 507 3784 firmissima
530 3713 680 3779 columna
702 3715 760 3779 niti
782 3715 976 3781 videbantur
996 3717 1057 3780 fuit
1076 3715 1141 3800 illa,
1166 3716 1253 3803 qued
1274 3739 1367 3781 nemo
1404 3717 1522 3781 rectius
1545 3713 1654 3781 bullae

328 3820 555 3888 obscuritatem
589 3830 621 3884 ct
643 3819 884 3905 ambiguitatem
907 3817 1071 3904 explicare
1104 3829 1136 3886 et
1164 3841 1274 3885 omnes
1304 3817 1508 3884 difficultates
1539 3817 1653 3884 tollere

328 3947 424 4011 posse
447 3921 620 4005 videretur,
644 3943 739 4008 quam
762 3919 815 3988 ille
838 3925 907 4011 ipse
922 3923 977 4010 qui
993 3921 1114 3988 bullam
1130 3923 1222 3988 iussit
1235 3921 1314 4006 tieri,
1338 3943 1481 3988 summus
1496 3921 1652 4009 pontifex.

329 4027 444 4092 deinde
465 4048 542 4091 vero
566 4025 835 4114 quemadmodum
858 4037 1001 4092 oratores
1018 4049 1185 4092 caesareos
1202 4027 1295 4092 dccet
1308 4027 1341 4091 in
1356 4025 1541 4093 difficilibus
1557 4025 1654 4091 rebus

328 4130 370 4196 ad
394 4127 426 4196 S.
444 4127 521 4194 Μ”““
542 4129 583 4194 V.
605 4152 779 4212 recurrere,
804 4132 849 4194 ita
877 4129 939 4196 sibi
962 4151 1090 4218 quoquc
1112 4129 1173 4195 hoc
1196 4129 1302 4214 licere,
1331 4139 1367 4196 ut
1388 4131 1421 4194 iu
1444 4129 1544 4195 rebus
1569 4150 1651 4215 quae

328 4243 450 4299 tanum
464 4231 586 4298 babent
602 4231 832 4317 difficultatem,
857 4243 1008 4321 quantam
1020 4233 1082 4299 hec
1098 4233 1345 4300 continuationis
1360 4235 1531 4322 negocium
1544 4231 1652 4312 habet,

328 4335 371 4401 ad
393 4357 553 4402 summum
574 4332 758 4422 pontificem
782 4335 871 4401 cuius
888 4348 962 4401 sunt
981 4336 1081 4422 legati
1102 4335 1250 4402 referant.
1275 4360 1347 4402 cum
1368 4357 1427 4402 nos
1444 4359 1652 4424 quereremur

327 4461 392 4504 non
414 4437 549 4506 eandem
571 4439 631 4504 Ma.
654 4439 693 4504 V.
710 4437 742 4505 S.
767 4463 862 4527 quam
887 4437 972 4505 Sere
989 4441 1220 4528 Hispaniarum
1234 4444 1321 4528 regis
1335 4439 1480 4506 habitam
1495 4441 1651 4506 rationem

327 4543 432 4610 videri
454 4566 559 4630 posse,
584 4545 635 4609 cui
651 4543 722 4628 hoc,
746 4567 811 4610 non
829 4546 983 4633 requisito
1007 4567 1130 4610 summo
1146 4545 1306 4632 pontifice,
1330 4565 1519 4611 concessum
1535 4553 1568 4609 et
1581 4566 1650 4630 pro-

329 4647 462 4712 missum
485 4657 533 4712 est
556 4657 587 4714 et
609 4647 709 4713 verbo
733 4657 765 4713 et
787 4649 915 4735 scripto,
948 4657 983 4713 ut
1004 4648 1037 4712 in
1059 4650 1209 4735 proxima
1232 4650 1374 4714 sessione
1404 4645 1649 4714 continuationis

330 4772 485 4838 expressa
507 4751 626 4817 mentio
649 4750 747 4833 fieret,
770 4750 1006 4837 responderunt
1027 4749 1089 4816 hoc
1111 4773 1146 4816 se
1167 4763 1333 4837 praestare
1355 4773 1421 4816 non
1443 4771 1548 4837 posse,
1576 4771 1650 4836 pro·

329 4865 440 4942 pterea
462 4854 550 4941 quod
572 4855 634 4918 iam
664 4863 760 4920 antea
790 4876 933 4919 summus
960 4855 1106 4942 pontifex
1133 4855 1203 4943 ipse
1232 4854 1323 4920 Scit⁰
1345 4856 1416 4940 regi
1443 4853 1648 4940 promisisset,

328 4961 436 5046 itaque
465 4955 552 5022 nullo
583 4966 678 5042 pacto
709 4959 789 5022 certi
823 4980 857 5021 se
885 4957 1052 5045 quidpiam
1082 4957 1146 5024 hac
1175 4957 1217 5026 dc
1239 4980 1274 5031 re
1296 4955 1475 5029 deliberare
1502 4977 1597 5049 posse
1618 4965 1648 5022 et

330 5074 429 5128 toturn
453 5084 473 5129 a
495 5061 610 5128 suuuui
632 5060 792 5150 pontificis
814 5083 970 5154 responso
992 5061 1142 5155 pendere.
