3460 5826
1349 529 1412 595 381

85 737 116 791 ut
136 728 253 792 omnia
275 727 308 790 in
330 745 404 790 eum
427 723 513 790 diem
535 721 666 790 decreta
685 719 975 809 promulgarentur.
997 722 1189 808 petebamus
1211 733 1318 788 autem
1342 743 1406 787 ses·

82 833 177 897 sionis
189 829 384 897 diletionem
398 837 437 893 ut
448 828 572 893 interea
584 835 694 914 patres
709 825 751 890 de
767 823 866 889 variis
881 824 1047 890 sententiis
1061 825 1146 892 inter
1158 847 1194 890 se
1211 825 1412 892 commodius

81 934 267 1001 deliberare
287 941 431 1020 possent.
454 939 616 998 caeterum
638 933 809 1018 quominus
830 929 911 996 illud
932 927 1098 1018 impetrari
1111 931 1216 1017 possit
1230 939 1266 995 ut
1281 929 1412 996 decreta

79 1039 108 1102 in
131 1036 269 1103 concilii
292 1035 387 1100 finem
408 1043 624 1112 reserventur,
654 1032 784 1100 obstare
805 1035 895 1100 aiunt
915 1043 1043 1121 patrum
1066 1035 1208 1099 omnium
1228 1032 1412 1100 voluntates

12 1201 13 1224 p
78 1151 108 1206 et
128 1141 243 1227 ipsam
266 1138 408 1205 habendi
424 1137 553 1204 concilii
575 1139 733 1203 rationem
756 1147 854 1227 atque
877 1159 897 1203 a
918 1137 1094 1204 maioribus
1110 1146 1278 1223 acceptam
1294 1146 1327 1202 et
1341 1160 1414 1225 per·

12 1231 13 1276 t
75 1252 174 1330 petuo
199 1245 240 1308 in
261 1243 348 1309 hunc
370 1265 473 1330 usque
496 1242 582 1308 diem
605 1249 765 1309 servatum
781 1241 1055 1308 consuetudinem.
1077 1250 1251 1328 propterea
1265 1240 1363 1306 etiam
1378 1244 1411 1306 in

76 1347 154 1433 ipsis
177 1344 384 1413 sessionibus
406 1347 587 1412 futurarum
609 1347 789 1412 sessionum
811 1345 882 1412 dies
904 1355 937 1410 et
958 1345 1108 1412 materias
1131 1341 1317 1410 tractandas
1338 1366 1412 1432 pro-

12 1469 13 1474 ¹
75 1450 230 1537 mulgeri,
261 1461 298 1517 nt
319 1469 432 1516 omnes
452 1447 634 1534 intelligant
660 1448 703 1514 ad
730 1469 803 1514 eum
832 1448 918 1514 diem
946 1449 1097 1514 materias
1126 1445 1305 1535 dequibus
1327 1457 1411 1514 trac-

74 1562 177 1619 tatum
210 1564 300 1620 esset
320 1552 533 1640 publicandas
555 1561 589 1617 et
609 1553 708 1618 totius
730 1551 849 1638 synodi
876 1549 1007 1618 decreto
1029 1549 1240 1618 stabiliendas
1262 1571 1356 1616 esse.
1375 1601 1405 1616 ..

218 1745 268 1796 Ale
285 1744 413 1811 Beilagen
431 1743 478 1795 das
496 1759 544 1795 ans
561 1743 688 1810 Bourgss,
707 1745 722 1792 7
740 1741 812 1810 Sept
831 1743 925 1794 datirte
942 1743 1053 1794 Mandat
1067 1742 1113 1794 dae
1125 1743 1226 1810 Ktnigs
1244 1757 1298 1794 von
1309 1741 1410 1793 Frank-

142 1831 226 1882 reich
249 1831 299 1898 (La
316 1831 377 1883 Pht
394 1833 418 1882 6.
436 1830 498 1898 ool)
521 1830 577 1882 und
594 1829 637 1882 dis
655 1829 760 1882 ursuli
777 1829 811 1882 de
827 1835 993 1882 sacramanto
1012 1830 1110 1882 ordinis
1135 1828 1237 1880 welche
1255 1828 1307 1880 dau
1325 1828 1411 1880 Theo·

141 1916 232 1985 legen
255 1933 298 1969 am
324 1919 356 1970 18
373 1917 512 1984 vorgalsgt
534 1914 589 1968 und
606 1915 650 1966 die
668 1921 756 1966 ronst
777 1930 820 1968 am
843 1918 876 1967 23
895 1917 1015 1968 dmenttrt
1032 1915 1140 1966 wnrden
1167 1915 1321 1981 (Mendham
1338 1915 1408 1981 270).

141 2003 241 2056 Ueber
259 2005 337 2055 Luna
353 2019 374 2055 s.
391 2003 432 2055 Le
449 2001 512 2054 Plat
528 2004 553 2066 o,
571 2003 623 2052 cot
640 2001 695 2055 and
712 2003 781 2057 noa
799 1999 869 2056 intd.
888 2005 913 2064 9,
931 2004 989 2054 274.

217 2093 249 2142 Ιιι
268 2093 340 2142 sinu
356 2088 527 2142 Nacbscbrit’t
542 2087 680 2141 beriebten
698 2087 741 2138 dle
758 2087 889 2140 Oratoreu
905 2104 960 2140 ron
977 2088 1030 2140 den
1046 2085 1270 2152 Verbandlnngen
1292 2086 1411 2139 Lanaeus

140 2179 194 2229 mit
214 2177 268 2228 den
285 2177 412 2243 Legateu,
435 2172 537 2226 welche
560 2173 646 2224 dieser
662 2173 745 2225 selbst
761 2175 789 2224 in
811 2174 851 2224 Le
868 2173 929 2226 Plat
951 2175 1009 2225 too.
1028 2175 1079 2225 609
1103 2173 1166 2240 (egl.
1184 2172 1287 2224 Pallan.
1306 2174 1331 2238 2,
1345 2173 1408 2238 000)

141 2264 260 2325 enubit,
284 2263 354 2314 daun
371 2263 422 2314 wie
440 2255 554 2313 sia'dan
571 2259 691 2326 Legaten
715 2260 762 2311 des
779 2259 887 2311 Kaisers
913 2259 1059 2312 Sebreiban
1080 2275 1142 2311 vom
1162 2263 1193 2313 12
1211 2259 1314 2326 August
1330 2259 1407 2310 tiber·

140 2349 277 2414 reichtem
294 2349 343 2401 anf
351 2347 408 2400 ihre
418 2347 608 2414 Fordsrungen
633 2347 699 2399 aber
711 2345 771 2398 dass
784 2347 826 2400 die
838 2347 946 2400 Reform
958 2347 1064 2398 endlich
1081 2347 1130 2400 aui
1145 2345 1188 2398 dia
1201 2345 1411 2412 Tagasordnnng

141 2441 252 2502 gesetat
268 2435 364 2500 wuda,
380 2433 459 2486 theiis
471 2430 668 2499 absohltgiicbe
681 2430 759 2483 theiis
771 2431 973 2485 answeiehende
988 2434 1108 2485 Antwort
1121 2432 1260 2484 erbialtan:
1280 2430 1411 2500 gedrnckt

142 2521 183 2572 im
196 2521 297 2572 Archiv
314 2520 333 2576 f.
347 2527 371 2574 0.
386 2519 418 2572 G.
431 2519 473 2571 47.
492 2545 524 2558 ·-
541 2519 592 2570 Am
607 2522 644 2572 tt
659 2519 757 2574 keneu
775 2519 846 2572 daun
858 2519 901 2571 dia
914 2519 1045 2572 Oratcran
1062 2517 1213 2586 (Depeeche
1225 2535 1287 2570 vom
1299 2521 1333 2570 29
1346 2518 1409 2587 Sep

142 2606 264 2674 tomber)
282 2607 330 2658 mit
347 2605 399 2658 den
410 2606 530 2672 Legatsn
547 2605 628 2656 dabie
645 2607 763 2670 ttberein,
782 2605 844 2658 dass
857 2605 927 2670 jerat
944 2605 1032 2674 gleich
1050 2605 1084 2659 de
1102 2606 1194 2659 ordine
1213 2605 1334 2657 discum
1350 2606 1407 2658 und

145 2697 235 2747 voh'rt
257 2693 366 2746 wadan
393 2693 473 2758 susse,
496 2691 567 2745 dnn
588 2691 624 2744 ds
647 2691 780 2759 aliquibus
802 2690 998 2746 reformationis
1024 2692 1162 2761 capitibus,
1185 2691 1350 2746 schiissslich
1374 2692 1408 2746 da

142 2781 325 2836 mainerio.

645 2959 849 2971 ψ

665 3119 835 3280 οονιιζ

349 3429 445 3506 ‘Der
471 3427 602 3506 Kaisar
627 3449 673 3504 en
703 3429 764 3505 dte
791 3425 1124 3526 Oenoitoretoren3

506 3594 605 3664 Prng,
623 3595 663 3646 30
680 3593 875 3662 September
894 3594 983 3646 1002.

579 3773 758 3831 mussan.
783 3773 906 3846 Concept.

182 3933 406 4003 Intelleximus
423 3934 477 4025 [ex
494 3936 596 4004 literis
613 3937 653 4002 18
670 3935 869 4024 Septembris
894 3935 987 4026 datis]
1012 3959 1097 4026 qnae
1117 3939 1151 4004 in
1172 3936 1322 4026 proxima
1344 3959 1408 4003 sesu

77 4039 168 4107 sione
191 4040 321 4106 decreta
340 4039 477 4126 suerunt,
502 4039 620 4129 quibus
641 4039 933 4128 utaequiesoamus
955 4063 1088 4131 necpsse
1110 4051 1168 4108 est.
1192 4038 1405 4127 cogitabimus

77 4153 196 4230 autem,
221 4165 264 4210 ex
285 4167 349 4234 quo
370 4147 478 4211 visum
499 4146 560 4210 init
581 4145 728 4232 patribus
744 4148 985 4212 concessionem
1007 4145 1116 4212 calicis
1130 4147 1163 4211 in
1175 4144 1343 4212 arbitrium
1356 4145 1407 4212 8⁸¹

77 4244 117 4310 D.
140 4249 182 4313 N.
204 4249 345 4328 reticere,
369 4247 447 4336 quid
467 4269 526 4336 pro
548 4247 706 4314 beneficio
728 4249 926 4336 reipublicae
939 4249 1044 4316 chr*
1070 4258 1102 4317 et
1118 4251 1309 4337 praesertim
1331 4271 1406 4337 reg-

78 4371 193 4417 norum
219 4359 316 4440 atque
337 4351 576 4439 provinciarum
600 4347 737 4440 amplius
759 4349 849 4418 iaetu
871 4372 952 4440 opus
975 4354 1026 4418 sit

181 4453 313 4521 Accidit
334 4464 442 4522 autem
464 4453 558 4520 nobis
580 4475 738 4542 perquam
759 4455 929 4522 molestum
952 4456 1040 4544 qnod
1061 4457 1231 4543 negocium
1255 4456 1407 4522 reforma·

83 4560 178 4625 tionis
200 4558 271 4624 aliis
294 4558 476 4624 nationibus
499 4565 725 4647 praeterquam
747 4558 853 4625 Gallis
874 4581 939 4626 non
961 4561 1007 4625 ita
1034 4559 1124 4626 cordi
1151 4581 1223 4626 esse
1251 4559 1407 4642 videatur,

81 4683 153 4728 oum
175 4662 248 4728 luce
270 4662 449 4727 meridiane
475 4659 591 4727 clarius
614 4663 656 4726 sit
677 4661 801 4750 absque
823 4683 863 4728 ea
877 4671 1021 4750 optatam
1042 4663 1077 4728 in
1098 4662 1253 4749 religione
1275 4683 1407 4730 concor·

80 4765 165 4830 diam
196 4773 228 4832 et
250 4766 404 4831 unitatem
427 4768 594 4854 expectari
629 4787 694 4832 non
714 4787 821 4853 posse.
857 4789 963 4855 neque
985 4789 1063 4833 vero
1085 4789 1145 4833 vos
1166 4776 1341 4855 propterea
1363 4767 1405 4833 ab

84 4869 229 4957 urgenda
249 4869 478 4935 reformatione
499 4871 593 4936 iuxta
613 4870 849 4958 praescriptum
868 4873 1014 4958 priorum
1032 4871 1258 4938 mandatorum
1280 4879 1404 4937 nostro·

81 4995 150 5038 rum
173 4970 337 5056 desistere,
361 4971 419 5037 sed
441 4994 481 5039 ea
503 4975 589 5040 omni
612 4973 718 5039 studio
740 4995 932 5060 promovere
948 4971 1081 5058 debetis,
1105 4976 1151 5040 ita
1172 4983 1208 5040 ut
1222 4975 1403 5061 postposita

80 5077 266 5146 tractatione
307 5073 495 5170 dogmatum
526 5076 760 5148 reformationis
787 5079 960 5169 negocium
993 5076 1192 5168 absolvatur,
1223 5078 1272 5144 sin
1294 5085 1403 5150 auten
