3460 5826
1357 469 1419 533 tlt
1528 479 1531 484 “

163 659 237 728 quod
253 657 436 710 huiuscemodi
453 656 674 724 frequentioribus
692 659 797 708 monitis
815 663 842 709 et
859 657 1114 725 interpellationibus
1131 658 1227 709 nostris
1245 656 1352 709 concilii
1363 675 1421 726 pro-

164 761 282 815 gressum
305 746 412 795 minime
433 743 587 810 impeditum
608 744 640 794 iri
663 743 832 796 confidamus.
855 759 941 810 neque
964 759 1028 796 vero
1052 745 1175 796 miramur
1195 744 1267 811 qnod
1289 743 1367 796 sore·
1387 747 1420 798 V.

165 849 220 885 non
239 849 270 884 eo
300 849 353 899 quc
371 847 420 882 nos
437 831 518 882 enimi
540 830 645 882 fervore
661 831 801 896 negocium
824 831 1015 886 reformationis
1038 831 1167 882 hactenus
1190 847 1284 898 urgere
1302 832 1423 896 voluerit,

165 921 232 988 quia
247 936 302 971 non
319 920 470 985 ignoramus
488 933 627 984 regnorum
645 915 718 968 Seru·
736 916 768 967 V.
790 933 822 969 ac
840 919 1004 984 imperii...
1022 916 1102 984 longe
1120 917 1250 984 disparem
1269 934 1327 970 esse
1344 921 1422 972 ratio·

163 1023 287 1060 nem...
307 1006 355 1056 sed
372 1011 461 1056 tamen
483 1004 561 1055 nobis
578 1004 804 1069 persuasissimum
828 1008 869 1053 est
886 1003 975 1054 Serus
992 1002 1024 1053 V.
1048 1004 1076 1053 in
1093 1003 1125 1053 iis
1149 1018 1217 1070 quae
1243 1019 1293 1055 nos
1311 1004 1422 1056 subinde

160 1111 209 1160 pro
230 1092 368 1144 commodo
387 1091 414 1142 S.
432 1091 535 1158 imperii
553 1094 580 1141 et
597 1105 737 1156 regnorum
755 1087 980 1155 dominiorumque
1004 1095 1152 1141 nostrorum
1176 1092 1203 1141 in
1221 1091 1334 1143 concssio
1363 1109 1422 1159 pro-

162 1181 273 1246 posituri
285 1193 384 1241 sumus,
395 1175 460 1228 nibil
471 1174 652 1242 impedimenti
666 1173 840 1226 exhibituram
850 1191 915 1238 esse,
928 1174 1147 1241 quemadmodum
1155 1191 1242 1244 neque
1253 1193 1301 1228 nos
1311 1177 1375 1230 801³
1386 1179 1417 1230 V.

161 1268 189 1316 in
207 1265 260 1317 illis
278 1280 347 1332 quse
367 1261 532 1315 commodum
549 1275 689 1328 regnorum
707 1277 813 1312 auorum
837 1266 1006 1325 concernunt,
1033 1264 1173 1329 quicquam
1191 1265 1296 1332 negocii
1312 1264 1357 1315 rel
1373 1267 1420 1316 im·

160 1353 308 1420 pedimenti
326 1351 451 1402 exhibere
469 1350 615 1416 cogitamus
628 1383 636 1401 .
648 1384 655 1399 .
669 1386 676 1401 .
690 1353 807 1399 ceterum
823 1348 895 1414 quod
913 1347 993 1400 ses-¹
1004 1348 1037 1402 V.
1055 1348 1127 1400 dicto
1139 1365 1187 1402 suo
1200 1352 1298 1402 oretori
1309 1351 1421 1403 ulterius

161 1439 283 1504 iniungit,
301 1443 332 1488 ut
347 1435 441 1489 sedulo
460 1436 548 1486 obstet
571 1439 599 1485 et
623 1432 760 1500 provideat
785 1449 819 1484 ne
838 1435 978 1486 concilium
1001 1434 1044 1486 vel
1060 1451 1167 1501 prorsus
1190 1437 1361 1502 abrumpatur
1377 1439 1422 1488 vei

164 1525 363 1592 praecipitetur.
381 1537 431 1573 nos
444 1522 541 1587 optime
556 1519 655 1570 factum
674 1535 812 1570 censemus
831 1524 858 1570 et
868 1521 1016 1573 oratoribus
1033 1523 1128 1573 nostris
1145 1521 1214 1572 idem
1231 1521 1368 1590 bucusque
1385 1524 1423 1575 in·

161 1614 356 1663 iunximus...
384 1609 438 1660 Der
455 1605 536 1658 Struit
553 1607 601 1656 mit
619 1604 671 1656 den
688 1605 885 1657 frmresisonen
903 1605 1032 1658 Orntoren
1054 1609 1120 1658 iiber
1137 1607 1189 1659 den
1206 1608 1327 1676 Vorrang
1350 1624 1422 1661 mnas

161 1698 199 1748 im
218 1696 393 1764 eligemeinen
410 1695 541 1746 Interesse
560 1691 694 1760 bsigelegt
711 1692 824 1745 werden.
842 1691 901 1744 Alie
914 1693 1043 1746 Oratoren
1060 1699 1166 1746 mdsssn
1183 1693 1240 1745 sich
1257 1697 1422 1764 gsgenseitig

160 1783 343 1834 nnterricbten
359 1781 415 1832 und
426 1783 613 1832 unterstiitnen.
633 1779 720 1830 Wenn
733 1777 792 1830 dem
804 1780 908 1846 Kdnige
927 1779 974 1832 der
986 1795 1047 1832 rom
1061 1779 1154 1832 Ooncil
1166 1781 1297 1833 erlassene
1309 1781 1420 1834 (1111111-

162 1871 236 1922 brief
251 1886 286 1921 nn
304 1866 469 1936 weitgehend
487 1865 596 1930 subsint,
615 1881 645 1918 sc
662 1865 734 1916 kann
751 1865 903 1917 Ferdinend
921 1867 981 1917 dem
999 1865 1073 1918 nicht
1089 1867 1263 1922 beistimmen.
1293 1869 1330 1920 Er
1346 1869 1420 1922 hatto

160 1957 233 2010 noch
258 1963 376 2023 11111111
401 1953 614 2020 Zusicberungen
636 1952 796 2019 gewiinscht,
820 1967 864 2002 um
888 1951 939 2003 den
956 1953 1139 2004 Protestanten
1165 1954 1208 2004 die
1230 1955 1419 2023 Bescbioknng

162 2043 212 2094 dea
226 2041 332 2094 Concils
342 2057 374 2092 uu
385 2039 569 2107 ermbgiichen.
587 2037 660 2090 Jetrt
672 2037 774 2089 t'reiiicb
791 2038 879 2090 kenne
892 2055 921 2091 er
932 2039 1030 2091 keinen
1042 2039 1134 2091 Wertb
1146 2040 1220 2091 mehr
1229 2041 1325 2092 durani
1333 2041 1419 2109 legen,

162 2129 199 2180 da
217 2126 380 2193 hinlitnglich
403 2125 530 2178 ieststsbe
548 2125 609 2176 dass
631 2123 769 2176 diaselben
782 2123 851 2176 doch
865 2125 940 2177 nicht
950 2127 977 2176 in
989 2127 1081 2177 'Prient
1092 2127 1247 2178 erscbeinen
1257 2127 1371 2179 werden.
1389 2127 1420 2179 In

161 2215 207 2266 die
226 2213 381 2281 Streitfrage
397 2213 464 2266 dber
482 2213 524 2264 die
541 2211 671 2264 Besidems
689 2211 814 2262 1111111111
831 2227 860 2263 er
876 2212 933 2264 sich
950 2213 1025 2264 nicht
1041 2213 1295 2268 hineinaumischen.

650 2587 866 2677 OOXXV.

405 2820 600 2915 Prospero
629 2817 768 2894 d'Arco
795 2837 842 2893 sn
871 2818 944 2894 den
974 2817 1123 2908 ticinen

527 2973 617 3038 Rom,
635 2973 674 3024 13
690 2972 877 3025 December
896 2975 986 3026 lest.

426 3155 562 3212 nomm
587 3153 733 3227 Oript'nuR
753 3155 784 3210 in
805 3161 896 3227 terpo:
918 3157 939 3210 8
960 3153 1083 3214 Jantscr.

195 3340 315 3428 Doppo
339 3339 430 3405 ch'io
453 3335 562 3404 scrissi
583 3333 648 3401 elle
666 3333 722 3400 M'·
736 3333 802 3399 V..
819 3381 851 3398 ..
874 3334 905 3398 io
929 3355 988 3400 son
1010 3342 1093 3400 sicto
1116 3356 1178 3400 con
1200 3334 1243 3401 D.
1258 3332 1423 3400 Giovenni

94 3445 267 3532 Menrique
291 3443 334 3508 ds
356 3441 389 3509 S.
413 3440 459 3508 S*
479 3463 539 3528 per
560 3438 679 3506 vedere
702 3437 762 3504 che
781 3437 808 3502 si
823 3436 978 3524 spedisse.
1002 3436 1035 3504 S.
1052 3435 1097 3504 S*
1111 3437 1154 3503 he
1168 3460 1335 3526 promeaso
1351 3460 1421 3526 spe-

96 3547 179 3615 dirlo
202 3547 324 3614 811110
348 3543 546 3613 1111111111
568 3544 681 3630 giorno
706 3541 740 3607 di
762 3540 793 3607 S.
818 3539 959 3624 Stefano,
994 3549 1026 3606 et
1048 3541 1183 3608 credero
1206 3541 1265 3608 che
1287 3541 1367 3607 fatte
1390 3540 1420 3608 11

95 3651 179 3719 feste
202 3650 235 3715 di
255 3650 373 3716 Natele
395 3649 483 3717 detto
506 3647 548 3714 D.
566 3646 728 3714 Giovanni
748 3655 844 3735 potrc
865 3654 1062 3711 tornarsene.
1085 3645 1234 3712 havendo
1258 3646 1420 3712 comedite

94 3777 159 3822 non
182 3755 224 3822 ho
247 3753 357 3821 voluto
380 3774 531 3820 menoare
563 3751 597 3816 di
619 3749 688 3816 dire
709 3773 730 3817 a
753 3749 785 3816 S.
809 3748 854 3815 S‘·
884 3749 944 3816 che
965 3749 1007 3814 m'
1030 3771 1085 3816 era
1107 3757 1191 3817 stato
1212 3747 1301 3816 detto
1324 3750 1421 3816 etde

94 3881 236 3946 persona
257 3857 436 3946 principale
457 3856 517 3922 ohe
532 3855 564 3924 S.
581 3854 627 3921 8¹·
641 3853 756 3920 faceva
779 3853 921 3920 studisre
944 3875 1040 3942 sopra
1061 3853 1081 3918 l’
1094 3851 1245 3921 elettione
1268 3853 1313 3920 dil
1329 3853 1421 3921 Ser'²⁰

94 3985 129 4028 11
151 3963 194 4029 de
216 3962 364 4046 Romani,
396 3969 429 4027 et
451 3958 511 4026 che
533 3960 564 4025 io
585 3980 731 4046 pensava
752 3980 817 4025 non
838 3958 926 4024 fusse
956 3978 1016 4045 per
1037 3956 1118 4024 11111
1142 3979 1177 4022 11
1198 3980 1264 4024 non
1286 3980 1345 4044 per
1367 3983 1419 4026 ve-

96 4065 172 4135 dere
189 4067 219 4134 el
231 4067 327 4134 modo
340 4065 390 4132 ch’
399 4068 433 4132 in
449 4068 498 4132 cio
513 4065 683 4130 havevano
698 4072 811 4130 tenuto
826 4065 838 4128 i
851 4061 1003 4150 pontefici
1018 4063 1149 4150 passati,
1165 4070 1198 4127 et
1213 4060 1273 4127 che
1289 4062 1420 4152 quando

96 4171 185 4239 fusse
209 4179 292 4237 stetu
320 4193 379 4258 per
401 4169 483 4235 altro
506 4178 538 4235 et
559 4191 618 4255 per
638 4168 784 4234 metterci
807 4167 920 4234 dentro
948 4165 1085 4254 qualche
1107 4164 1272 4249 difficulte,
1303 4167 1334 4232 io
1356 4189 1423 4232 non

96 4275 221 4343 vedere
242 4274 362 4364 perche
382 4271 518 4339 dovesse
539 4273 651 4338 venire
665 4269 864 4337 inboscistor
879 4269 923 4335 dil
938 4268 1030 4336 Ser⁰⁰
1056 4291 1091 4335 re
1107 4268 1140 4334 di
1154 4269 1302 4336 Romani.
1326 4268 1359 4336 S.
1375 4269 1421 4336 S‘·

96 4403 160 4447 non
184 4379 252 4446 solo
274 4377 369 4444 m’he
390 4377 478 4444 detto
499 4399 565 4443 non
581 4398 688 4442 essere
710 4397 788 4442 vero
804 4374 863 4441 che
878 4374 963 4440 succi
985 4373 1138 4456 studione,
1160 4395 1214 4438 ma
1228 4376 1272 4439 mi
1287 4373 1329 4438 ha
1344 4397 1419 4440 con·

96 4486 231 4552 fermato
260 4483 294 4549 di
314 4504 422 4549 nuovo
452 4489 535 4548 tutto
559 4481 665 4571 quello
694 4479 753 4546 che
776 4501 871 4566 sopra
899 4479 949 4545 cio
970 4477 1013 4545 ho
1035 4479 1091 4565 gis
1112 4479 1223 4544 scritto
1246 4500 1267 4543 1
1287 4479 1328 4545 V.
1351 4477 1417 4564 M‘¹,

98 4601 128 4654 et
150 4589 191 4654 de
213 4589 271 4676 piu
291 4584 384 4653 m’he
405 4586 493 4653 detto
516 4584 577 4651 che
598 4587 743 4652 ricevera
764 4581 993 4649 l’inbnscietor
1008 4581 1052 4648 dil
1068 4582 1215 4667 Ser⁸¹⁰re,
1238 4603 1330 4649 come
1348 4583 1418 4648 fece

97 4692 119 4757 il
141 4691 177 4759 0.
202 4691 354 4779 Scipione
382 4690 578 4757 inbanniatur
606 4687 639 4755 di
664 4689 702 4755 V.
724 4687 791 4767 M¹⁸‚
820 4697 852 4754 et
874 4687 934 4754 che
955 4688 1026 4752 fara
1053 4695 1085 4754 et
1106 4685 1265 4754 farefare
1287 4686 1420 4774 publica

97 4795 281 4883 ailegressa,
311 4795 370 4861 che
393 4797 535 4860 scrivere
557 4792 588 4859 al
610 4791 702 4859 Ser⁰⁰
721 4815 756 4858 re
778 4790 810 4858 11
832 4791 928 4880 copia
949 4790 1057 4856 d'une
1085 4789 1243 4875 letterina,
1270 4789 1303 4856 la
1325 4789 1420 4879 quele

97 4899 238 4966 vorebbe
260 4899 339 4965 ch'il
362 4893 449 4964 detto
476 4920 512 4965 re
534 4895 580 4985 gli
602 4898 759 4963 scrivesse
782 4895 868 4962 1111
890 4895 1048 4962 conferira
1069 4916 1171 4978 meno,
1203 4903 1235 4962 et
1258 4917 1332 4962 sera
1352 4893 1418 4961 tale

99 5003 157 5072 cho
180 5026 216 5071 se
238 5013 325 5072 certo
348 5001 430 5069 ch’il
451 5025 487 5070 re
509 5003 537 5070 si
560 5003 747 5072 contentum
769 4997 801 5072 di
819 4997 983 5069 scriverle.
