3450 5818
92 735 199 802 0hr'''
221 755 294 800 enm
316 734 516 822 principibus
546 743 580 801 et
601 734 766 802 ordinibus
792 737 922 823 imperii
950 737 1036 823 Aug.
1058 734 1118 802 0²¹·
1149 735 1214 802 hoc
1236 737 1411 822 negocium

92 837 207 904 concilii
236 840 324 925 prius
352 859 413 926 per
443 839 681 905 internuncium
710 837 872 926 quendam
900 838 942 904 D.
971 839 1013 905 de
1035 837 1222 906 Rembulett
1256 851 1407 906 vocatum

90 941 255 1006 contulisse
286 943 319 1007 in
341 959 446 1029 eaque
469 943 759 1010 communicatione
777 961 935 1029 expresse
957 944 1054 1008 etiam
1075 943 1270 1010 mentionem
1292 943 1411 1010 facturn

90 1045 286 1130 saepedictee
307 1031 568 1112 continuationis.
604 1045 711 1113 ndhne
741 1044 877 1111 relatum
911 1053 959 1110 est
990 1044 1085 1112 nobis
1118 1043 1231 1112 Ser-”²¹²¹
1264 1048 1408 1132 reginam

91 1147 221 1232 Anglioe
244 1167 388 1215 sororem
419 1159 452 1215 et
474 1151 747 1237 consanguineam
775 1157 919 1214 nostrum
939 1147 1234 1215 charissimam...
1258 1171 1324 1216 non
1352 1151 1406 1216 ob·

87 1271 207 1315 seuram
230 1251 502 1338 significationem
525 1249 653 1319 dedisse
673 1271 715 1318 ee·
725 1251 875 1339 exemplo
896 1253 984 1338 regis
999 1251 1094 1318 Olun'¹¹¹
1121 1251 1233 1318 itidem
1249 1263 1409 1320 oratorem

90 1353 189 1419 istisne
206 1355 450 1442 expediturum,
473 1354 561 1444 qnod
583 1358 610 1422 ei
631 1356 694 1422 hoc
708 1355 835 1421 taetus
853 1364 903 1424 est
966 1403 973 1420 .
996 1378 1061 1422 non
1074 1357 1236 1423 cemimus
1259 1358 1410 1444 equidem

91 1477 143 1522 cn
154 1457 243 1522 idern
259 1479 324 1526 non
338 1461 443 1546 posmt
457 1461 554 1526 etium
568 1481 590 1525 a
603 1459 805 1548 principibus
820 1468 854 1525 et
869 1458 1034 1526 ordinibus
1050 1458 1082 1526 S.
1099 1461 1226 1548 imperii
1248 1461 1333 1546 Aug.
1350 1460 1409 1526 0¹²¹·

88 1555 188 1625 comm
203 1565 381 1648 expectari,
397 1563 587 1651 praesertim
600 1563 659 1628 ubi
670 1565 730 1650 pia
744 1571 776 1629 et
790 1561 958 1628 salutidere
970 1562 1117 1642 munilia,
1138 1585 1224 1650 quae
1240 1565 1408 1651 inscripto

88 1663 225 1750 quodum
258 1665 346 1753 quod
368 1666 411 1731 nd
433 1685 492 1732 vos
509 1715 517 1731 .
535 1717 541 1730 .
558 1715 566 1731 .
585 1667 834 1732 trmemittimus
858 1667 1075 1749 continentur,
1103 1689 1167 1733 non
1198 1666 1411 1754 negligentum.

86 1777 252 1854 prsetsrea
266 1767 342 1835 licet
354 1771 519 1858 principes
535 1779 567 1836 et
579 1770 708 1837 ordines
722 1769 756 1836 S.
769 1771 805 1835 ll.
820 1771 948 1857 imperii
963 1770 1019 1857 qui
1033 1768 1118 1856 Aug.
1133 1769 1182 1836 0²¹
1198 1770 1320 1838 addicti
1333 1781 1409 1837 sunt

85 1889 234 1956 expresse
258 1873 458 1958 negaverint,
483 1895 518 1940 se
541 1883 732 1961 accepturos
755 1872 926 1940 comitium
950 1871 1155 1960 aliter-quum
1178 1873 1238 1942 sut
1254 1874 1407 1942 conditio·

85 1972 171 2038 nibus
187 2019 196 2038 .
216 2023 224 2039 .
239 2022 249 2039 .
271 1995 331 2040 nos
346 1985 455 2042 tumen
468 1987 643 2064 propterea
666 1999 751 2065 quae
765 1985 948 2042 nuntium
966 1979 1105 2063 partium
1121 1999 1193 2044 esse
1209 1987 1241 2042 et
1257 1977 1300 2044 ad
1314 1977 1404 2044 indu·

85 2074 197 2144 nendos
227 2074 301 2144 illos
331 2080 373 2144 erl
393 2081 568 2146 concilium
586 2091 740 2167 spectare
762 2081 834 2146 vise
852 2091 946 2161 snut,
977 2103 1183 2169 nequequam
1204 2079 1407 2167 negleximus

84 2180 229 2268 idemque
259 2182 294 2246 in
320 2192 485 2270 posterum
514 2182 629 2250 eadem
656 2182 826 2270 diligentie
853 2185 1053 2266 curatimus,
1081 2186 1271 2272 praesertim
1298 2185 1408 2252 obletn

84 2285 169 2350 nobis
192 2287 406 2352 conveniendi
428 2311 503 2353 cum
523 2285 705 2376 potioriboe
727 2287 922 2376 quibusdem
945 2289 1121 2355 eorundem
1142 2289 1323 2354 occasions.
1347 2285 1406 2354 sed

83 2397 145 2453 ceto
167 2388 257 2477 quod
279 2390 312 2454 in
333 2387 396 2455 hue
419 2401 511 2477 purte
535 2393 615 2456 irriti
638 2393 703 2457 sint
727 2390 855 2460 labores
875 2393 980 2459 nostri
1002 2413 1063 2458 nec
1084 2391 1151 2458 ulle
1173 2414 1247 2480 spes
1270 2392 1409 2479 supersit

83 2512 271 2580 quemquem
304 2515 347 2561 ex
368 2493 431 2559 illis
452 2505 639 2577 venturum,
665 2517 732 2561 non
754 2506 863 2561 temen
893 2496 934 2562 ob
957 2496 991 2562 id
1019 2495 1201 2562 abiicienda
1231 2505 1281 2561 est
1302 2495 1405 2560 omnis

85 2617 154 2682 spes
172 2597 219 2663 de
241 2597 442 2684 principibus
461 2607 494 2663 et
507 2597 674 2666 ordinibus
688 2601 815 2686 imperii
824 2598 1004 2683 mholims,
1024 2601 1106 2688 quin
1126 2608 1161 2665 et
1181 2600 1245 2687 ipsi
1265 2599 1308 2664 ad
1330 2621 1404 2664 con·

86 2697 185 2764 cilium
210 2703 275 2766 sint
295 2703 423 2767 venturi
445 2711 500 2767 aut
518 2703 755 2768 commissarios
771 2725 847 2768 suos
861 2703 1054 2790 eblcgutoni,
1075 2701 1173 2769 modo
1187 2711 1402 2791 postponatur

83 2804 303 2893 orre'ttatmqoe
334 2807 453 2872 mentio
481 2805 544 2871 ieta
571 2813 730 2894 moreest
750 2808 998 2875 continuationis
1014 2855 1022 2871 .
1039 2855 1070 2872 ..
1094 2807 1280 2893 paucissimi
1304 2808 1401 2872 etium

85 2905 161 2971 inter
182 2905 361 2974 outlroliooe
383 2918 481 2997 etque
501 2905 743 2976 ecclesiasticos
765 2909 894 2978 ordines
910 2920 1012 2990 munt,
1036 2912 1090 2999 qui
1109 2912 1216 2978 eusmt
1230 2931 1288 2978 seu
1304 2909 1406 2976 velint

85 3008 277 3077 memnon
294 3011 531 3078 nominationi
551 3015 717 3080 interesse.

176 3113 288 3179 Tertia
305 3135 410 3181 eausa
428 3126 504 3181 eet.
521 3165 553 3181 ..
577 3117 674 3205 qnod,
700 3139 773 3182 eum
791 3139 850 3183 nos
874 3117 962 3204 qiud
984 3115 1048 3182 8³³²
1072 3119 1141 3183 cius
1162 3115 1274 3182 sedulo
1297 3114 1403 3182 elabo-

85 3218 272 3284 ravissemus
298 3228 335 3283 ut
355 3217 476 3285 omissa
499 3223 738 3286 oontinuctione
766 3219 938 3288 omcitnm
969 3221 1011 3286 de
1032 3241 1119 3286 novo
1146 3219 1319 3296 indiceret,
1348 3219 1403 3286 olii

85 3331 182 3387 autam
205 3363 214 3380 ·
238 3371 246 3387 .
271 3375 277 3388 .
313 3321 483 3388 concilium
520 3323 772 3390 continuandum
801 3323 1056 3406 contendissent,
1091 3323 1146 3388 S*
1170 3323 1240 3388 eius
1262 3323 1403 3388 medinm

84 3420 236 3510 mundam
258 3426 347 3492 riam
370 3437 403 3492 ot
423 3429 578 3493 rationem
603 3428 762 3494 invenerit
781 3449 920 3514 eantque
941 3435 1054 3492 secuta
1075 3425 1197 3492 bullam
1220 3425 1403 3494 indictionis

86 3525 215 3617 desuper
234 3529 477 3618 publicarent.
494 3579 525 3594 ..
550 3531 642 3596 irxte
664 3551 761 3619 quom
783 3529 904 3596 tectum
925 3537 976 3594 est
998 3539 1111 3616 postea
1132 3530 1258 3594 initium
1274 3529 1402 3596 concilii

83 3639 111 3695 st
129 3633 313 3700 celebratae
334 3631 460 3722 aliqum
481 3634 651 3717 sessiones,
671 3650 835 3722 nosquam
851 3633 1098 3700 continentioris
1114 3633 1233 3698 iniecta
1248 3655 1405 3720 expressa

84 3739 245 3803 mentione.
268 3736 354 3802 nude
376 3736 545 3803 manifeste
558 3736 727 3824 colligitur,
745 3738 778 3801 si
798 3757 885 3802 nnnc
907 3734 960 3802 uel
980 3759 1003 3801 a
1021 3757 1149 3802 suno
1171 3735 1323 3823 pontifice
1346 3736 1398 3802 vel
1495 3799 1502 3808 .

83 3839 179 3906 su*
204 3839 324 3927 legatis
357 3839 410 3906 vel
435 3860 459 3904 ι
488 3842 603 3906 ueteris
633 3839 693 3904 Ru.
719 3861 759 3904 co
788 3839 872 3905 Vm·
893 3839 1039 3927 patn'bus
1067 3839 1149 3904 alins
1175 3841 1396 3905 institueretur

83 3944 189 4010 modos
205 3943 411 4032 ·pteoodcntli
427 3945 466 4007 in
485 3942 625 4008 concilio
645 3943 704 4030 tueri
723 3943 759 4008 in
774 3943 867 4009 'lrnlle
878 3941 1041 4031 mcnnfiois
1063 3967 1129 4008 non
1151 3945 1192 4008 sit
1213 3967 1397 4030 expressus,

82 4045 199 4113 idsine
223 4049 371 4116 wuitate
404 4045 513 4134 ulique
539 4045 609 4113 fleri
631 4069 697 4114 non
718 4067 829 4134 posse,
858 4065 941 4134 quae
969 4049 1097 4113 novitas
1126 4045 1273 4113 1111118Ιυι
1296 4047 1338 4112 D.
1361 4047 1400 4112 N.

85 4150 225 4239 sedisque
246 4149 454 4238 apostolieae,
476 4161 544 4216 tum
567 4151 708 4218 universi
726 4149 859 4218 oonoilii
881 4151 1105 4219 eucmdtmern
1123 4149 1289 4218 elevatura
1304 4159 1398 4233 esset,

84 4256 167 4337 qussi
187 4252 243 4320 R¹⁸¹
259 4253 360 4341 legonti
376 4264 408 4320 et
422 4256 520 4320 ceteri
535 4263 645 4341 patres
660 4254 816 4321 hermem
829 4255 1065 4341 processissent
1080 4255 1114 4318 in
1130 4252 1264 4320 coneilio
1285 4255 1397 4340 uigore

83 4357 241 4422 mntem
258 4357 365 4424 bullae
383 4355 567 4444 pontificiae
580 4361 674 4424 ouius
688 4356 831 4423 ntrllcsit
844 4357 986 4441 finitus
1009 4367 1108 4446 mone
1131 4358 1177 4422 sio
1192 4359 1300 4422 omnia
1314 4381 1395 4444 qnae

84 4457 113 4522 in
132 4460 212 4527 lianc
234 4457 320 4526 dions
338 4463 375 4525 in
392 4462 559 4548 -praesenti
573 4461 764 4530 Tridentino
778 4461 903 4548 synodo
919 4471 1010 4548 gesta
1024 4472 1109 4543 suut
1132 4462 1222 4526 irrite
1237 4470 1271 4526 ct
1285 4462 1394 4526 inania

85 4561 283 4631 renouentur
302 4582 378 4630 eun
400 4567 541 4632 maximo
564 4565 728 4654 religionis
747 4565 871 4632 Catlr*
896 4565 1065 4652 dispendio
1095 4587 1134 4630 ac
1157 4562 1206 4630 δ”·
1231 4587 1309 4629 suae
1329 4565 1396 4630 ‹ltc-

87 4671 241 4757 tonunqne
263 4670 369 4735 lt¹²olum
391 4669 570 4757 legatorum
592 4692 631 4735 ao
658 4669 793 4736 aliorum
816 4669 853 4735 R.
881 4679 913 4734 et
927 4669 966 4734 V.
982 4678 1111 4755 potrum
1127 4717 1135 4730 .
1153 4717 1187 4733 ..
1210 4677 1395 4755 contemptu

88 4777 116 4832 et
133 4770 274 4842 ludibrio.

177 4875 309 4956 Quarto.
331 4899 395 4942 non
415 4899 530 4964 purum
545 4877 732 4959 verendum,
756 4877 783 4940 si
805 4874 993 4964 simpliciter
1014 4883 1047 4939 et
1068 4873 1195 4938 dirutis
1216 4873 1325 4940 verbis
1340 4873 1398 4938 fiat

89 4972 115 5036 in
135 4977 264 5044 dermtie
290 4981 471 5046 emmenum
495 4979 763 5046 celebrandorum
791 4981 915 5044 mentio
938 4979 1200 5059 continuationis,
1229 4999 1272 5042 ne
1294 4987 1397 5042 status

90 5097 122 5141 st
137 5083 262 5149 ortlines
282 5082 317 5150 S.
337 5084 465 5172 imperii
489 5083 573 5172 Aug.
594 5085 669 5150 (ΡΨ
692 5083 877 5172 prolitentes
903 5104 970 5148 rom
1000 5083 1032 5146 in
1052 5101 1126 5146 eum
1151 5099 1279 5148 sensum
1301 5083 1395 5150 intor-

1143 5200 1192 5254 21·
