3512 5838
633 771 865 860 CCLXXI.

392 991 470 1069 Der
499 992 630 1068 Kaiaer
656 1012 702 1067 sn
731 993 804 1068 den
823 990 964 1069 Grsten
984 991 1127 1100 t.una;¹

558 1137 666 1202 Wien,
684 1139 723 1188 30
739 1137 812 1188 Juli
831 1139 919 1190 loos.

583 1301 760 1358 Oeneiloeten.
786 1301 908 1374 Concept.

179 1482 259 1548 Illm
283 1483 407 1548 sincere
428 1481 521 1548 nobis
544 1483 668 1549 dilecte.
691 1482 836 1549 redditae
865 1480 959 1548 nohis
985 1482 1114 1548 fuerunt
1141 1480 1230 1546 hisce
1257 1479 1407 1568 proxime

84 1584 195 1670 clapsis
208 1586 327 1654 diebus
337 1586 433 1652 binae
445 1586 555 1672 literae
565 1598 690 1652 vestras
704 1589 741 1652 11
756 1597 789 1652 et
809 1585 1147 1673 repraesentemus,
1164 1583 1249 1648 nude
1264 1584 1405 1670 benigno

86 1709 119 1752 ec
139 1700 235 1775 grato
260 1691 368 1755 cnimo
391 1691 574 1776 accepimns
596 1713 808 1778 quaecunque
830 1690 924 1756 nobis
947 1689 1106 1754 derebus
1129 1711 1212 1775 quae
1235 1686 1329 1752 isthic
1351 1709 1405 1772 ge-

83 1801 188 1856 mntur
212 1795 397 1880 scripsistis.
421 1803 454 1860 et
474 1792 561 1881 qnod
582 1795 727 1881 inprimis
749 1794 862 1858 attinet
884 1792 926 1857 ad
948 1791 1057 1857 literas
1080 1783 1166 1856 Serini
1188 1793 1273 1876 regis
1289 1791 1408 1878 Hispa·

84 1897 205 1961 ciarum
238 1898 366 1984 nepotis
394 1902 494 1963 nostri
523 1899 680 1964 carissimi
709 1919 792 1984 quae
819 1898 907 1983 prius
936 1896 977 1960 ad
1005 1917 1063 1966 nos
1091 1895 1235 1982 perlatae
1266 1894 1406 1972 fuerunt,

81 1994 233 2064 habemus
250 2001 314 2065 iam
332 2023 409 2085 prae
425 2001 574 2067 manibus
596 2023 784 2089 responsum
802 1997 888 2088 quod
911 1998 986 2063 Ser*¹
1007 2001 1074 2063 eius
1097 1997 1173 2062 dare
1197 1997 1406 2063 decrevimus.

81 2098 155 2165 illud
178 2113 289 2168 autem
312 2127 376 2170 non
398 2103 544 2172 lubenter
565 2103 782 2172 intelleximus
800 2101 888 2192 quod
902 2113 1069 2190 tantopere
1086 2101 1251 2167 studeatur
1266 2101 1406 2167 finiendo

81 2205 226 2290 concilio,
250 2231 316 2274 non
339 2207 510 2276 observato
533 2231 571 2274 eo
594 2231 658 2297 quo
681 2209 774 2274 decet
802 2208 898 2274 modo
927 2230 967 2273 ac
990 2207 1110 2273 ordine.
1141 2228 1215 2272 nam
1245 2205 1319 2270 licet
1341 2227 1399 2270 nos

82 2309 210 2376 minime
234 2310 392 2377 vellemus
416 2311 543 2378 concilii
564 2335 769 2400 progressum
791 2319 828 2375 ιιι
849 2309 1003 2376 haetenus
1033 2309 1156 2374 tamdiu
1184 2307 1341 2374 retardari
1371 2309 1405 2372 in

81 2431 156 2476 eove
178 2414 410 2503 prosequendo
431 2423 481 2480 tot
505 2437 611 2480 mores
633 2415 734 2498 necti,
763 2423 870 2478 tamen
899 2413 1056 2479 nollemus
1084 2413 1180 2476 etiem
1208 2421 1275 2475 tam
1304 2410 1406 2476 ardua

81 2516 214 2600 negocia
243 2515 338 2582 nimis
365 2518 572 2606 praecipitari
600 2516 651 2584 vel
680 2518 782 2584 omitti
811 2539 894 2604 quae
923 2515 1029 2581 adhuc
1058 2517 1090 2579 in
1121 2513 1255 2580 concilio
1280 2513 1405 2602 agenda

81 2628 208 2704 restant,
235 2623 375 2687 maxime
397 2622 430 2686 in
453 2623 588 2708 negocio
611 2621 846 2688 reformationis
869 2643 966 2710 quam
1001 2630 1087 2685 recte
1115 2619 1262 2684 iudicetis
1291 2618 1406 2682 summi

83 2741 146 2787 esse
169 2726 327 2790 momenti
349 2723 390 2790 ad
412 2725 629 2792 reducendum
652 2726 685 2790 in
707 2727 863 2813 gremium
886 2723 1041 2792 ecclesiae
1064 2747 1120 2789 eos
1144 2724 1199 2810 qui
1214 2722 1343 2787 fuerunt
1358 2744 1405 2786 se·

84 2821 174 2891 ducti.
201 2828 291 2916 quod
313 2851 390 2895 vero
413 2831 603 2895 existimatis
625 2854 684 2917 per
714 2841 841 2898 nostros
871 2839 1014 2895 oratores
1044 2838 1076 2892 et
1103 2849 1163 2893 vos
1193 2849 1231 2891 ac
1253 2825 1406 2910 Portuge-

83 2922 199 2995 lensem
223 2931 319 2997 isthic
341 2921 502 3018 a'gendum
524 2955 611 3016 esse,
645 2944 681 2998 ιιι
708 2955 811 3021 usque
840 2931 980 2998 futuram
1011 2933 1186 2996 sessionem
1219 2932 1250 2994 in
1274 2931 1408 2994 materia

84 3027 268 3117 dogmatum
289 3033 334 3100 nil
357 3034 444 3100 aliud
465 3044 621 3102 tractetur
643 3059 741 3123 quam
764 3037 804 3101 de
827 3037 1038 3119 matrimonio,
1064 3043 1095 3098 et
1117 3033 1204 3120 quod
1226 3053 1406 3119 proponen-

82 3139 130 3197 tur
150 3136 282 3204 inten'm
305 3138 412 3224 capita
434 3137 542 3226 aliqua
563 3141 808 3222 reformationis,
833 3163 892 3205 nos
916 3138 1046 3226 quidem
1071 3139 1254 3202 coniectura
1276 3158 1341 3200 non
1355 3159 1404 3200 as-

84 3240 246 3325 sequimur
268 3240 430 3330 quomodo
445 3241 479 3306 id
500 3242 570 3307 fieri
593 3253 690 3330 queat
712 3253 767 3308 aut
788 3245 916 3308 nomine
943 3250 1051 3306 nostro
1079 3241 1247 3327 procurari
1276 3237 1402 3321 debeat,

83 3359 151 3406 eum
174 3344 325 3411 omnibns
348 3353 472 3410 constet
493 3344 588 3432 longe
611 3346 772 3412 diversam
794 3368 865 3412 esse
881 3345 1070 3410 sententiam
1085 3352 1236 3425 nostram,
1260 3344 1314 3429 qui
1329 3341 1406 3408 huc-

83 3463 181 3533 usque
205 3449 356 3533 exigente
378 3447 412 3512 id
433 3447 565 3534 publica
585 3449 721 3515 utilitate
744 3458 775 3514 et
795 3450 985 3514 necessitato
1008 3449 1041 3511 in
1062 3468 1101 3513 eo
1123 3447 1323 3533 potissimum
1338 3446 1402 3511 ela·

84 3543 266 3616 beravimus
282 3559 317 3614 ιιι
332 3552 434 3636 primo
458 3574 586 3640 quoque
608 3561 751 3640 tempore
766 3555 985 3618 institueretur
999 3552 1192 3616 universalis
1208 3550 1403 3630 reformatio,

84 3671 163 3735 quoe
187 3654 214 3718 si
237 3655 270 3717 in
292 3652 412 3719 multas
434 3666 542 3742 partes
566 3657 767 3741 distrahetur,
791 3667 899 3722 nostro
922 3655 1041 3720 iudicio
1063 3677 1227 3742 nunquam
1252 3654 1405 3741 perduce-

82 3761 131 3819 tur
153 3758 195 3822 nd
217 3757 323 3822 finem.
350 3781 447 3845 quem
469 3759 510 3824 ob
533 3783 600 3826 rom
624 3762 720 3827 etiem
742 3784 800 3827 nos
824 3760 988 3848 superiore
1019 3783 1103 3824 anno
1127 3782 1236 3823 omnes
1261 3757 1405 3823 defectus

83 3879 161 3944 qnos
185 3862 298 3926 sarciri
324 3863 470 3948 cupimus
493 3866 527 3929 in
548 3867 656 3952 regnis
678 3889 718 3932 ac
738 3865 915 3953 provinciis
937 3864 1054 3930 nostris
1077 3886 1141 3928 uno
1164 3861 1245 3928 libro
1262 3883 1405 3948 compre-

83 3957 199 4032 hensos
222 3965 357 4030 concilio
377 3965 483 4030 offerri
505 3967 682 4052 voluimus,
705 3979 741 4034 ιιι
762 3968 856 4033 simul
883 3990 948 4033 una
971 3968 1108 4053 cognitis
1132 3965 1279 4032 omnibus
1301 3963 1404 4030 morbi

84 4068 288 4151 qualitatibus
311 4095 350 4138 eo
372 4073 498 4138 facilins
520 4095 559 4138 ac
574 4074 795 4159 tempestivius
811 4082 920 4160 posset
935 4070 1212 4139 accommodatum
1227 4068 1404 4134 remedium

85 4169 237 4240 adhiberi.
260 4176 406 4244 adhaec
429 4179 562 4242 interest
583 4185 694 4242 nostra
717 4187 749 4242 et
772 4178 855 4241 sacri
878 4175 1004 4264 imperii
1026 4195 1263 4262 regnorumque
1286 4172 1318 4235 et
1332 4194 1405 4258 pro·

85 4274 261 4346 vinciarum
281 4289 480 4365 nostrarum,
514 4289 549 4346 ut
571 4279 624 4347 hic
646 4280 888 4348 considerentur
910 4302 950 4346 ea
972 4302 1055 4368 quae
1080 4275 1262 4342 desiderant
1284 4297 1406 4340 correc-

86 4379 201 4451 tionem
224 4385 258 4450 in
279 4384 424 4452 aeclesiis
447 4387 571 4474 imperii
594 4395 627 4452 et
648 4408 819 4470 regnorum
842 4395 939 4472 atque
968 4383 1180 4448 dominiorum
1210 4389 1402 4460 nostrorum,

85 4482 136 4550 ubi
159 4511 198 4556 ca
220 4487 315 4575 longe
337 4489 484 4556 exactius
507 4491 660 4577 cognosci
683 4499 805 4577 queunt
820 4511 914 4576 quam
931 4485 1035 4569 isthic,
1057 4485 1192 4550 chinon
1215 4484 1261 4546 ite
1276 4484 1406 4568 cognita

88 4601 157 4656 tunt
179 4591 264 4656 mala
286 4592 402 4680 quibus
424 4595 455 4657 in
479 4591 528 4656 his
551 4591 736 4678 regionibus
766 4591 995 4658 conflictamur.
1025 4624 1068 4636 —-
1099 4587 1185 4675 quod
1209 4585 1250 4650 ad
1274 4585 1405 4672 deputa-

87 4691 186 4760 tioues
208 4703 334 4781 patrum
359 4697 481 4779 attinet,
510 4717 699 4783 cuperemus
723 4694 852 4782 quidem
875 4715 1076 4780 summopere
1099 4713 1153 4755 eas
1183 4689 1289 4754 debito
1312 4687 1407 4751 niodo

88 4813 124 4858 ec
145 4797 189 4861 ita
209 4796 278 4863 fieri
301 4809 336 4862 ut
357 4797 503 4883 singulae
525 4799 670 4864 nationes
693 4823 735 4864 ex
759 4799 899 4884 ipsarum
924 4796 1046 4882 gremio
1070 4804 1176 4881 patres
1199 4793 1324 4880 aliquos
1350 4814 1405 4854 no·

88 4899 240 4966 minarent
272 4903 326 4988 qui
348 4903 427 4987 ipsis
449 4902 634 4967 viderentur
657 4925 727 4967 esso
755 4902 880 4976 idonei,
909 4922 1028 4986 cosque
1051 4897 1115 4962 ΒΠὶικ
1134 4897 1247 4983 legetis
1270 4920 1309 4960 nc
1333 4917 1405 4958 cun-

89 4997 158 5068 eilio
179 5013 422 5090 praesentarent
444 5013 479 5070 ut
502 5005 543 5072 ab
566 5005 699 5090 eisdem,
723 5007 750 5070 si
772 5004 896 5070 habiles
921 5012 1043 5082 essent,
1077 5000 1350 5090 approbarentur,
1379 4997 1407 5062 si

136 5138 257 5214 dickele
275 5143 301 5186 G.
315 5139 338 5186 d.
352 5139 444 5184 cornis.
1203 5123 1236 5174 8⁷
