3498 5830
701 887 792 972 LX.

407 1108 486 1184 Der
513 1107 644 1184 Kaisar
671 1127 717 1182 an
747 1107 943 1202 Prospero
972 1105 1129 1198 ἀἈι-οος

544 1261 650 1326 Wien,
670 1259 708 1312 18
726 1259 876 1312 October
896 1261 984 1314 1560.

544 1440 650 1498 uene
667 1439 846 1498 ussum
870 1440 994 1512 aneu.

464 1563 645 1620 remunerer
662 1561 840 1620 mazara.
884 1561 954 1632 nez
975 1563 1029 1618 ro.
1052 1563 1104 1618 10.

191 1743 252 1809 Ex
274 1742 376 1809 literis
396 1745 461 1810 tuis
479 1765 561 1832 ques
577 1744 630 1810 die
644 1743 687 1810 24
702 1753 734 1810 et
749 1743 791 1810 25
806 1745 953 1830 proxime
975 1745 1139 1830 praeteriti
1160 1744 1279 1810 mensis
1302 1743 1346 1810 ad
1366 1767 1426 1810 nos

96 1845 227 1932 dedisti,
262 1849 474 1933 cognovimus
502 1847 583 1935 quid
611 1845 683 1913 ΒΜ·
697 1846 740 1912 D.
761 1846 802 1912 N.
835 1847 896 1912 tibi
928 1855 961 1912 et
989 1846 1060 1912 aliis
1088 1846 1269 1914 oratoribus
1297 1857 1427 1934 praeter

95 1946 225 2016 Gallum
248 1949 293 2015 ad
315 1950 401 2015 diem
423 1951 466 2016 23
487 1949 632 2016 eiusdem
654 1951 774 2016 mensis
796 1951 830 2015 in
856 1951 993 2036 negocio
1017 1949 1143 2014 concilii
1167 1949 1207 2016 de
1229 1949 1424 2018 resolutione

95 2075 130 2116 se
150 2052 389 2118 deliberatione
420 2075 479 2118 sua
506 2051 669 2118 tollendae
697 2050 821 2118 scilicet
848 2053 1067 2138 suspensionis
1096 2051 1222 2118 concilii
1244 2052 1424 2121 Tridentini

94 2158 272 2242 proposuit,
295 2165 332 2219 ut
354 2157 565 2244 unoquisque
587 2156 725 2243 principi
748 2155 912 2231 scriberet,
934 2157 1217 2242 gratissimumque
1240 2179 1318 2224 sane
1341 2161 1424 2224 acei-

95 2259 137 2326 dit
157 2259 255 2326 nobis
278 2258 368 2347 quod
389 2281 449 2324 nos
470 2281 511 2325 ea
533 2257 573 2323 de
595 2281 631 2323 re
654 2259 687 2323 in
709 2267 853 2345 tempore
875 2267 941 2324 tam
965 2269 1146 2345 opportuno
1169 2261 1321 2326 certiores
1342 2262 1424 2328 fece-

95 2363 145 2426 n's.
183 2362 227 2428 ad
256 2383 313 2429 eos
346 2362 432 2426 enim
461 2383 543 2450 quos
571 2382 657 2426 nunc
683 2360 840 2426 habemus
877 2382 950 2426 cum
985 2363 1054 2426 istis
1085 2364 1210 2427 nunciis
1240 2364 1424 2449 apostolicis

95 2473 260 2548 uacuus,
283 2463 380 2530 valde
396 2463 563 2530 commode
579 2464 688 2528 evenit
709 2463 764 2528 illa
778 2463 873 2529 nobis
894 2465 1081 2530 innotuisse.
1105 2487 1205 2554 quare
1220 2489 1339 2552 operae
1353 2490 1424 2555 pre-

96 2569 178 2632 cium
200 2569 263 2634 erit
285 2568 374 2656 quod
395 2577 431 2633 tu
452 2566 564 2633 itidem
587 2567 758 2653 percipias,
783 2588 867 2656 quae
889 2566 942 2632 hio
965 2568 1127 2633 internos
1149 2577 1182 2633 et
1204 2569 1366 2656 praefatos
1385 2571 1423 2636 R.

95 2672 226 2738 nuncios
251 2670 446 2759 apostolicos
468 2673 594 2758 scriptis
617 2679 650 2736 et
670 2671 746 2735 viva
767 2691 849 2736 voce
867 2669 908 2735 de
923 2669 974 2734 his
988 2671 1086 2737 rebus
1101 2679 1174 2736 acta
1189 2680 1274 2737 sunt.
1296 2683 1422 2759 postea·

98 2795 190 2860 qnam
212 2776 314 2862 igitur
335 2773 554 2861 superioribus
578 2773 693 2839 diebus
715 2772 780 2839 huc
803 2771 982 2860 appulisset
995 2774 1032 2838 R.
1057 2775 1228 2862 episcopus
1250 2775 1423 2842 Pherensis

97 2887 126 2941 et
145 2877 241 2944 nobis
264 2877 464 2944 exhibuisset
485 2899 626 2943 unacum
647 2877 684 2941 R.
709 2876 860 2963 episcopo
883 2875 1080 2942 Warmiensi
1108 2875 1219 2944 literas
1240 2877 1294 2944 ΒΜ
1316 2879 1358 2945 D.
1381 2880 1422 2946 N.

99 3001 133 3045 ac
154 2981 311 3064 scriptum
333 2982 426 3046 cuius
447 2978 631 3067 exemplum
653 2978 796 3046 habuisti
817 3001 891 3046 cum
911 2979 1137 3066 praesentibus
1159 2979 1253 3047 litera
1266 2981 1298 3046 A
1318 2985 1422 3070 signa-

97 3093 174 3168 tum,
208 3107 270 3150 nos
301 3093 429 3171 sumpto
458 3083 581 3172 aliquot
612 3083 736 3148 dierum
767 3082 878 3168 spacio
906 3081 949 3147 ad
978 3082 1237 3170 deliberandum,
1270 3095 1306 3152 ut
1333 3088 1367 3152 in
1387 3111 1423 3154 re

98 3191 171 3253 tanti
192 3189 358 3272 momenti,
381 3188 513 3254 tandem
535 3188 654 3274 scripto
678 3207 808 3274 quoque
829 3185 1054 3273 respondimus
1077 3197 1109 3254 et
1126 3187 1161 3252 id
1175 3189 1328 3276 praefatis
1342 3214 1422 3256 nun·

98 3291 152 3355 ciis
172 3290 323 3358 dedimus
345 3291 495 3379 exemplo
517 3289 649 3377 alligato
672 3298 704 3356 et
726 3290 852 3375 signato
874 3287 967 3354 litera
989 3289 1026 3372 B,
1049 3291 1161 3377 inquo
1182 3292 1312 3378 quidem
1333 3316 1421 3361 men·

98 3401 157 3458 tem
177 3417 219 3460 ao
240 3395 432 3460 sententiam
454 3402 597 3460 nostram
620 3392 698 3458 satis
721 3390 807 3456 clare
829 3400 863 3456 et
892 3391 1022 3456 abunde
1050 3394 1241 3480 perspicies,
1270 3397 1423 3464 nimirum

98 3499 180 3584 qnod
201 3498 312 3564 adhuc
332 3499 517 3563 insistemus
539 3497 671 3562 firmiter
692 3497 791 3582 priori
814 3504 944 3562 nostrae
967 3495 1191 3563 deliberationi
1213 3507 1246 3564 et
1274 3501 1418 3584 consilio,

99 3602 180 3688 qnod
202 3624 269 3668 non
290 3609 415 3666 tantum
438 3602 480 3668 sit
501 3599 644 3669 tollenda
665 3600 833 3686 suspensio
856 3598 983 3666 concilii
1005 3599 1194 3684 Tridentini,
1222 3603 1280 3668 sed
1300 3626 1422 3671 novum

97 3707 199 3789 potius
219 3704 428 3770 indicendum
455 3727 496 3770 ac
523 3702 752 3770 celebrandum
783 3711 917 3790 propter
937 3725 1053 3768 causas
1077 3725 1158 3791 quas
1180 3729 1245 3772 non
1269 3707 1364 3774 modo
1386 3711 1419 3776 in

99 3817 201 3874 nostro
235 3808 383 3874 discursu
421 3831 519 3897 quem
555 3807 774 3895 superioribus
807 3806 922 3874 diebus
958 3807 1163 3875 exhibuimus
1195 3811 1232 3875 R.
1267 3813 1419 3900 episcopo

98 3909 303 3996 Warmiensi,
326 3935 439 3978 verum
461 3914 559 3979 etiam
581 3913 614 3978 in
635 3909 699 3977 bac
720 3921 831 3978 nostra
848 3913 1026 3998 posteriore
1041 3914 1201 4000 scriptura
1215 3937 1273 3982 scu
1289 3916 1421 4003 duplica

99 4015 255 4102 complexi
289 4015 407 4081 fuimus
442 4026 474 4082 et
500 4018 629 4102 utrique
656 4017 775 4082 nuncio
802 4017 879 4080 viva
904 4038 986 4082 voce
1014 4018 1176 4104 copiosius
1199 4023 1418 4106 exposuimus

99 4139 166 4183 cum
188 4121 273 4186 enim
294 4117 448 4184 nonnulla
469 4118 563 4186 nobis
584 4119 618 4183 in
639 4117 702 4183 hoo
723 4119 853 4204 negotio
875 4128 1082 4185 occurrerent
1102 4141 1187 4208 quae
1200 4145 1260 4209 pro
1282 4125 1419 4191 tutanda

99 4229 130 4284 et
149 4220 360 4308 propaganda
381 4221 486 4309 gloria
508 4220 560 4288 dei
582 4229 615 4286 et
634 4243 694 4308 pro
716 4221 873 4288 beneficio
895 4221 1093 4308 reipublicae
1114 4223 1308 4293 christianae
1322 4237 1421 4316 atque

99 4322 176 4390 adeo
198 4326 294 4390 etiam
315 4347 376 4412 pro
397 4326 522 4391 ratione
544 4325 684 4390 muneris
706 4326 807 4390 nostri
830 4327 973 4390 caesarei
994 4326 1088 4392 nobis
1102 4349 1309 4417 nequaquam
1324 4341 1419 4418 puta·

100 4423 207 4492 bamus
229 4449 301 4494 esse
323 4427 557 4494 dissimulanda
584 4436 641 4492 aut
669 4427 794 4494 silentio
815 4429 1060 4514 praetereunda,
1090 4440 1252 4500 ettamen
1273 4434 1420 4501 videren-

100 4537 148 4594 tnr
167 4551 237 4596 esse
259 4530 337 4595 talia
364 4553 448 4618 quae
469 4539 539 4597 tuto
561 4531 688 4618 scriptis
718 4530 907 4600 demandari
934 4554 999 4598 nou
1026 4545 1173 4621 possent,
1202 4559 1267 4602 non
1294 4537 1420 4606 dubita·

100 4631 197 4698 vimus
217 4631 275 4698 illa
295 4655 405 4700 coram
427 4633 522 4700 dietis
544 4635 670 4700 nunciis
692 4635 769 4699 viva
789 4657 872 4700 voce
894 4636 1032 4723 ingenue
1061 4648 1094 4704 et
1124 4637 1262 4706 candide
1290 4650 1323 4706 et
1351 4642 1420 4708 siue

100 4730 158 4799 ullo
179 4736 267 4801 inani
288 4747 438 4824 respectu
461 4738 554 4803 sicuti
576 4761 615 4804 ea
636 4739 670 4804 in
692 4739 799 4804 animo
821 4737 1023 4806 habebamus
1044 4743 1197 4829 proferre.

193 4839 283 4904 Inter
314 4861 397 4926 quas
425 4840 555 4928 quidem
589 4844 730 4909 rationes
764 4853 797 4910 et
829 4843 1034 4910 difficultates
1049 4839 1051 4845 ’
1067 4845 1121 4912 vel
1149 4846 1230 4913 baec
1261 4868 1326 4914 non
1359 4848 1420 4915 fuit

104 4934 246 5009 levissimi
268 4946 421 5010 momenti
444 4944 541 5031 quod,
563 4947 691 5012 tametsi
713 4969 914 5035 nequeamus
936 4948 989 5014 vel
1010 4971 1097 5014 nunc
1119 4948 1178 5016 8¹⁰
1200 4950 1241 5016 D.
1264 4951 1304 5018 N.
1327 4952 1420 5038 polli-

104 5045 359 5130 residuorum
381 5069 510 5137 quoque
532 5071 574 5120 ax
596 5049 721 5136 integro
745 5051 916 5118 concilium
943 5053 1143 5144 instituatur,
1177 5055 1305 5122 ordines
1335 5057 1419 5124 sacri
