3468 5820
913 773 1078 862 OOLX.

585 993 682 1068 Bru·
709 993 783 1067 und
810 991 1042 1070 Draskovtca
1068 1013 1116 1068 au
1144 992 1218 1069 den
1248 993 1396 1087 Kaisar-3

803 1147 934 1210 Trisnt,
953 1147 969 1198 9
986 1145 1065 1198 Juni
1086 1147 1176 1198 1⁶6³.

666 1325 800 1400 Romana,
825 1324 970 1396 cesama·
991 1323 1022 1380 in
1043 1330 1132 1396 tarqo:
1156 1327 1197 1380 12
1219 1323 1299 1382 Just.

432 1504 569 1572 Vocavit
589 1527 649 1570 nos
671 1505 752 1572 duos
775 1505 817 1572 ad
840 1506 957 1572 asser
972 1505 1014 1571 D.
1031 1503 1205 1572 cardinalis
1219 1503 1448 1592 Lotbaringus‚
1471 1528 1549 1573 nam
1563 1503 1655 1572 abest

330 1605 371 1673 ab
393 1606 455 1672 hac
477 1609 607 1673 civitate
629 1608 671 1674 D.
695 1607 918 1695 Sigismundus
942 1631 962 1673 a
983 1608 1110 1692 Thunn,
1134 1617 1166 1674 st
1186 1608 1280 1695 petiit
1305 1616 1342 1672 ut
1371 1631 1411 1673 ea
1438 1631 1523 1696 quae
1547 1611 1654 1674 statim

329 1708 559 1798 subiungemus
581 1710 632 1776 M*
666 1709 704 1774 V.
730 1710 763 1776 S.
786 1711 1070 1798 perscriberemus,
1094 1733 1129 1777 se
1152 1731 1280 1800 quoque
1295 1710 1410 1776 iisdem
1424 1711 1466 1777 de
1481 1712 1583 1778 rebus
1598 1735 1654 1800 per

227 1815 229 1818 ’
328 1810 496 1879 adiunctas
517 1813 626 1880 literas
649 1814 692 1880 ad
713 1812 790 1879 Man
806 1813 845 1878 V.
862 1813 895 1880 S.
912 1815 1087 1902 scripsisse.
1112 1823 1186 1880 sunt
1201 1823 1307 1880 antem
1323 1813 1421 1880 baec:
1445 1815 1552 1904 primo
1569 1815 1655 1904 quod

327 1915 382 1981 R¹¹¹
412 1915 453 1983 D.
476 1916 574 2004 legati
596 1928 719 1984 secreto
743 1940 851 1984 secum
875 1919 1194 1986 communicaverunt
1223 1939 1295 1986 sese
1323 1917 1459 2006 posthac
1486 1928 1555 1986 tres
1584 1943 1655 1986 con·

328 2019 392 2086 cilii
414 2021 603 2086 secretarios
626 2023 821 2088 constituere
843 2020 936 2106 velle,
960 2022 1018 2088 sed
1040 2023 1096 2110 qui
1118 2022 1263 2109 episcopi
1277 2043 1343 2086 non
1358 2031 1476 2104 essent,
1500 2024 1560 2109 qui
1575 2023 1655 2088 inter

327 2121 392 2187 alia
413 2121 475 2188 hoc
498 2125 593 2188 etiam
618 2124 780 2190 curabunt
811 2133 846 2188 ut
875 2127 1001 2211 quoties
1030 2125 1239 2212 congregatio
1260 2123 1310 2206 fit,
1342 2133 1516 2211 antequam
1547 2133 1654 2211 patres

328 2224 535 2305 dimittentur,
559 2228 586 2290 si
609 2227 664 2312 qni
687 2237 781 2293 erunt
803 2229 858 2315 qui
882 2229 927 2292 ita
949 2227 1100 2314 ambigue
1123 2227 1267 2292 dixerint
1280 2235 1318 2318 ut
1330 2224 1424 2292 facile
1439 2226 1579 2314 intelligi
1593 2250 1654 2293 non

325 2329 429 2414 possit
450 2327 483 2393 in
506 2351 603 2416 quam
624 2340 750 2417 partem
772 2330 936 2410 inclinent,
959 2355 1035 2396 nam
1057 2340 1132 2396 sunt
1154 2341 1240 2397 certe
1263 2328 1363 2418 aliqui
1385 2331 1441 2418 qui
1462 2329 1527 2395 boc
1551 2332 1652 2418 ipsum

327 2431 367 2496 de
389 2430 545 2498 industria
567 2433 727 2517 affectent,
761 2435 784 2499 ii
806 2436 1043 2523 interrogentur
1064 2457 1142 2500 num
1163 2433 1226 2499 boc
1256 2441 1312 2499 aut
1338 2431 1418 2500 illud
1447 2433 1651 2500 statuendum

326 2534 519 2615 existimant,
542 2545 574 2602 et
595 2538 641 2602 ita
662 2539 716 2602 isti
737 2538 818 2604 tales
831 2548 941 2626 patres
956 2541 1140 2606 summatim
1154 2540 1262 2625 capita
1276 2559 1407 2610 suarum
1422 2538 1650 2604 sententiarum

325 2638 441 2702 iterum
463 2637 671 2726 explicabunt
685 2650 722 2705 ut
737 2642 844 2708 omnia
864 2641 962 2728 plana
983 2642 1048 2706 sint
1061 2651 1095 2706 et
1109 2651 1229 2728 aperta.
1253 2641 1424 2728 episcopm
1450 2637 1649 2721 Thelesinus,

326 2749 361 2805 ut
382 2739 445 2807 hoc
467 2763 596 2830 quoque
619 2743 723 2810 obiter
745 2745 943 2827 adiiciamus,
968 2745 1022 2832 qui
1045 2743 1202 2810 hactenus
1224 2741 1353 2809 concilii
1375 2743 1572 2808 secretarius
1587 2742 1649 2824 fuit,

326 2865 398 2910 cum
420 2843 515 2911 homo
538 2847 603 2911 iam
627 2847 761 2913 affectas
784 2849 900 2913 aetatis
923 2845 1064 2935 lapidem
1088 2871 1106 2914 o
1127 2848 1239 2913 vesica
1261 2845 1408 2912 exscindi
1429 2847 1595 2930 iussisset,
1621 2845 1650 2908 in

324 2969 478 3034 magnum
501 2949 586 3014 vitae
609 2949 781 3014 discrimen
805 2951 969 3016 coniectus
992 2959 1050 3018 est.
1086 2974 1126 3018 ac
1155 2949 1243 3040 quod
1271 2949 1310 3016 de
1338 2949 1442 3015 tribus
1472 2949 1649 3017 secretariis

324 3073 411 3118 nunc
432 3075 491 3116 nos
519 3053 660 3119 scribere
681 3054 772 3120 iubet
801 3055 839 3118 D.
868 3053 1040 3120 cardinalis
1063 3053 1295 3140 Lotbaringus,
1331 3075 1404 3120 cnm
1433 3075 1493 3119 nos
1522 3074 1647 3140 quoquo

324 3153 476 3241 privatim
498 3177 571 3220 cum
593 3156 634 3220 D.
657 3157 794 3222 Morono
822 3178 1005 3243 ageremus,
1038 3165 1167 3224 curaret
1192 3165 1229 3221 ut
1255 3156 1456 3222 diversarum
1483 3156 1647 3222 nationum

324 3266 441 3342 essent,
475 3258 641 3346 respondit
663 3259 756 3325 nobis
779 3283 843 3324 non
867 3282 938 3325 esse
959 3281 1157 3347 magnopere
1178 3259 1390 3326 laborandum
1407 3261 1503 3324 euius
1527 3257 1576 3324 illi
1597 3281 1645 3324 na·

324 3359 419 3426 tionis
441 3359 540 3426 futuri
563 3362 635 3444 sint,
658 3371 829 3450 propterea
851 3363 938 3452 quod
960 3385 1025 3428 non
1041 3363 1174 3440 dubitet,
1197 3363 1262 3428 imo
1278 3385 1355 3428 vero
1372 3371 1460 3428 certo
1477 3365 1562 3428 sciat
1575 3363 1644 3428 M‘*

324 3461 363 3528 V.
387 3461 435 3547 S.‚
459 3464 554 3530 modo
578 3466 641 3529 sint
663 3465 777 3552 aliqui,
800 3489 865 3532 non
889 3490 1003 3532 curare
1025 3465 1093 3531 sive
1115 3465 1210 3532 huius
1234 3467 1302 3532 sive
1318 3465 1403 3532 illius
1433 3466 1577 3532 nationis
1605 3465 1646 3530 illi

324 3567 395 3634 sint.
419 3605 461 3614 -
483 3568 625 3634 secundo
648 3567 737 3634 iubet
758 3591 818 3636 nos
840 3568 982 3636 scribere
1006 3567 1048 3634 D.
1071 3567 1244 3636 cardinalis
1265 3567 1484 3655 Lotharingns
1506 3567 1551 3634 D.
1567 3568 1646 3653 lega·

322 3679 373 3734 tos
395 3669 436 3736 de
456 3671 718 3757 procuratoribus
741 3673 967 3760 episcoporum
988 3672 1183 3740 Germaniae
1204 3673 1269 3738 iam
1291 3674 1337 3738 ita
1359 3673 1585 3755 constituisse,
1614 3679 1645 3734 ut
1716 3661 1717 3732 i

323 3775 357 3837 in
380 3774 684 3861 congregationibus
706 3775 842 3862 posthac
864 3775 1075 3841 admittantur
1101 3785 1134 3842 et
1159 3777 1250 3842 vocis
1272 3775 1435 3842 decisisae
1455 3781 1643 3863 potestatem

323 3875 472 3962 habeant,
497 3886 656 3965 quotquot
677 3876 723 3942 illi
744 3878 876 3944 tandem
897 3878 996 3944 futuri
1018 3879 1100 3963 sint;
1123 3877 1203 3944 alios
1226 3899 1354 3968 quoque
1369 3887 1597 3967 procuratores
1606 3874 1642 3942 ab

324 3981 485 4070 episcopis
507 3980 642 4046 aliarum
664 3983 831 4050 nationum
863 3983 979 4049 missos
1001 3977 1204 4070 ingrediendi
1232 3982 1265 4046 in
1293 3983 1578 4068 congregationem
1604 3979 1643 4046 la·

323 4083 474 4152 cultatem
497 4083 673 4168 babituros,
697 4084 756 4152 sed
778 4084 992 4152 consultivam
1006 4095 1130 4154 tantm
1145 4087 1337 4152 sententiam
1353 4085 1518 4162 dicturos.
1528 4084 1591 4153 boc
1605 4082 1639 4147 D·

323 4186 430 4274 legati,
452 4187 545 4254 nobis
567 4189 630 4252 iam
651 4198 727 4275 post
748 4188 893 4255 initimum
915 4190 974 4255 Mn.
997 4187 1037 4255 V.
1060 4187 1093 4256 S.
1114 4188 1302 4254 mandatum
1324 4188 1527 4255 cessantibus
1550 4198 1582 4254 et
1601 4197 1640 4252 to

322 4301 389 4356 tum
411 4290 473 4358 hoo
494 4300 737 4378 procuratorum
764 4294 936 4381 negocium
963 4291 1089 4360 silentio
1111 4291 1400 4380 praetereuntibus,
1423 4293 1487 4379 ipsi
1509 4292 1592 4358 inter
1610 4311 1639 4353 sa

322 4417 381 4459 sua
404 4403 517 4481 sponte
540 4393 767 4482 deliberarunt,
790 4405 826 4462 ut
847 4399 911 4462 sint
933 4399 1030 4463 etiam
1052 4396 1265 4464 Germanicae
1286 4395 1426 4462 nationis
1446 4397 1578 4462 nomine
1592 4390 1638 4480 qui

322 4497 416 4564 huius
440 4498 567 4564 concilii
591 4499 728 4565 decretis
751 4501 964 4567 subscribant.
989 4538 1030 4550 -
1051 4502 1145 4568 tertio
1169 4502 1215 4566 ait
1238 4501 1345 4566 statim
1367 4509 1442 4588 post
1462 4497 1636 4566 hancfutu·

321 4625 391 4668 ram
414 4603 588 4669 sessionem
610 4603 768 4690 triplicem
790 4614 919 4693 patrum
941 4605 1182 4692 deputationum
1212 4603 1367 4669 futuram:
1395 4625 1494 4668 unam
1521 4609 1635 4690 patrum

322 4727 364 4772 ex
386 4707 533 4772 omnibus
554 4707 739 4774 nationibus
762 4710 817 4796 qui
841 4731 913 4774 cum
934 4709 1014 4796 ipsis
1041 4707 1084 4773 D.
1112 4708 1239 4795 legatis,
1262 4731 1336 4774 cum
1365 4706 1491 4774 duobus
1513 4705 1555 4771 D.
1578 4724 1634 4770 oar·

323 4807 483 4876 dinalibus
507 4820 634 4878 etcum
667 4813 809 4878 omnium
830 4813 1013 4899 principum
1034 4813 1215 4879 oratoribus
1238 4809 1465 4879 ecclesiasticis
1489 4807 1633 4878 derebus
1716 4877 1717 4920 ᾗ

322 4914 457 4980 concilio
479 4915 694 5002 proponendis
711 4939 849 4984 canones
872 4917 1075 4983 conscribent
1097 4926 1137 5002 et,
1161 4927 1332 5006 postquam
1355 4918 1438 4982 inter
1459 4939 1495 4984 se
1518 4933 1632 4984 concor

322 5015 477 5101 daverim,
500 5041 555 5085 eos
579 5021 713 5087 concilio
735 5030 933 5108 proponent;
957 5020 1099 5087 secunda
1121 5021 1287 5109 deputatio
1304 5022 1366 5086 erit
1380 5019 1578 5108 quorundam
1591 5039 1630 5082 se
1716 5109 1717 5114 ἵ
