3468 5820
314 702 442 767 toritate
471 703 670 767 oecumenici
698 701 826 768 concilii
852 701 948 786 foret,
985 701 1108 792 aliquid
1140 715 1281 770 statuere
1315 705 1401 792 quod
1434 705 1658 792 exequutioni

315 803 460 870 mandari
481 829 546 870 non
567 815 686 892 posset,
711 804 829 870 clarius
852 827 923 870 esse
947 829 1044 893 quam
1066 816 1102 871 ut
1123 797 1268 894 pluribus
1291 809 1333 872 sit
1347 806 1657 874 demonstrandum.

315 906 403 994 quod
425 909 452 972 si
474 909 660 995 saepedicta
681 909 796 994 regina
819 907 956 994 Angliae
979 932 1017 974 eo
1041 913 1174 975 nomine
1203 933 1282 997 prae
1305 912 1442 976 caeteris
1466 909 1657 976 catholicae

316 1010 478 1096 religionis
501 1012 693 1078 adversariis
717 1011 1030 1078 excommunicanda
1051 1013 1209 1096 videatur,
1243 1013 1330 1100 quod
1351 1012 1480 1078 titulum
1503 1015 1658 1100 superio·

315 1115 419 1179 ritatis
441 1113 597 1180 ccclesiae
620 1115 681 1180 sibi
703 1125 836 1201 usurpet
857 1115 909 1179 vel
924 1117 1076 1180 iniustum
1098 1119 1311 1182 iuramentum
1333 1138 1354 1180 a
1376 1116 1513 1182 subditis
1540 1118 1660 1201 exigat

316 1215 368 1282 vel
391 1219 485 1283 etism
508 1241 565 1305 per
586 1219 713 1306 iniquas
735 1220 835 1304 leges,
858 1241 975 1305 penas,
999 1220 1157 1286 bonorum
1186 1221 1443 1303 confiscationes,
1467 1221 1658 1285 incarcere

316 1320 419 1385 tiones
442 1331 474 1385 et
494 1323 606 1386 mortis
634 1321 737 1386 minas
759 1331 857 1406 cogat
879 1321 942 1386 sibi
965 1321 1111 1388 subditos
1138 1344 1158 1388 a
1186 1322 1251 1388 fide
1278 1333 1310 1388 et
1339 1323 1477 1389 ecclesia
1507 1321 1659 1387 deficere

316 1422 368 1489 vel
396 1422 534 1510 denique
561 1447 621 1512 per
652 1422 762 1489 civiles
791 1425 964 1489 seditiones
992 1428 1145 1511 instigare
1173 1427 1340 1492 intestinas
1367 1425 1589 1502 rebelliones,
1623 1435 1660 1489 nt

317 1526 467 1593 haereres
489 1529 523 1591 in
546 1525 682 1591 aliorum
706 1526 855 1592 dominiis
877 1527 1010 1613 plantet,
1034 1529 1147 1615 negari
1169 1552 1248 1593 sane
1272 1552 1334 1595 non
1358 1538 1465 1616 potest
1488 1533 1576 1615 quin
1602 1549 1659 1593 ea·

319 1628 392 1694 dem
413 1629 557 1694 vindicta
581 1638 694 1695 contra
715 1627 857 1716 reliquos
881 1653 992 1696 omnes
1015 1630 1098 1696 foret
1120 1631 1327 1718 suscipienda
1355 1634 1410 1718 qui
1438 1630 1527 1697 idem
1553 1640 1659 1717 agunt
1731 1699 1732 1710 ,

318 1732 405 1819 quod
427 1735 498 1819 ipsa
519 1735 632 1819 regina
654 1731 802 1818 Angliae.
826 1755 900 1797 nam
924 1732 999 1799 licet
1019 1757 1084 1800 non
1106 1744 1238 1799 utantur
1259 1745 1368 1821 aperte
1391 1734 1574 1822 tituloque
1598 1735 1659 1798 uti·
1731 1727 1732 1800 l

318 1846 369 1902 tur
390 1837 517 1922 regina,
545 1845 652 1902 tamen
681 1857 715 1900 re
738 1837 810 1921 ipsa
838 1845 871 1900 et
899 1835 939 1900 de
962 1837 1047 1902 facto
1071 1838 1269 1903 constituunt
1291 1859 1325 1903 se
1348 1839 1456 1923 capita
1479 1837 1657 1920 eeclesiae,

318 1937 395 2004 dum
416 1937 478 2004 boo
499 1948 600 2024 agunt
622 1937 707 2024 quod
729 1940 952 2004 tantummodo
975 1940 1071 2027 capiti
1094 1951 1127 2006 et
1147 1939 1331 2027 pastoribus
1361 1963 1381 2006 a
1406 1940 1467 2005 deo
1491 1939 1657 2005 ordinatis

319 2044 540 2108 convenit...

422 2145 503 2211 Cum
527 2167 603 2231 ergo
626 2146 658 2209 in
682 2156 832 2233 promptu
855 2147 919 2210 sint
939 2146 1034 2232 longe
1057 2148 1208 2232 graviora
1229 2148 1365 2232 negocia
1388 2169 1471 2233 quae
1486 2149 1656 2233 pertinent

320 2246 362 2314 ad
384 2248 661 2314 conservationem
684 2258 717 2313 et
738 2251 1005 2316 restaurationem
1022 2249 1377 2332 ecclesiaecatholicae,
1400 2261 1512 2315 nostro
1530 2249 1653 2315 iudicio
1731 2315 1732 2334 ,

319 2351 415 2437 longe
437 2351 612 2418 consrdtius
635 2375 706 2418 esse
730 2352 826 2441 quod,
857 2353 1038 2439 postposito
1060 2353 1122 2418 hoe
1144 2352 1327 2418 turbulento
1350 2362 1446 2440 atque
1462 2351 1652 2440 periculoso

321 2457 455 2542 negocio
478 2456 822 2539 excommunicatoris,
847 2455 917 2520 aliis
940 2457 1044 2542 magis
1066 2458 1256 2522 necessariis
1284 2457 1450 2542 magisque
1478 2456 1525 2521 ad
1548 2454 1653 2542 publi·
1731 2447 1732 2520 Ῐ

320 2581 392 2625 cam
414 2559 554 2646 quietem
577 2567 612 2623 et
638 2559 793 2624 unitatem
810 2559 1031 2646 spectantibus
1046 2559 1143 2624 rebus
1158 2561 1191 2624 in
1207 2558 1341 2624 concilio
1357 2559 1536 2624 tractandis
1554 2581 1653 2646 opera

320 2661 421 2730 detur.
445 2682 634 2748 persuasum
656 2685 796 2749 namque
816 2684 875 2726 nos
896 2659 1027 2745 habere,
1050 2660 1106 2725 ubi
1128 2661 1209 2728 haec
1236 2685 1287 2726 res
1315 2664 1348 2726 in
1371 2661 1508 2727 concilio
1534 2683 1652 2750 propo·

319 2773 422 2848 netur,
444 2773 576 2852 propter
599 2764 727 2830 diversa
748 2767 914 2830 nationum
937 2774 969 2830 et
990 2765 1154 2830 hominum
1180 2766 1286 2830 studia
1305 2767 1442 2830 maiores
1462 2788 1565 2852 quam
1588 2765 1650 2830 ulla

322 2869 362 2934 de
384 2893 419 2934 re
442 2869 674 2956 disputationes
697 2869 913 2935 dissensiones
937 2880 969 2934 et
990 2871 1208 2935 contentiones
1232 2871 1368 2933 oriturus
1391 2891 1471 2950 esse,
1495 2893 1583 2956 quas
1605 2890 1650 2931 sa·

286 2963 288 2966 ¹
320 2972 383 3038 tius
405 2970 488 3037 foret
510 2994 596 3036 nunc
617 2973 754 3037 intactas
777 2983 809 3037 et
831 2972 973 3060 sepultas
995 2995 1133 3038 manere.
1161 2994 1267 3060 neque
1296 2971 1436 3036 defuturi
1460 2983 1576 3037 essent
1598 2972 1648 3058 qui

323 3076 466 3142 dicerent
486 3073 565 3140 talia
587 3097 627 3140 ex
650 3074 808 3140 industria
830 3099 850 3140 a
865 3073 930 3139 R¹²²¹'
948 3075 1063 3161 legatis
1085 3077 1231 3162 proponi,
1247 3097 1310 3162 quo
1332 3075 1436 3160 magis
1459 3077 1649 3140 intricentur

322 3189 354 3244 et
376 3176 611 3244 confundantur
639 3181 774 3265 negocia
797 3178 925 3244 concilii
947 3189 1045 3266 atque
1073 3178 1135 3244 hoc
1162 3177 1298 3243 artificio
1325 3175 1523 3264 impediatur
1553 3178 1647 3243 resor-

319 3284 416 3348 matio
439 3291 470 3347 et
493 3289 622 3368 optatus
645 3281 773 3348 concilii
795 3305 997 3369 progressus.
1021 3281 1108 3370 quod
1131 3283 1159 3346 si
1181 3283 1309 3348 omnino
1338 3279 1502 3346 videretur
1526 3282 1570 3347 ob
1593 3280 1647 3345 ali·

321 3408 401 3472 quas
425 3407 543 3471 graves
566 3406 680 3451 causas
704 3385 861 3452 adversus
885 3387 1004 3452 dictam
1026 3387 1172 3472 reginam
1203 3385 1363 3450 sententia
1391 3385 1647 3450 excommunica·

321 3491 415 3556 tionis
438 3499 495 3554 aut
515 3490 705 3576 privationis
727 3488 878 3573 ferenda,
907 3491 941 3555 id
968 3498 1080 3556 nostm
1102 3488 1221 3553 iudicio
1250 3509 1324 3552 cum
1351 3489 1475 3552 minore
1504 3487 1646 3574 periculo

321 3615 360 3658 ac
391 3593 511 3658 maiore
546 3591 713 3658 commodo
750 3592 819 3657 fieri
853 3615 948 3680 posse
982 3593 1024 3658 ab
1056 3594 1193 3680 ipsomet
1224 3613 1348 3657 summo
1381 3589 1534 3677 pontifice
1562 3589 1646 3654 finito

322 3695 467 3762 concilio.

423 3800 485 3866 His
511 3801 610 3886 igitur
638 3811 672 3867 et
700 3801 770 3866 aliis
801 3801 1000 3887 argumentis
1030 3823 1114 3888 quae
1142 3798 1235 3866 vobis
1262 3808 1372 3865 vestra
1398 3797 1574 3885 prudentia
1600 3798 1644 3860 in·

324 3900 448 3971 dustria
469 3912 501 3970 et
522 3927 630 3970 rerum
652 3927 729 3970 usus
752 3902 982 3992 suppeditabit,
1006 3902 1167 3969 debebitis
1190 3901 1357 3969 elaborare
1378 3912 1415 3966 ut
1436 3902 1507 3966 ΒΜ
1523 3901 1641 3988 legatos

324 4008 560 4095 etquicunque
584 4031 657 4073 cum
680 4007 742 4072 illis
766 4009 975 4074 consentiunt
997 4005 1038 4072 ab
1062 4006 1256 4072 eiuscemodi
1273 4007 1421 4092 opinione
1442 4003 1641 4070 removeatis.

325 4111 375 4177 sin
396 4119 503 4178 autem
525 4111 558 4176 in
581 4113 740 4176 sententia
762 4109 938 4176 obfirmatis
962 4111 1075 4174 animis
1097 4111 1307 4197 persisterent
1329 4118 1362 4174 et
1382 4129 1441 4174 vos
1464 4103 1641 4172 istiusmodi

326 4214 690 4282 excommunicationem
718 4213 772 4280 vel
798 4215 1012 4301 privationem
1039 4213 1130 4279 nulla
1157 4213 1281 4278 ratione
1307 4213 1446 4298 possetis
1467 4211 1641 4299 prohibere,

324 4325 402 4384 tunc
423 4319 457 4383 in
479 4339 517 4384 co
540 4339 650 4385 onmes
666 4328 800 4384 conatus
815 4327 943 4384 vestros
957 4316 1124 4384 intendere
1140 4315 1308 4398 debebitis,
1333 4324 1369 4382 ut
1384 4313 1498 4380 saltem
1513 4331 1640 4400 eaquae

326 4421 488 4489 habentur
509 4422 543 4486 in
564 4419 665 4489 altero
688 4423 806 4509 scripto
829 4421 922 4488 litera
943 4421 981 4488 B.
1004 4429 1115 4487 notato
1137 4419 1230 4486 vobis
1252 4441 1273 4483 a
1293 4419 1354 4484 R¹²²⁰
1376 4416 1543 4484 cardinale
1558 4415 1639 4482 we

326 4527 448 4594 mienre
471 4527 720 4610 communicato,
748 4527 945 4593 reticeantur
973 4533 1005 4591 et
1032 4525 1287 4612 supprimantur,
1312 4520 1470 4609 siquidem
1496 4521 1639 4606 scriptun

325 4628 406 4698 illud
428 4631 569 4698 continet
597 4629 735 4716 negocia
756 4652 836 4716 pure
859 4628 1018 4696 secularia
1032 4637 1148 4715 utputa
1162 4626 1367 4692 matrimonia
1382 4633 1415 4691 et
1428 4625 1636 4690 successiones

326 4755 508 4823 regnorum,
531 4755 615 4822 quae
636 4721 702 4800 non
725 4731 844 4799 debent
866 4732 1067 4798 commisceri
1079 4727 1299 4818 spiritualibus
1314 4727 1355 4793 de
1370 4726 1487 4814 quibus
1502 4727 1638 4791 nimirum

327 4839 361 4906 in
383 4838 518 4906 concilio
542 4847 591 4904 est
611 4835 824 4902 tractandum.
848 4835 979 4902 adhaec
1001 4843 1076 4900 sunt
1096 4832 1152 4900 illa
1180 4831 1337 4899 eiusmodi
1364 4841 1401 4895 ut
1422 4831 1592 4896 enunciata
1610 4831 1636 4888 st

330 4943 503 5030 divulgata,
528 4949 625 5029 prout
647 4939 751 5007 solent
772 4938 926 5028 pleraque
949 4938 1015 5006 alia
1037 4937 1204 5004 enunciari
1234 4943 1267 5000 et
1296 4933 1464 5019 divulgari,
1486 4931 1573 4998 baud
1591 4927 1635 4992 du·

330 5047 382 5116 bie
404 5049 436 5116 in
458 5067 610 5138 magnum
633 5043 741 5114 odium
764 5053 795 5112 et
817 5044 1032 5134 suspicionem
1053 5063 1111 5110 nos
1134 5048 1242 5107 essent
1263 5039 1455 5124 coniectura,
1479 5035 1571 5124 quasi
1589 5049 1635 5100 aot
