<?xml version="1.0" encoding="UTF-8"?>
<!DOCTYPE html PUBLIC "-//W3C//DTD XHTML 1.0 Transitional//EN"
    "http://www.w3.org/TR/xhtml1/DTD/xhtml1-transitional.dtd">
<html xmlns="http://www.w3.org/1999/xhtml" xml:lang="en" lang="en">
 <head>
  <title>
</title>
<meta http-equiv="Content-Type" content="text/html;charset=utf-8" />
  <meta name='ocr-system' content='tesseract 3.04.00' />
  <meta name='ocr-capabilities' content='ocr_page ocr_carea ocr_par ocr_line ocrx_word'/>
</head>
<body>
  <div class='ocr_page' id='page_1' title='image "./zurgeschichtede00unkngoog_0537.png"; bbox 0 0 3468 5820; ppageno 0'>
   <div class='ocr_carea' id='block_1_1' title="bbox 312 449 371 512">
    <p class='ocr_par' dir='ltr' id='par_1_1' title="bbox 312 449 371 512">
     <span class='ocr_line' id='line_1_1' title="bbox 312 449 371 512; baseline 0.034 -2"><span class='ocrx_word' id='word_1_1' title='bbox 312 449 371 512; x_wconf 72' lang='lat' dir='ltr'><strong>ill</strong></span> 
     </span>
    </p>
   </div>
   <div class='ocr_carea' id='block_1_2' title="bbox 309 629 1723 1237">
    <p class='ocr_par' dir='ltr' id='par_1_2' title="bbox 309 629 1723 1237">
     <span class='ocr_line' id='line_1_2' title="bbox 412 629 1628 721; baseline -0.002 -23"><span class='ocrx_word' id='word_1_2' title='bbox 412 633 463 700; x_wconf 93' lang='lat' dir='ltr'><strong>De</strong></span> <span class='ocrx_word' id='word_1_3' title='bbox 485 633 757 721; x_wconf 75' lang='lat' dir='ltr'><strong>exemptionibus:</strong></span> <span class='ocrx_word' id='word_1_4' title='bbox 780 643 817 698; x_wconf 92' lang='lat' dir='ltr'><strong>ut</strong></span> <span class='ocrx_word' id='word_1_5' title='bbox 838 631 992 698; x_wconf 88' lang='lat' dir='ltr'><strong>tollantur</strong></span> <span class='ocrx_word' id='word_1_6' title='bbox 1013 631 1235 719; x_wconf 73' lang='lat' dir='ltr'><strong>exemptiones</strong></span> <span class='ocrx_word' id='word_1_7' title='bbox 1257 629 1471 698; x_wconf 87' lang='lat' dir='ltr'><strong>saecularium</strong></span> <span class='ocrx_word' id='word_1_8' title='bbox 1494 639 1628 712; x_wconf 77' lang='lat' dir='ltr'><strong>stregu-</strong></span> 
     </span>
     <span class='ocr_line' id='line_1_3' title="bbox 312 734 1627 824; baseline -0.002 -24"><span class='ocrx_word' id='word_1_9' title='bbox 312 736 428 802; x_wconf 87' lang='lat' dir='ltr'><strong>larium</strong></span> <span class='ocrx_word' id='word_1_10' title='bbox 452 735 669 817; x_wconf 87' lang='lat' dir='ltr'><strong>eeclesiarum,</strong></span> <span class='ocrx_word' id='word_1_11' title='bbox 693 745 850 824; x_wconf 90' lang='lat' dir='ltr'><strong>quatenus</strong></span> <span class='ocrx_word' id='word_1_12' title='bbox 873 734 1013 822; x_wconf 85' lang='lat' dir='ltr'><strong>expedit</strong></span> <span class='ocrx_word' id='word_1_13' title='bbox 1037 745 1192 822; x_wconf 89' lang='lat' dir='ltr'><strong>quantum</strong></span> <span class='ocrx_word' id='word_1_14' title='bbox 1215 745 1322 800; x_wconf 90' lang='lat' dir='ltr'><strong>autem</strong></span> <span class='ocrx_word' id='word_1_15' title='bbox 1337 735 1381 802; x_wconf 89' lang='lat' dir='ltr'><strong>ad</strong></span> <span class='ocrx_word' id='word_1_16' title='bbox 1395 736 1627 824; x_wconf 85' lang='lat' dir='ltr'><strong>exemptionem</strong></span> 
     </span>
     <span class='ocr_line' id='line_1_4' title="bbox 310 837 1723 930; baseline -0.003 -26"><span class='ocrx_word' id='word_1_17' title='bbox 310 839 522 927; x_wconf 89' lang='lat' dir='ltr'><strong>capitulorum</strong></span> <span class='ocrx_word' id='word_1_18' title='bbox 543 841 861 928; x_wconf 83' lang='lat' dir='ltr'><strong>metropolitanarum</strong></span> <span class='ocrx_word' id='word_1_19' title='bbox 884 849 917 905; x_wconf 93' lang='lat' dir='ltr'><strong>et</strong></span> <span class='ocrx_word' id='word_1_20' title='bbox 938 838 1168 904; x_wconf 71' lang='lat' dir='ltr'><strong>cathedralium</strong></span> <span class='ocrx_word' id='word_1_21' title='bbox 1191 837 1399 906; x_wconf 85' lang='lat' dir='ltr'><strong>ecclesiarum</strong></span> <span class='ocrx_word' id='word_1_22' title='bbox 1421 840 1549 920; x_wconf 79' lang='lat' dir='ltr'><strong>attinet,</strong></span> <span class='ocrx_word' id='word_1_23' title='bbox 1579 859 1630 901; x_wconf 92' lang='lat' dir='ltr'><strong>ne·</strong></span> <span class='ocrx_word' id='word_1_24' title='bbox 1722 925 1723 930; x_wconf 8' lang='grc' dir='ltr'>γ</span> 
     </span>
     <span class='ocr_line' id='line_1_5' title="bbox 309 933 1723 1031; baseline -0.002 -24"><span class='ocrx_word' id='word_1_25' title='bbox 309 945 482 1008; x_wconf 88' lang='lat' dir='ltr'><strong>cessarium</strong></span> <span class='ocrx_word' id='word_1_26' title='bbox 505 966 575 1009; x_wconf 91' lang='lat' dir='ltr'><strong>esse</strong></span> <span class='ocrx_word' id='word_1_27' title='bbox 590 943 717 1010; x_wconf 82' lang='lat' dir='ltr'><strong>videtur</strong></span> <span class='ocrx_word' id='word_1_28' title='bbox 739 953 774 1008; x_wconf 94' lang='lat' dir='ltr'><strong>ut</strong></span> <span class='ocrx_word' id='word_1_29' title='bbox 796 945 963 1031; x_wconf 75' lang='lat' dir='ltr'><strong>sequentia</strong></span> <span class='ocrx_word' id='word_1_30' title='bbox 978 965 1036 1030; x_wconf 89' lang='lat' dir='ltr'><strong>per</strong></span> <span class='ocrx_word' id='word_1_31' title='bbox 1049 941 1221 1008; x_wconf 90' lang='lat' dir='ltr'><strong>concilium</strong></span> <span class='ocrx_word' id='word_1_32' title='bbox 1236 951 1430 1008; x_wconf 83' lang='lat' dir='ltr'><strong>statuantur:</strong></span> <span class='ocrx_word' id='word_1_33' title='bbox 1453 943 1471 1008; x_wconf 95' lang='grc' dir='ltr'><strong>Ι</strong></span> <span class='ocrx_word' id='word_1_34' title='bbox 1492 951 1528 1008; x_wconf 88' lang='lat' dir='ltr'><strong>ut</strong></span> <span class='ocrx_word' id='word_1_35' title='bbox 1542 941 1626 1027; x_wconf 89' lang='lat' dir='ltr'><strong>epis·</strong></span> <span class='ocrx_word' id='word_1_36' title='bbox 1722 933 1723 950; x_wconf 56' lang='lat'>¹</span> 
     </span>
     <span class='ocr_line' id='line_1_6' title="bbox 309 1043 1628 1135; baseline -0.002 -25"><span class='ocrx_word' id='word_1_37' title='bbox 309 1048 383 1133; x_wconf 89' lang='lat' dir='ltr'><strong>copi</strong></span> <span class='ocrx_word' id='word_1_38' title='bbox 405 1055 438 1111; x_wconf 92' lang='lat' dir='ltr'><strong>et</strong></span> <span class='ocrx_word' id='word_1_39' title='bbox 460 1046 600 1134; x_wconf 91' lang='lat' dir='ltr'><strong>capitula</strong></span> <span class='ocrx_word' id='word_1_40' title='bbox 622 1049 741 1135; x_wconf 90' lang='lat' dir='ltr'><strong>quique</strong></span> <span class='ocrx_word' id='word_1_41' title='bbox 765 1045 923 1113; x_wconf 88' lang='lat' dir='ltr'><strong>bonorum</strong></span> <span class='ocrx_word' id='word_1_42' title='bbox 946 1067 1077 1110; x_wconf 89' lang='lat' dir='ltr'><strong>suorum</strong></span> <span class='ocrx_word' id='word_1_43' title='bbox 1098 1043 1232 1112; x_wconf 90' lang='lat' dir='ltr'><strong>liberam</strong></span> <span class='ocrx_word' id='word_1_44' title='bbox 1254 1045 1563 1112; x_wconf 75' lang='lat' dir='ltr'><strong>administrationem</strong></span> <span class='ocrx_word' id='word_1_45' title='bbox 1577 1043 1628 1108; x_wconf 88' lang='lat' dir='ltr'><strong>ha·</strong></span> 
     </span>
     <span class='ocr_line' id='line_1_7' title="bbox 310 1147 1633 1237; baseline -0.003 -23"><span class='ocrx_word' id='word_1_46' title='bbox 310 1149 418 1230; x_wconf 88' lang='lat' dir='ltr'><strong>beant,</strong></span> <span class='ocrx_word' id='word_1_47' title='bbox 442 1159 474 1214; x_wconf 89' lang='lat' dir='ltr'><strong>et</strong></span> <span class='ocrx_word' id='word_1_48' title='bbox 496 1150 583 1237; x_wconf 94' lang='lat' dir='ltr'><strong>quod</strong></span> <span class='ocrx_word' id='word_1_49' title='bbox 604 1151 674 1215; x_wconf 90' lang='lat' dir='ltr'><strong>iura</strong></span> <span class='ocrx_word' id='word_1_50' title='bbox 695 1160 762 1214; x_wconf 89' lang='lat' dir='ltr'><strong>tam</strong></span> <span class='ocrx_word' id='word_1_51' title='bbox 784 1150 940 1216; x_wconf 88' lang='lat' dir='ltr'><strong>canonica</strong></span> <span class='ocrx_word' id='word_1_52' title='bbox 963 1161 1059 1235; x_wconf 87' lang='lat' dir='ltr'><strong>quam</strong></span> <span class='ocrx_word' id='word_1_53' title='bbox 1075 1148 1182 1214; x_wconf 84' lang='lat' dir='ltr'><strong>civilia</strong></span> <span class='ocrx_word' id='word_1_54' title='bbox 1197 1151 1230 1214; x_wconf 91' lang='lat' dir='ltr'><strong>in</strong></span> <span class='ocrx_word' id='word_1_55' title='bbox 1244 1147 1294 1216; x_wconf 88' lang='lat' dir='ltr'><strong>his</strong></span> <span class='ocrx_word' id='word_1_56' title='bbox 1310 1171 1394 1236; x_wconf 89' lang='lat' dir='ltr'><strong>quae</strong></span> <span class='ocrx_word' id='word_1_57' title='bbox 1410 1147 1633 1216; x_wconf 83' lang='lat' dir='ltr'><strong>alienationem</strong></span> 
     </span>
    </p>
   </div>
   <div class='ocr_carea' id='block_1_3' title="bbox 310 1250 1723 1442">
    <p class='ocr_par' dir='ltr' id='par_1_3' title="bbox 310 1250 1723 1442">
     <span class='ocr_line' id='line_1_8' title="bbox 310 1250 1723 1332; baseline -0.004 -14"><span class='ocrx_word' id='word_1_58' title='bbox 310 1251 467 1318; x_wconf 88' lang='lat' dir='ltr'><strong>bonorum</strong></span> <span class='ocrx_word' id='word_1_59' title='bbox 490 1251 779 1318; x_wconf 78' lang='lat' dir='ltr'><strong>aeclesiasticorum</strong></span> <span class='ocrx_word' id='word_1_60' title='bbox 802 1262 1009 1332; x_wconf 88' lang='lat' dir='ltr'><strong>concernunt,</strong></span> <span class='ocrx_word' id='word_1_61' title='bbox 1033 1261 1069 1317; x_wconf 91' lang='lat' dir='ltr'><strong>ut</strong></span> <span class='ocrx_word' id='word_1_62' title='bbox 1090 1251 1213 1318; x_wconf 89' lang='lat' dir='ltr'><strong>scilicet</strong></span> <span class='ocrx_word' id='word_1_63' title='bbox 1227 1250 1436 1318; x_wconf 86' lang='lat' dir='ltr'><strong>ecelesiarum</strong></span> <span class='ocrx_word' id='word_1_64' title='bbox 1458 1251 1546 1319; x_wconf 90' lang='lat' dir='ltr'><strong>bona</strong></span> <span class='ocrx_word' id='word_1_65' title='bbox 1568 1253 1633 1315; x_wconf 89' lang='lat' dir='ltr'><strong>sine</strong></span> <span class='ocrx_word' id='word_1_66' title='bbox 1722 1253 1723 1264; x_wconf 76' lang='grc'>’</span> 
     </span>
     <span class='ocr_line' id='line_1_9' title="bbox 310 1355 1723 1442; baseline -0.001 -22"><span class='ocrx_word' id='word_1_67' title='bbox 310 1378 470 1422; x_wconf 89' lang='lat' dir='ltr'><strong>consensu</strong></span> <span class='ocrx_word' id='word_1_68' title='bbox 492 1355 703 1442; x_wconf 88' lang='lat' dir='ltr'><strong>capitulorum</strong></span> <span class='ocrx_word' id='word_1_69' title='bbox 725 1379 790 1422; x_wconf 91' lang='lat' dir='ltr'><strong>non</strong></span> <span class='ocrx_word' id='word_1_70' title='bbox 812 1355 961 1437; x_wconf 82' lang='lat' dir='ltr'><strong>clientur,</strong></span> <span class='ocrx_word' id='word_1_71' title='bbox 984 1355 1076 1422; x_wconf 85' lang='lat' dir='ltr'><strong>salva</strong></span> <span class='ocrx_word' id='word_1_72' title='bbox 1089 1365 1247 1422; x_wconf 86' lang='lat' dir='ltr'><strong>maneant</strong></span> <span class='ocrx_word' id='word_1_73' title='bbox 1270 1355 1305 1420; x_wconf 93' lang='grc' dir='ltr'>Π</span> <span class='ocrx_word' id='word_1_74' title='bbox 1326 1355 1566 1442; x_wconf 86' lang='lat' dir='ltr'><strong>exemptionem</strong></span> <span class='ocrx_word' id='word_1_75' title='bbox 1582 1376 1630 1418; x_wconf 77' lang='lat' dir='ltr'><strong>ca</strong></span> <span class='ocrx_word' id='word_1_76' title='bbox 1722 1357 1723 1408; x_wconf 74' lang='lat' dir='ltr'><strong>l</strong></span> 
     </span>
    </p>
   </div>
   <div class='ocr_carea' id='block_1_4' title="bbox 306 1457 1723 2170">
    <p class='ocr_par' dir='ltr' id='par_1_4' title="bbox 306 1457 1723 2170">
     <span class='ocr_line' id='line_1_10' title="bbox 309 1457 1632 1547; baseline 0.002 -25"><span class='ocrx_word' id='word_1_77' title='bbox 309 1457 483 1545; x_wconf 89' lang='lat' dir='ltr'><strong>pitulorum</strong></span> <span class='ocrx_word' id='word_1_78' title='bbox 505 1460 550 1525; x_wconf 87' lang='lat' dir='ltr'><strong>ite</strong></span> <span class='ocrx_word' id='word_1_79' title='bbox 571 1460 827 1546; x_wconf 84' lang='lat' dir='ltr'><strong>restringendam</strong></span> <span class='ocrx_word' id='word_1_80' title='bbox 851 1483 930 1544; x_wconf 88' lang='lat' dir='ltr'><strong>esse,</strong></span> <span class='ocrx_word' id='word_1_81' title='bbox 953 1471 989 1527; x_wconf 93' lang='lat' dir='ltr'><strong>ut</strong></span> <span class='ocrx_word' id='word_1_82' title='bbox 1010 1462 1142 1528; x_wconf 87' lang='lat' dir='ltr'><strong>decanis</strong></span> <span class='ocrx_word' id='word_1_83' title='bbox 1171 1459 1310 1547; x_wconf 89' lang='lat' dir='ltr'><strong>simplex</strong></span> <span class='ocrx_word' id='word_1_84' title='bbox 1341 1461 1461 1526; x_wconf 89' lang='lat' dir='ltr'><strong>coertio</strong></span> <span class='ocrx_word' id='word_1_85' title='bbox 1483 1460 1517 1523; x_wconf 90' lang='lat' dir='ltr'><strong>in</strong></span> <span class='ocrx_word' id='word_1_86' title='bbox 1541 1479 1632 1524; x_wconf 88' lang='lat' dir='ltr'><strong>cano·</strong></span> 
     </span>
     <span class='ocr_line' id='line_1_11' title="bbox 308 1561 1632 1652; baseline -0.002 -26"><span class='ocrx_word' id='word_1_87' title='bbox 308 1564 398 1629; x_wconf 90' lang='lat' dir='ltr'><strong>nicos</strong></span> <span class='ocrx_word' id='word_1_88' title='bbox 421 1563 567 1652; x_wconf 87' lang='lat' dir='ltr'><strong>aliasque</strong></span> <span class='ocrx_word' id='word_1_89' title='bbox 591 1563 822 1630; x_wconf 84' lang='lat' dir='ltr'><strong>cathedralium</strong></span> <span class='ocrx_word' id='word_1_90' title='bbox 847 1565 1055 1632; x_wconf 88' lang='lat' dir='ltr'><strong>ecclesiarum</strong></span> <span class='ocrx_word' id='word_1_91' title='bbox 1077 1587 1233 1652; x_wconf 87' lang='lat' dir='ltr'><strong>personas</strong></span> <span class='ocrx_word' id='word_1_92' title='bbox 1247 1565 1457 1652; x_wconf 87' lang='lat' dir='ltr'><strong>permittatur.</strong></span> <span class='ocrx_word' id='word_1_93' title='bbox 1481 1561 1533 1626; x_wconf 92' lang='lat' dir='ltr'><strong>III</strong></span> <span class='ocrx_word' id='word_1_94' title='bbox 1551 1569 1587 1624; x_wconf 89' lang='lat' dir='ltr'><strong>ut</strong></span> <span class='ocrx_word' id='word_1_95' title='bbox 1602 1561 1632 1623; x_wconf 90' lang='lat' dir='ltr'><strong>in</strong></span> 
     </span>
     <span class='ocr_line' id='line_1_12' title="bbox 308 1662 1632 1755; baseline -0.003 -25"><span class='ocrx_word' id='word_1_96' title='bbox 308 1665 526 1732; x_wconf 89' lang='lat' dir='ltr'><strong>criminalibus</strong></span> <span class='ocrx_word' id='word_1_97' title='bbox 549 1669 654 1733; x_wconf 90' lang='lat' dir='ltr'><strong>causis</strong></span> <span class='ocrx_word' id='word_1_98' title='bbox 676 1691 697 1732; x_wconf 86' lang='lat' dir='ltr'><strong>a</strong></span> <span class='ocrx_word' id='word_1_99' title='bbox 718 1667 938 1734; x_wconf 90' lang='lat' dir='ltr'><strong>iurisdictione</strong></span> <span class='ocrx_word' id='word_1_100' title='bbox 968 1670 1111 1755; x_wconf 90' lang='lat' dir='ltr'><strong>episcopi</strong></span> <span class='ocrx_word' id='word_1_101' title='bbox 1139 1667 1246 1733; x_wconf 90' lang='lat' dir='ltr'><strong>nullus</strong></span> <span class='ocrx_word' id='word_1_102' title='bbox 1274 1668 1450 1734; x_wconf 89' lang='lat' dir='ltr'><strong>canonicus</strong></span> <span class='ocrx_word' id='word_1_103' title='bbox 1476 1687 1541 1730; x_wconf 93' lang='lat' dir='ltr'><strong>nec</strong></span> <span class='ocrx_word' id='word_1_104' title='bbox 1569 1662 1632 1728; x_wconf 85' lang='lat' dir='ltr'><strong>alia</strong></span> 
     </span>
     <span class='ocr_line' id='line_1_13' title="bbox 306 1767 1632 1860; baseline -0.002 -26"><span class='ocrx_word' id='word_1_105' title='bbox 306 1791 519 1858; x_wconf 89' lang='lat' dir='ltr'><strong>quaecunque</strong></span> <span class='ocrx_word' id='word_1_106' title='bbox 542 1771 761 1837; x_wconf 89' lang='lat' dir='ltr'><strong>ecclesiastica</strong></span> <span class='ocrx_word' id='word_1_107' title='bbox 782 1793 921 1858; x_wconf 90' lang='lat' dir='ltr'><strong>persona</strong></span> <span class='ocrx_word' id='word_1_108' title='bbox 943 1773 984 1837; x_wconf 89' lang='lat' dir='ltr'><strong>sit</strong></span> <span class='ocrx_word' id='word_1_109' title='bbox 1006 1782 1157 1860; x_wconf 87' lang='lat' dir='ltr'><strong>exempta</strong></span> <span class='ocrx_word' id='word_1_110' title='bbox 1178 1771 1345 1859; x_wconf 61' lang='lat' dir='ltr'><strong>omnaque</strong></span> <span class='ocrx_word' id='word_1_111' title='bbox 1367 1771 1508 1856; x_wconf 86' lang='lat' dir='ltr'><strong>cognitio</strong></span> <span class='ocrx_word' id='word_1_112' title='bbox 1524 1771 1559 1833; x_wconf 90' lang='lat' dir='ltr'><strong>in</strong></span> <span class='ocrx_word' id='word_1_113' title='bbox 1576 1767 1632 1832; x_wconf 89' lang='lat' dir='ltr'><strong>ori·</strong></span> 
     </span>
     <span class='ocr_line' id='line_1_14' title="bbox 306 1873 1632 1963; baseline -0.002 -26"><span class='ocrx_word' id='word_1_114' title='bbox 306 1873 478 1939; x_wconf 90' lang='lat' dir='ltr'><strong>minalibus</strong></span> <span class='ocrx_word' id='word_1_115' title='bbox 502 1877 660 1962; x_wconf 87' lang='lat' dir='ltr'><strong>episcopis</strong></span> <span class='ocrx_word' id='word_1_116' title='bbox 683 1873 725 1940; x_wconf 87' lang='lat' dir='ltr'><strong>eit</strong></span> <span class='ocrx_word' id='word_1_117' title='bbox 746 1885 919 1942; x_wconf 84' lang='lat' dir='ltr'><strong>reservata</strong></span> <span class='ocrx_word' id='word_1_118' title='bbox 942 1875 990 1941; x_wconf 93' lang='lat' dir='ltr'><strong>IV</strong></span> <span class='ocrx_word' id='word_1_119' title='bbox 1005 1888 1041 1942; x_wconf 86' lang='lat' dir='ltr'><strong>ut</strong></span> <span class='ocrx_word' id='word_1_120' title='bbox 1063 1877 1209 1942; x_wconf 88' lang='lat' dir='ltr'><strong>canonici</strong></span> <span class='ocrx_word' id='word_1_121' title='bbox 1231 1874 1378 1963; x_wconf 88' lang='lat' dir='ltr'><strong>aliaeque</strong></span> <span class='ocrx_word' id='word_1_122' title='bbox 1393 1894 1554 1962; x_wconf 86' lang='lat' dir='ltr'><strong>personae</strong></span> <span class='ocrx_word' id='word_1_123' title='bbox 1569 1891 1632 1935; x_wconf 91' lang='lat' dir='ltr'><strong>ma-</strong></span> 
     </span>
     <span class='ocr_line' id='line_1_15' title="bbox 308 1975 1723 2066; baseline -0.001 -26"><span class='ocrx_word' id='word_1_124' title='bbox 308 1977 411 2041; x_wconf 89' lang='lat' dir='ltr'><strong>iorum</strong></span> <span class='ocrx_word' id='word_1_125' title='bbox 435 1978 641 2044; x_wconf 86' lang='lat' dir='ltr'><strong>ecclesiarum</strong></span> <span class='ocrx_word' id='word_1_126' title='bbox 663 1981 696 2044; x_wconf 90' lang='lat' dir='ltr'><strong>in</strong></span> <span class='ocrx_word' id='word_1_127' title='bbox 718 1981 823 2046; x_wconf 87' lang='lat' dir='ltr'><strong>causis</strong></span> <span class='ocrx_word' id='word_1_128' title='bbox 846 1981 983 2066; x_wconf 88' lang='lat' dir='ltr'><strong>propriis</strong></span> <span class='ocrx_word' id='word_1_129' title='bbox 1006 1979 1155 2046; x_wconf 80' lang='lat' dir='ltr'><strong>civilibus</strong></span> <span class='ocrx_word' id='word_1_130' title='bbox 1178 1979 1310 2046; x_wconf 88' lang='lat' dir='ltr'><strong>decanis</strong></span> <span class='ocrx_word' id='word_1_131' title='bbox 1332 1975 1549 2063; x_wconf 88' lang='lat' dir='ltr'><strong>capitulorum</strong></span> <span class='ocrx_word' id='word_1_132' title='bbox 1573 1975 1635 2040; x_wconf 87' lang='lat' dir='ltr'><strong>sint</strong></span> <span class='ocrx_word' id='word_1_133' title='bbox 1722 1989 1723 2018; x_wconf 55' lang='grc' dir='ltr'>ι</span> 
     </span>
     <span class='ocr_line' id='line_1_16' title="bbox 310 2077 1634 2170; baseline -0.001 -27"><span class='ocrx_word' id='word_1_134' title='bbox 310 2079 456 2157; x_wconf 90' lang='lat' dir='ltr'><strong>subiecti,</strong></span> <span class='ocrx_word' id='word_1_135' title='bbox 479 2084 717 2169; x_wconf 74' lang='lat' dir='ltr'><strong>etquicunque</strong></span> <span class='ocrx_word' id='word_1_136' title='bbox 740 2083 851 2147; x_wconf 89' lang='lat' dir='ltr'><strong>cosin</strong></span> <span class='ocrx_word' id='word_1_137' title='bbox 873 2083 1013 2170; x_wconf 89' lang='lat' dir='ltr'><strong>propriis</strong></span> <span class='ocrx_word' id='word_1_138' title='bbox 1035 2081 1183 2150; x_wconf 85' lang='lat' dir='ltr'><strong>civilibus</strong></span> <span class='ocrx_word' id='word_1_139' title='bbox 1211 2082 1317 2148; x_wconf 86' lang='lat' dir='ltr'><strong>causis</strong></span> <span class='ocrx_word' id='word_1_140' title='bbox 1346 2080 1518 2147; x_wconf 89' lang='lat' dir='ltr'><strong>convenire</strong></span> <span class='ocrx_word' id='word_1_141' title='bbox 1547 2077 1634 2160; x_wconf 83' lang='lat' dir='ltr'><strong>velit,</strong></span> 
     </span>
    </p>
   </div>
   <div class='ocr_carea' id='block_1_5' title="bbox 313 2284 1634 2479">
    <p class='ocr_par' dir='ltr' id='par_1_5' title="bbox 313 2284 1634 2479">
     <span class='ocr_line' id='line_1_17' title="bbox 313 2284 1634 2378; baseline -0.002 -26"><span class='ocrx_word' id='word_1_142' title='bbox 313 2287 476 2353; x_wconf 88' lang='lat' dir='ltr'><strong>ordinaria</strong></span> <span class='ocrx_word' id='word_1_143' title='bbox 498 2286 708 2354; x_wconf 88' lang='lat' dir='ltr'><strong>ecclesiastici</strong></span> <span class='ocrx_word' id='word_1_144' title='bbox 728 2288 790 2354; x_wconf 82' lang='lat' dir='ltr'><strong>fori</strong></span> <span class='ocrx_word' id='word_1_145' title='bbox 812 2290 941 2354; x_wconf 92' lang='lat' dir='ltr'><strong>minime</strong></span> <span class='ocrx_word' id='word_1_146' title='bbox 964 2291 1028 2356; x_wconf 88' lang='lat' dir='ltr'><strong>sint</strong></span> <span class='ocrx_word' id='word_1_147' title='bbox 1049 2291 1189 2378; x_wconf 86' lang='lat' dir='ltr'><strong>exempti</strong></span> <span class='ocrx_word' id='word_1_148' title='bbox 1213 2289 1376 2372; x_wconf 89' lang='lat' dir='ltr'><strong>canonici,</strong></span> <span class='ocrx_word' id='word_1_149' title='bbox 1407 2287 1507 2353; x_wconf 86' lang='lat' dir='ltr'><strong>veluti</strong></span> <span class='ocrx_word' id='word_1_150' title='bbox 1538 2287 1566 2352; x_wconf 90' lang='lat' dir='ltr'><strong>si</strong></span> <span class='ocrx_word' id='word_1_151' title='bbox 1594 2284 1634 2350; x_wconf 93' lang='lat' dir='ltr'><strong>ad</strong></span> 
     </span>
     <span class='ocr_line' id='line_1_18' title="bbox 313 2390 1632 2479; baseline -0.003 -23"><span class='ocrx_word' id='word_1_152' title='bbox 313 2390 567 2457; x_wconf 88' lang='lat' dir='ltr'><strong>ecclesiasticum</strong></span> <span class='ocrx_word' id='word_1_153' title='bbox 591 2391 735 2479; x_wconf 89' lang='lat' dir='ltr'><strong>episcopi</strong></span> <span class='ocrx_word' id='word_1_154' title='bbox 756 2391 860 2457; x_wconf 85' lang='lat' dir='ltr'><strong>forum</strong></span> <span class='ocrx_word' id='word_1_155' title='bbox 882 2401 920 2458; x_wconf 90' lang='lat' dir='ltr'><strong>nt</strong></span> <span class='ocrx_word' id='word_1_156' title='bbox 941 2401 1037 2458; x_wconf 75' lang='lat' dir='ltr'><strong>usus</strong></span> <span class='ocrx_word' id='word_1_157' title='bbox 1060 2395 1205 2476; x_wconf 82' lang='lat' dir='ltr'><strong>citantur,</strong></span> <span class='ocrx_word' id='word_1_158' title='bbox 1228 2413 1414 2479; x_wconf 90' lang='lat' dir='ltr'><strong>comparere</strong></span> <span class='ocrx_word' id='word_1_159' title='bbox 1436 2401 1469 2458; x_wconf 91' lang='lat' dir='ltr'><strong>et</strong></span> <span class='ocrx_word' id='word_1_160' title='bbox 1490 2390 1632 2455; x_wconf 86' lang='lat' dir='ltr'><strong>testimo·</strong></span> 
     </span>
    </p>
   </div>
   <div class='ocr_carea' id='block_1_6' title="bbox 308 2491 1723 2562">
    <p class='ocr_par' dir='ltr' id='par_1_6' title="bbox 308 2491 1723 2562">
     <span class='ocr_line' id='line_1_19' title="bbox 308 2491 1723 2562; baseline 0 -2"><span class='ocrx_word' id='word_1_161' title='bbox 308 2496 397 2560; x_wconf 90' lang='lat' dir='ltr'><strong>nium</strong></span> <span class='ocrx_word' id='word_1_162' title='bbox 419 2495 549 2560; x_wconf 88' lang='lat' dir='ltr'><strong>veritati</strong></span> <span class='ocrx_word' id='word_1_163' title='bbox 564 2493 717 2562; x_wconf 89' lang='lat' dir='ltr'><strong>exhibere</strong></span> <span class='ocrx_word' id='word_1_164' title='bbox 739 2503 916 2561; x_wconf 89' lang='lat' dir='ltr'><strong>teneantur.</strong></span> <span class='ocrx_word' id='word_1_165' title='bbox 938 2495 971 2561; x_wconf 91' lang='lat' dir='ltr'>V</span> <span class='ocrx_word' id='word_1_166' title='bbox 991 2505 1028 2560; x_wconf 90' lang='lat' dir='ltr'><strong>ut</strong></span> <span class='ocrx_word' id='word_1_167' title='bbox 1049 2497 1195 2562; x_wconf 89' lang='lat' dir='ltr'><strong>canonici</strong></span> <span class='ocrx_word' id='word_1_168' title='bbox 1218 2496 1245 2560; x_wconf 89' lang='lat' dir='ltr'><strong>si</strong></span> <span class='ocrx_word' id='word_1_169' title='bbox 1267 2497 1301 2560; x_wconf 91' lang='lat' dir='ltr'><strong>in</strong></span> <span class='ocrx_word' id='word_1_170' title='bbox 1321 2494 1371 2560; x_wconf 85' lang='lat' dir='ltr'><strong>his</strong></span> <span class='ocrx_word' id='word_1_171' title='bbox 1393 2491 1447 2560; x_wconf 84' lang='lat' dir='ltr'><strong>vel</strong></span> <span class='ocrx_word' id='word_1_172' title='bbox 1462 2491 1535 2558; x_wconf 86' lang='lat' dir='ltr'><strong>aliis</strong></span> <span class='ocrx_word' id='word_1_173' title='bbox 1551 2492 1633 2556; x_wconf 89' lang='lat' dir='ltr'><strong>simi·</strong></span> <span class='ocrx_word' id='word_1_174' title='bbox 1722 2515 1723 2560; x_wconf 56' lang='grc' dir='ltr'>ι</span> 
     </span>
    </p>
   </div>
   <div class='ocr_carea' id='block_1_7' title="bbox 308 2596 1723 4960">
    <p class='ocr_par' dir='ltr' id='par_1_7' title="bbox 308 2596 1723 4960">
     <span class='ocr_line' id='line_1_20' title="bbox 308 2596 1633 2686; baseline -0.003 -24"><span class='ocrx_word' id='word_1_175' title='bbox 308 2596 392 2664; x_wconf 91' lang='lat' dir='ltr'><strong>libus</strong></span> <span class='ocrx_word' id='word_1_176' title='bbox 415 2599 521 2663; x_wconf 70' lang='lat' dir='ltr'><strong>cande</strong></span> <span class='ocrx_word' id='word_1_177' title='bbox 543 2597 585 2664; x_wconf 92' lang='lat' dir='ltr'><strong>ab</strong></span> <span class='ocrx_word' id='word_1_178' title='bbox 608 2596 840 2664; x_wconf 88' lang='lat' dir='ltr'><strong>ordinariorum</strong></span> <span class='ocrx_word' id='word_1_179' title='bbox 863 2599 959 2664; x_wconf 89' lang='lat' dir='ltr'><strong>curiis</strong></span> <span class='ocrx_word' id='word_1_180' title='bbox 983 2600 1136 2683; x_wconf 82' lang='lat' dir='ltr'><strong>citantur,</strong></span> <span class='ocrx_word' id='word_1_181' title='bbox 1168 2599 1195 2664; x_wconf 89' lang='lat' dir='ltr'><strong>si</strong></span> <span class='ocrx_word' id='word_1_182' title='bbox 1222 2621 1257 2664; x_wconf 93' lang='lat' dir='ltr'><strong>se</strong></span> <span class='ocrx_word' id='word_1_183' title='bbox 1284 2606 1452 2686; x_wconf 85' lang='lat' dir='ltr'><strong>exemptos</strong></span> <span class='ocrx_word' id='word_1_184' title='bbox 1483 2617 1559 2662; x_wconf 85' lang='lat' dir='ltr'><strong>ease</strong></span> <span class='ocrx_word' id='word_1_185' title='bbox 1580 2617 1633 2682; x_wconf 89' lang='lat' dir='ltr'><strong>pn-</strong></span> 
     </span>
     <span class='ocr_line' id='line_1_21' title="bbox 308 2699 1634 2790; baseline -0.002 -23"><span class='ocrx_word' id='word_1_186' title='bbox 308 2704 456 2786; x_wconf 87' lang='lat' dir='ltr'><strong>taverint,</strong></span> <span class='ocrx_word' id='word_1_187' title='bbox 480 2711 690 2790; x_wconf 87' lang='lat' dir='ltr'><strong>compareant</strong></span> <span class='ocrx_word' id='word_1_188' title='bbox 712 2711 745 2768; x_wconf 91' lang='lat' dir='ltr'><strong>et</strong></span> <span class='ocrx_word' id='word_1_189' title='bbox 766 2703 978 2790; x_wconf 86' lang='lat' dir='ltr'><strong>exemptionis</strong></span> <span class='ocrx_word' id='word_1_190' title='bbox 1001 2724 1079 2770; x_wconf 84' lang='lat' dir='ltr'><strong>suae</strong></span> <span class='ocrx_word' id='word_1_191' title='bbox 1101 2725 1215 2770; x_wconf 67' lang='lat' dir='ltr'><strong>musas</strong></span> <span class='ocrx_word' id='word_1_192' title='bbox 1238 2703 1272 2768; x_wconf 93' lang='lat' dir='ltr'><strong>in</strong></span> <span class='ocrx_word' id='word_1_193' title='bbox 1287 2701 1404 2768; x_wconf 89' lang='lat' dir='ltr'><strong>iudicio</strong></span> <span class='ocrx_word' id='word_1_194' title='bbox 1426 2700 1571 2787; x_wconf 79' lang='lat' dir='ltr'><strong>allegent</strong></span> <span class='ocrx_word' id='word_1_195' title='bbox 1584 2699 1634 2764; x_wconf 72' lang='lat' dir='ltr'><strong>de·</strong></span> 
     </span>
     <span class='ocr_line' id='line_1_22' title="bbox 310 2805 1723 2893; baseline -0.003 -23"><span class='ocrx_word' id='word_1_196' title='bbox 310 2805 430 2870; x_wconf 90' lang='lat' dir='ltr'><strong>ducant</strong></span> <span class='ocrx_word' id='word_1_197' title='bbox 452 2817 485 2872; x_wconf 93' lang='lat' dir='ltr'><strong>et</strong></span> <span class='ocrx_word' id='word_1_198' title='bbox 506 2805 652 2893; x_wconf 90' lang='lat' dir='ltr'><strong>probent,</strong></span> <span class='ocrx_word' id='word_1_199' title='bbox 677 2815 709 2870; x_wconf 90' lang='lat' dir='ltr'><strong>et</strong></span> <span class='ocrx_word' id='word_1_200' title='bbox 731 2807 758 2870; x_wconf 91' lang='lat' dir='ltr'><strong>si</strong></span> <span class='ocrx_word' id='word_1_201' title='bbox 780 2815 987 2872; x_wconf 88' lang='lat' dir='ltr'><strong>contumaces</strong></span> <span class='ocrx_word' id='word_1_202' title='bbox 1008 2806 1137 2891; x_wconf 85' lang='lat' dir='ltr'><strong>fuerint,</strong></span> <span class='ocrx_word' id='word_1_203' title='bbox 1165 2817 1202 2872; x_wconf 89' lang='lat' dir='ltr'><strong>ut</strong></span> <span class='ocrx_word' id='word_1_204' title='bbox 1224 2816 1412 2873; x_wconf 74' lang='lat' dir='ltr'><strong>conusens</strong></span> <span class='ocrx_word' id='word_1_205' title='bbox 1435 2805 1582 2892; x_wconf 90' lang='lat' dir='ltr'><strong>episcopi</strong></span> <span class='ocrx_word' id='word_1_206' title='bbox 1604 2812 1633 2866; x_wconf 91' lang='lat' dir='ltr'><strong>et</strong></span> <span class='ocrx_word' id='word_1_207' title='bbox 1722 2823 1723 2828; x_wconf 50' lang='lat'>¹</span> 
     </span>
     <span class='ocr_line' id='line_1_23' title="bbox 310 2909 1633 2994; baseline -0.004 -21"><span class='ocrx_word' id='word_1_208' title='bbox 310 2929 421 2973; x_wconf 89' lang='lat' dir='ltr'><strong>eorum</strong></span> <span class='ocrx_word' id='word_1_209' title='bbox 442 2909 566 2974; x_wconf 91' lang='lat' dir='ltr'><strong>iudices</strong></span> <span class='ocrx_word' id='word_1_210' title='bbox 590 2909 752 2975; x_wconf 89' lang='lat' dir='ltr'><strong>ordinaria</strong></span> <span class='ocrx_word' id='word_1_211' title='bbox 773 2909 989 2975; x_wconf 89' lang='lat' dir='ltr'><strong>iurisdictione</strong></span> <span class='ocrx_word' id='word_1_212' title='bbox 1011 2919 1143 2976; x_wconf 90' lang='lat' dir='ltr'><strong>utantur</strong></span> <span class='ocrx_word' id='word_1_213' title='bbox 1163 2913 1254 2976; x_wconf 89' lang='lat' dir='ltr'><strong>iuxta</strong></span> <span class='ocrx_word' id='word_1_214' title='bbox 1284 2931 1440 2976; x_wconf 86' lang='lat' dir='ltr'><strong>canonem</strong></span> <span class='ocrx_word' id='word_1_215' title='bbox 1468 2930 1544 2974; x_wconf 90' lang='lat' dir='ltr'><strong>cum</strong></span> <span class='ocrx_word' id='word_1_216' title='bbox 1567 2929 1633 2994; x_wconf 87' lang='lat' dir='ltr'><strong>per-</strong></span> 
     </span>
     <span class='ocr_line' id='line_1_24' title="bbox 310 3010 1631 3101; baseline -0.001 -26"><span class='ocrx_word' id='word_1_217' title='bbox 310 3033 417 3096; x_wconf 90' lang='lat' dir='ltr'><strong>sonae,</strong></span> <span class='ocrx_word' id='word_1_218' title='bbox 442 3011 681 3098; x_wconf 87' lang='lat' dir='ltr'><strong>deprivilegiis</strong></span> <span class='ocrx_word' id='word_1_219' title='bbox 703 3011 758 3077; x_wconf 93' lang='lat' dir='ltr'><strong>lib.</strong></span> <span class='ocrx_word' id='word_1_220' title='bbox 782 3013 811 3078; x_wconf 88' lang='lat'><strong>6.</strong></span> <span class='ocrx_word' id='word_1_221' title='bbox 835 3013 883 3077; x_wconf 93' lang='lat' dir='ltr'><strong>VI</strong></span> <span class='ocrx_word' id='word_1_222' title='bbox 898 3021 934 3078; x_wconf 92' lang='lat' dir='ltr'><strong>ut</strong></span> <span class='ocrx_word' id='word_1_223' title='bbox 957 3011 1096 3099; x_wconf 87' lang='lat' dir='ltr'><strong>capitula</strong></span> <span class='ocrx_word' id='word_1_224' title='bbox 1118 3015 1287 3101; x_wconf 88' lang='lat' dir='ltr'><strong>episcopos</strong></span> <span class='ocrx_word' id='word_1_225' title='bbox 1310 3033 1386 3078; x_wconf 90' lang='lat' dir='ltr'><strong>euos</strong></span> <span class='ocrx_word' id='word_1_226' title='bbox 1409 3012 1442 3076; x_wconf 91' lang='lat' dir='ltr'><strong>iu</strong></span> <span class='ocrx_word' id='word_1_227' title='bbox 1465 3013 1576 3077; x_wconf 67' lang='lat' dir='ltr'><strong>cauus</strong></span> <span class='ocrx_word' id='word_1_228' title='bbox 1591 3010 1631 3074; x_wconf 89' lang='lat' dir='ltr'><strong>fa·</strong></span> 
     </span>
     <span class='ocr_line' id='line_1_25' title="bbox 308 3115 1632 3204; baseline -0.002 -25"><span class='ocrx_word' id='word_1_229' title='bbox 308 3116 407 3182; x_wconf 87' lang='lat' dir='ltr'><strong>mosis</strong></span> <span class='ocrx_word' id='word_1_230' title='bbox 430 3126 462 3180; x_wconf 90' lang='lat' dir='ltr'><strong>et</strong></span> <span class='ocrx_word' id='word_1_231' title='bbox 485 3115 702 3182; x_wconf 89' lang='lat' dir='ltr'><strong>criminalibus</strong></span> <span class='ocrx_word' id='word_1_232' title='bbox 724 3139 789 3181; x_wconf 92' lang='lat' dir='ltr'><strong>non</strong></span> <span class='ocrx_word' id='word_1_233' title='bbox 811 3116 1027 3203; x_wconf 89' lang='lat' dir='ltr'><strong>praecedente</strong></span> <span class='ocrx_word' id='word_1_234' title='bbox 1050 3139 1168 3182; x_wconf 70' lang='lat' dir='ltr'><strong>musae</strong></span> <span class='ocrx_word' id='word_1_235' title='bbox 1183 3118 1366 3204; x_wconf 89' lang='lat' dir='ltr'><strong>cognitione</strong></span> <span class='ocrx_word' id='word_1_236' title='bbox 1380 3138 1445 3182; x_wconf 91' lang='lat' dir='ltr'><strong>non</strong></span> <span class='ocrx_word' id='word_1_237' title='bbox 1460 3115 1632 3187; x_wconf 79' lang='lat' dir='ltr'><strong>diffament,</strong></span> 
     </span>
     <span class='ocr_line' id='line_1_26' title="bbox 309 3218 1633 3307; baseline 0 -24"><span class='ocrx_word' id='word_1_238' title='bbox 309 3218 367 3283; x_wconf 87' lang='lat' dir='ltr'><strong>aed</strong></span> <span class='ocrx_word' id='word_1_239' title='bbox 390 3221 416 3283; x_wconf 90' lang='lat' dir='ltr'><strong>si</strong></span> <span class='ocrx_word' id='word_1_240' title='bbox 439 3241 593 3284; x_wconf 88' lang='lat' dir='ltr'><strong>accusare</strong></span> <span class='ocrx_word' id='word_1_241' title='bbox 614 3242 671 3285; x_wconf 88' lang='lat' dir='ltr'><strong>eos</strong></span> <span class='ocrx_word' id='word_1_242' title='bbox 693 3219 916 3307; x_wconf 89' lang='lat' dir='ltr'><strong>praetendant,</strong></span> <span class='ocrx_word' id='word_1_243' title='bbox 947 3221 981 3286; x_wconf 95' lang='lat' dir='ltr'><strong>id</strong></span> <span class='ocrx_word' id='word_1_244' title='bbox 1003 3243 1113 3287; x_wconf 89' lang='lat' dir='ltr'><strong>coram</strong></span> <span class='ocrx_word' id='word_1_245' title='bbox 1140 3219 1317 3307; x_wconf 89' lang='lat' dir='ltr'><strong>apostolica</strong></span> <span class='ocrx_word' id='word_1_246' title='bbox 1344 3220 1439 3299; x_wconf 87' lang='lat' dir='ltr'><strong>aede,</strong></span> <span class='ocrx_word' id='word_1_247' title='bbox 1468 3218 1510 3284; x_wconf 94' lang='lat' dir='ltr'><strong>ad</strong></span> <span class='ocrx_word' id='word_1_248' title='bbox 1540 3239 1633 3306; x_wconf 89' lang='lat' dir='ltr'><strong>quam</strong></span> 
     </span>
     <span class='ocr_line' id='line_1_27' title="bbox 310 3321 1632 3411; baseline 0 -25"><span class='ocrx_word' id='word_1_249' title='bbox 310 3323 471 3387; x_wconf 88' lang='lat' dir='ltr'><strong>accusatio</strong></span> <span class='ocrx_word' id='word_1_250' title='bbox 495 3323 717 3409; x_wconf 91' lang='lat' dir='ltr'><strong>episcoporum</strong></span> <span class='ocrx_word' id='word_1_251' title='bbox 741 3321 814 3387; x_wconf 91' lang='lat' dir='ltr'><strong>huic</strong></span> <span class='ocrx_word' id='word_1_252' title='bbox 838 3322 906 3388; x_wconf 93' lang='lat' dir='ltr'><strong>sedi</strong></span> <span class='ocrx_word' id='word_1_253' title='bbox 930 3324 1013 3389; x_wconf 90' lang='lat' dir='ltr'><strong>siout</strong></span> <span class='ocrx_word' id='word_1_254' title='bbox 1035 3333 1068 3389; x_wconf 91' lang='lat' dir='ltr'><strong>et</strong></span> <span class='ocrx_word' id='word_1_255' title='bbox 1089 3333 1236 3390; x_wconf 89' lang='lat' dir='ltr'><strong>caeterae</strong></span> <span class='ocrx_word' id='word_1_256' title='bbox 1258 3325 1424 3411; x_wconf 84' lang='lat' dir='ltr'><strong>graviores</strong></span> <span class='ocrx_word' id='word_1_257' title='bbox 1446 3345 1567 3388; x_wconf 89' lang='lat' dir='ltr'><strong>causae</strong></span> <span class='ocrx_word' id='word_1_258' title='bbox 1588 3343 1632 3386; x_wconf 79' lang='lat' dir='ltr'><strong>re</strong></span> 
     </span>
     <span class='ocr_line' id='line_1_28' title="bbox 311 3423 1632 3514; baseline -0.001 -24"><span class='ocrx_word' id='word_1_259' title='bbox 311 3435 439 3492; x_wconf 86' lang='lat' dir='ltr'><strong>servata</strong></span> <span class='ocrx_word' id='word_1_260' title='bbox 461 3435 518 3509; x_wconf 84' lang='lat' dir='ltr'><strong>est,</strong></span> <span class='ocrx_word' id='word_1_261' title='bbox 541 3425 676 3510; x_wconf 85' lang='lat' dir='ltr'><strong>faciant;</strong></span> <span class='ocrx_word' id='word_1_262' title='bbox 705 3447 765 3490; x_wconf 92' lang='lat' dir='ltr'><strong>nec</strong></span> <span class='ocrx_word' id='word_1_263' title='bbox 787 3425 926 3492; x_wconf 86' lang='lat' dir='ltr'><strong>idduae</strong></span> <span class='ocrx_word' id='word_1_264' title='bbox 948 3437 1003 3492; x_wconf 85' lang='lat' dir='ltr'><strong>eut</strong></span> <span class='ocrx_word' id='word_1_265' title='bbox 1023 3449 1149 3514; x_wconf 90' lang='lat' dir='ltr'><strong>paucae</strong></span> <span class='ocrx_word' id='word_1_266' title='bbox 1171 3425 1300 3514; x_wconf 88' lang='lat' dir='ltr'><strong>aliquae</strong></span> <span class='ocrx_word' id='word_1_267' title='bbox 1321 3449 1479 3514; x_wconf 89' lang='lat' dir='ltr'><strong>personae</strong></span> <span class='ocrx_word' id='word_1_268' title='bbox 1501 3423 1632 3513; x_wconf 88' lang='lat' dir='ltr'><strong>capituli</strong></span> 
     </span>
     <span class='ocr_line' id='line_1_29' title="bbox 310 3529 1632 3618; baseline 0.001 -26"><span class='ocrx_word' id='word_1_269' title='bbox 310 3529 369 3594; x_wconf 90' lang='lat' dir='ltr'><strong>sub</strong></span> <span class='ocrx_word' id='word_1_270' title='bbox 385 3530 512 3594; x_wconf 91' lang='lat' dir='ltr'><strong>nomine</strong></span> <span class='ocrx_word' id='word_1_271' title='bbox 529 3529 668 3615; x_wconf 89' lang='lat' dir='ltr'><strong>capituli,</strong></span> <span class='ocrx_word' id='word_1_272' title='bbox 693 3529 750 3595; x_wconf 89' lang='lat' dir='ltr'><strong>sed</strong></span> <span class='ocrx_word' id='word_1_273' title='bbox 772 3539 874 3595; x_wconf 90' lang='lat' dir='ltr'><strong>totum</strong></span> <span class='ocrx_word' id='word_1_274' title='bbox 890 3530 1065 3618; x_wconf 89' lang='lat' dir='ltr'><strong>capitulum</strong></span> <span class='ocrx_word' id='word_1_275' title='bbox 1080 3530 1227 3596; x_wconf 87' lang='lat' dir='ltr'><strong>omnibus</strong></span> <span class='ocrx_word' id='word_1_276' title='bbox 1242 3532 1386 3617; x_wconf 86' lang='lat' dir='ltr'><strong>personis</strong></span> <span class='ocrx_word' id='word_1_277' title='bbox 1402 3531 1470 3595; x_wconf 88' lang='lat' dir='ltr'><strong>eius</strong></span> <span class='ocrx_word' id='word_1_278' title='bbox 1489 3551 1632 3616; x_wconf 89' lang='lat' dir='ltr'><strong>peremp-</strong></span> 
     </span>
     <span class='ocr_line' id='line_1_30' title="bbox 311 3631 1630 3723; baseline -0.001 -27"><span class='ocrx_word' id='word_1_279' title='bbox 311 3635 392 3698; x_wconf 88' lang='lat' dir='ltr'><strong>torie</strong></span> <span class='ocrx_word' id='word_1_280' title='bbox 415 3635 520 3697; x_wconf 86' lang='lat' dir='ltr'><strong>citatis</strong></span> <span class='ocrx_word' id='word_1_281' title='bbox 543 3631 687 3718; x_wconf 90' lang='lat' dir='ltr'><strong>legitimo</strong></span> <span class='ocrx_word' id='word_1_282' title='bbox 709 3633 821 3698; x_wconf 90' lang='lat' dir='ltr'><strong>ordine</strong></span> <span class='ocrx_word' id='word_1_283' title='bbox 844 3633 973 3699; x_wconf 84' lang='lat' dir='ltr'><strong>faciant</strong></span> <span class='ocrx_word' id='word_1_284' title='bbox 996 3633 1062 3700; x_wconf 89' lang='lat' dir='ltr'><strong>VH</strong></span> <span class='ocrx_word' id='word_1_285' title='bbox 1084 3634 1172 3723; x_wconf 93' lang='lat' dir='ltr'><strong>quod</strong></span> <span class='ocrx_word' id='word_1_286' title='bbox 1199 3635 1307 3699; x_wconf 89' lang='lat' dir='ltr'><strong>omnia</strong></span> <span class='ocrx_word' id='word_1_287' title='bbox 1337 3632 1551 3720; x_wconf 88' lang='lat' dir='ltr'><strong>capitulorum</strong></span> <span class='ocrx_word' id='word_1_288' title='bbox 1575 3640 1630 3695; x_wconf 90' lang='lat' dir='ltr'><strong>sta·</strong></span> 
     </span>
     <span class='ocr_line' id='line_1_31' title="bbox 310 3735 1629 3825; baseline -0.001 -26"><span class='ocrx_word' id='word_1_289' title='bbox 310 3745 380 3800; x_wconf 90' lang='lat' dir='ltr'><strong>tuta</strong></span> <span class='ocrx_word' id='word_1_290' title='bbox 395 3737 626 3814; x_wconf 88' lang='lat' dir='ltr'><strong>examinentur,</strong></span> <span class='ocrx_word' id='word_1_291' title='bbox 648 3738 733 3801; x_wconf 88' lang='lat' dir='ltr'><strong>iusta</strong></span> <span class='ocrx_word' id='word_1_292' title='bbox 747 3759 853 3825; x_wconf 88' lang='lat' dir='ltr'><strong>aequa</strong></span> <span class='ocrx_word' id='word_1_293' title='bbox 867 3747 899 3802; x_wconf 93' lang='lat' dir='ltr'><strong>et</strong></span> <span class='ocrx_word' id='word_1_294' title='bbox 913 3735 1117 3803; x_wconf 90' lang='lat' dir='ltr'><strong>rationabilia</strong></span> <span class='ocrx_word' id='word_1_295' title='bbox 1131 3736 1368 3818; x_wconf 86' lang='lat' dir='ltr'><strong>confirmentur,</strong></span> <span class='ocrx_word' id='word_1_296' title='bbox 1391 3737 1511 3800; x_wconf 90' lang='lat' dir='ltr'><strong>iniusta</strong></span> <span class='ocrx_word' id='word_1_297' title='bbox 1527 3745 1629 3799; x_wconf 92' lang='lat' dir='ltr'><strong>autem</strong></span> 
     </span>
     <span class='ocr_line' id='line_1_32' title="bbox 311 3838 1630 3924; baseline -0.001 -21"><span class='ocrx_word' id='word_1_298' title='bbox 311 3838 526 3904; x_wconf 82' lang='lat' dir='ltr'><strong>reformentur</strong></span> <span class='ocrx_word' id='word_1_299' title='bbox 547 3841 658 3904; x_wconf 91' lang='lat' dir='ltr'><strong>autin</strong></span> <span class='ocrx_word' id='word_1_300' title='bbox 680 3849 782 3906; x_wconf 91' lang='lat' dir='ltr'><strong>totum</strong></span> <span class='ocrx_word' id='word_1_301' title='bbox 805 3850 973 3906; x_wconf 88' lang='lat' dir='ltr'><strong>cassentur</strong></span> <span class='ocrx_word' id='word_1_302' title='bbox 995 3850 1027 3906; x_wconf 90' lang='lat' dir='ltr'><strong>et</strong></span> <span class='ocrx_word' id='word_1_303' title='bbox 1048 3841 1221 3906; x_wconf 89' lang='lat' dir='ltr'><strong>irritentur.</strong></span> <span class='ocrx_word' id='word_1_304' title='bbox 1254 3839 1335 3904; x_wconf 88' lang='lat' dir='ltr'>VIII</span> <span class='ocrx_word' id='word_1_305' title='bbox 1358 3848 1394 3903; x_wconf 91' lang='lat' dir='ltr'><strong>ut</strong></span> <span class='ocrx_word' id='word_1_306' title='bbox 1415 3841 1524 3904; x_wconf 88' lang='lat' dir='ltr'><strong>omnia</strong></span> <span class='ocrx_word' id='word_1_307' title='bbox 1547 3839 1630 3924; x_wconf 91' lang='lat' dir='ltr'><strong>capi·</strong></span> 
     </span>
     <span class='ocr_line' id='line_1_33' title="bbox 311 3940 1629 4030; baseline -0.004 -23"><span class='ocrx_word' id='word_1_308' title='bbox 311 3941 379 4007; x_wconf 90' lang='lat' dir='ltr'><strong>tnla</strong></span> <span class='ocrx_word' id='word_1_309' title='bbox 400 3965 458 4029; x_wconf 91' lang='lat' dir='ltr'><strong>per</strong></span> <span class='ocrx_word' id='word_1_310' title='bbox 480 3940 603 4028; x_wconf 87' lang='lat' dir='ltr'><strong>legatos</strong></span> <span class='ocrx_word' id='word_1_311' title='bbox 625 3952 662 4008; x_wconf 92' lang='lat' dir='ltr'><strong>ut</strong></span> <span class='ocrx_word' id='word_1_312' title='bbox 683 3965 793 4008; x_wconf 86' lang='lat' dir='ltr'><strong>coram</strong></span> <span class='ocrx_word' id='word_1_313' title='bbox 816 3942 952 4009; x_wconf 88' lang='lat' dir='ltr'><strong>concilio</strong></span> <span class='ocrx_word' id='word_1_314' title='bbox 975 3951 1184 4030; x_wconf 89' lang='lat' dir='ltr'><strong>compareant</strong></span> <span class='ocrx_word' id='word_1_315' title='bbox 1199 3944 1344 4025; x_wconf 83' lang='lat' dir='ltr'><strong>citantur,</strong></span> <span class='ocrx_word' id='word_1_316' title='bbox 1368 3942 1409 4006; x_wconf 90' lang='lat' dir='ltr'><strong>de</strong></span> <span class='ocrx_word' id='word_1_317' title='bbox 1425 3942 1553 4007; x_wconf 87' lang='lat' dir='ltr'><strong>statutis</strong></span> <span class='ocrx_word' id='word_1_318' title='bbox 1569 3941 1629 4004; x_wconf 85' lang='lat' dir='ltr'><strong>suis</strong></span> 
     </span>
     <span class='ocr_line' id='line_1_34' title="bbox 312 4043 1627 4121; baseline -0.003 -11"><span class='ocrx_word' id='word_1_319' title='bbox 312 4045 447 4111; x_wconf 88' lang='lat' dir='ltr'><strong>concilio</strong></span> <span class='ocrx_word' id='word_1_320' title='bbox 470 4046 651 4111; x_wconf 89' lang='lat' dir='ltr'><strong>cuiusmodi</strong></span> <span class='ocrx_word' id='word_1_321' title='bbox 673 4069 712 4112; x_wconf 88' lang='lat' dir='ltr'><strong>ea</strong></span> <span class='ocrx_word' id='word_1_322' title='bbox 735 4048 798 4112; x_wconf 89' lang='lat' dir='ltr'><strong>sint</strong></span> <span class='ocrx_word' id='word_1_323' title='bbox 820 4047 1075 4112; x_wconf 83' lang='lat' dir='ltr'><strong>informationem</strong></span> <span class='ocrx_word' id='word_1_324' title='bbox 1096 4045 1213 4111; x_wconf 85' lang='lat' dir='ltr'><strong>facturi</strong></span> <span class='ocrx_word' id='word_1_325' title='bbox 1235 4047 1444 4110; x_wconf 84' lang='lat' dir='ltr'><strong>strationem</strong></span> <span class='ocrx_word' id='word_1_326' title='bbox 1466 4043 1627 4121; x_wconf 89' lang='lat' dir='ltr'><strong>reddituri,</strong></span> 
     </span>
     <span class='ocr_line' id='line_1_35' title="bbox 311 4147 1627 4236; baseline -0.004 -22"><span class='ocrx_word' id='word_1_327' title='bbox 311 4160 344 4214; x_wconf 92' lang='lat' dir='ltr'><strong>et</strong></span> <span class='ocrx_word' id='word_1_328' title='bbox 365 4158 401 4213; x_wconf 92' lang='lat' dir='ltr'><strong>ut</strong></span> <span class='ocrx_word' id='word_1_329' title='bbox 423 4159 614 4215; x_wconf 89' lang='lat' dir='ltr'><strong>statutorum</strong></span> <span class='ocrx_word' id='word_1_330' title='bbox 638 4172 768 4215; x_wconf 91' lang='lat' dir='ltr'><strong>suorum</strong></span> <span class='ocrx_word' id='word_1_331' title='bbox 791 4150 853 4214; x_wconf 85' lang='lat' dir='ltr'><strong>lide</strong></span> <span class='ocrx_word' id='word_1_332' title='bbox 875 4149 973 4235; x_wconf 89' lang='lat' dir='ltr'><strong>digna</strong></span> <span class='ocrx_word' id='word_1_333' title='bbox 995 4148 1145 4236; x_wconf 91' lang='lat' dir='ltr'><strong>exempla</strong></span> <span class='ocrx_word' id='word_1_334' title='bbox 1167 4147 1226 4214; x_wconf 90' lang='lat' dir='ltr'><strong>sub</strong></span> <span class='ocrx_word' id='word_1_335' title='bbox 1249 4148 1494 4214; x_wconf 88' lang='lat' dir='ltr'><strong>comminatione</strong></span> <span class='ocrx_word' id='word_1_336' title='bbox 1522 4169 1627 4212; x_wconf 86' lang='lat' dir='ltr'><strong>censu·</strong></span> 
     </span>
     <span class='ocr_line' id='line_1_36' title="bbox 311 4250 1626 4332; baseline -0.003 -14"><span class='ocrx_word' id='word_1_337' title='bbox 311 4275 419 4318; x_wconf 88' lang='lat' dir='ltr'><strong>rarum</strong></span> <span class='ocrx_word' id='word_1_338' title='bbox 442 4252 577 4318; x_wconf 89' lang='lat' dir='ltr'><strong>concilio</strong></span> <span class='ocrx_word' id='word_1_339' title='bbox 599 4255 826 4332; x_wconf 86' lang='lat' dir='ltr'><strong>transmittant,</strong></span> <span class='ocrx_word' id='word_1_340' title='bbox 850 4264 882 4318; x_wconf 91' lang='lat' dir='ltr'><strong>et</strong></span> <span class='ocrx_word' id='word_1_341' title='bbox 904 4253 966 4317; x_wconf 88' lang='lat' dir='ltr'><strong>nisi</strong></span> <span class='ocrx_word' id='word_1_342' title='bbox 989 4253 1022 4318; x_wconf 95' lang='lat' dir='ltr'><strong>id</strong></span> <span class='ocrx_word' id='word_1_343' title='bbox 1043 4252 1186 4330; x_wconf 84' lang='lat' dir='ltr'><strong>iecerint,</strong></span> <span class='ocrx_word' id='word_1_344' title='bbox 1215 4273 1279 4316; x_wconf 90' lang='lat' dir='ltr'><strong>non</strong></span> <span class='ocrx_word' id='word_1_345' title='bbox 1301 4250 1404 4317; x_wconf 86' lang='lat' dir='ltr'><strong>solum</strong></span> <span class='ocrx_word' id='word_1_346' title='bbox 1426 4272 1626 4316; x_wconf 84' lang='lat' dir='ltr'><strong>censurarum</strong></span> 
     </span>
     <span class='ocr_line' id='line_1_37' title="bbox 312 4353 1626 4442; baseline -0.003 -20"><span class='ocrx_word' id='word_1_347' title='bbox 312 4358 469 4422; x_wconf 85' lang='lat' dir='ltr'><strong>sententia</strong></span> <span class='ocrx_word' id='word_1_348' title='bbox 491 4359 524 4420; x_wconf 92' lang='lat' dir='ltr'><strong>in</strong></span> <span class='ocrx_word' id='word_1_349' title='bbox 547 4379 602 4422; x_wconf 88' lang='lat' dir='ltr'><strong>eoa</strong></span> <span class='ocrx_word' id='word_1_350' title='bbox 624 4356 815 4442; x_wconf 86' lang='lat' dir='ltr'><strong>proferatur,</strong></span> <span class='ocrx_word' id='word_1_351' title='bbox 846 4356 903 4422; x_wconf 91' lang='lat' dir='ltr'><strong>sed</strong></span> <span class='ocrx_word' id='word_1_352' title='bbox 925 4357 1022 4422; x_wconf 86' lang='lat' dir='ltr'><strong>etiam</strong></span> <span class='ocrx_word' id='word_1_353' title='bbox 1044 4365 1164 4422; x_wconf 86' lang='lat' dir='ltr'><strong>statuta</strong></span> <span class='ocrx_word' id='word_1_354' title='bbox 1185 4377 1295 4422; x_wconf 89' lang='lat' dir='ltr'><strong>eorum</strong></span> <span class='ocrx_word' id='word_1_355' title='bbox 1317 4363 1484 4420; x_wconf 87' lang='lat' dir='ltr'><strong>cassentur</strong></span> <span class='ocrx_word' id='word_1_356' title='bbox 1512 4365 1544 4420; x_wconf 94' lang='lat' dir='ltr'><strong>et</strong></span> <span class='ocrx_word' id='word_1_357' title='bbox 1565 4353 1626 4418; x_wconf 88' lang='lat' dir='ltr'><strong>irri-</strong></span> 
     </span>
     <span class='ocr_line' id='line_1_38' title="bbox 311 4455 1625 4548; baseline -0.004 -24"><span class='ocrx_word' id='word_1_358' title='bbox 311 4469 427 4524; x_wconf 89' lang='lat' dir='ltr'><strong>tentur.</strong></span> <span class='ocrx_word' id='word_1_359' title='bbox 449 4459 500 4524; x_wconf 90' lang='lat' dir='ltr'><strong>IX</strong></span> <span class='ocrx_word' id='word_1_360' title='bbox 523 4460 610 4547; x_wconf 87' lang='lat' dir='ltr'><strong>quod</strong></span> <span class='ocrx_word' id='word_1_361' title='bbox 633 4462 785 4548; x_wconf 88' lang='lat' dir='ltr'><strong>episcopo</strong></span> <span class='ocrx_word' id='word_1_362' title='bbox 808 4482 828 4525; x_wconf 92' lang='lat' dir='ltr'><strong>a</strong></span> <span class='ocrx_word' id='word_1_363' title='bbox 850 4458 1008 4525; x_wconf 87' lang='lat' dir='ltr'><strong>catholica</strong></span> <span class='ocrx_word' id='word_1_364' title='bbox 1029 4459 1185 4546; x_wconf 89' lang='lat' dir='ltr'><strong>religione</strong></span> <span class='ocrx_word' id='word_1_365' title='bbox 1215 4467 1247 4524; x_wconf 91' lang='lat' dir='ltr'><strong>et</strong></span> <span class='ocrx_word' id='word_1_366' title='bbox 1267 4458 1309 4523; x_wconf 92' lang='lat' dir='ltr'><strong>ab</strong></span> <span class='ocrx_word' id='word_1_367' title='bbox 1331 4460 1454 4524; x_wconf 88' lang='lat' dir='ltr'><strong>unitate</strong></span> <span class='ocrx_word' id='word_1_368' title='bbox 1477 4455 1625 4524; x_wconf 86' lang='lat' dir='ltr'><strong>ecelesiae</strong></span> 
     </span>
     <span class='ocr_line' id='line_1_39' title="bbox 312 4561 1623 4650; baseline -0.006 -22"><span class='ocrx_word' id='word_1_369' title='bbox 312 4563 490 4644; x_wconf 86' lang='lat' dir='ltr'><strong>deficiente,</strong></span> <span class='ocrx_word' id='word_1_370' title='bbox 526 4563 702 4650; x_wconf 90' lang='lat' dir='ltr'><strong>capitulum</strong></span> <span class='ocrx_word' id='word_1_371' title='bbox 724 4563 766 4630; x_wconf 91' lang='lat' dir='ltr'><strong>ab</strong></span> <span class='ocrx_word' id='word_1_372' title='bbox 790 4561 996 4629; x_wconf 91' lang='lat' dir='ltr'><strong>oboedientia</strong></span> <span class='ocrx_word' id='word_1_373' title='bbox 1018 4563 1086 4627; x_wconf 88' lang='lat' dir='ltr'><strong>eius</strong></span> <span class='ocrx_word' id='word_1_374' title='bbox 1109 4561 1304 4645; x_wconf 86' lang='lat' dir='ltr'><strong>absolvatur,</strong></span> <span class='ocrx_word' id='word_1_375' title='bbox 1334 4569 1367 4626; x_wconf 93' lang='lat' dir='ltr'><strong>et</strong></span> <span class='ocrx_word' id='word_1_376' title='bbox 1388 4569 1502 4628; x_wconf 77' lang='lat' dir='ltr'><strong>contm</strong></span> <span class='ocrx_word' id='word_1_377' title='bbox 1530 4561 1556 4624; x_wconf 90' lang='lat' dir='ltr'><strong>si</strong></span> <span class='ocrx_word' id='word_1_378' title='bbox 1578 4581 1623 4621; x_wconf 86' lang='lat' dir='ltr'><strong>ca·</strong></span> 
     </span>
     <span class='ocr_line' id='line_1_40' title="bbox 313 4663 1623 4753; baseline -0.005 -23"><span class='ocrx_word' id='word_1_379' title='bbox 313 4663 448 4753; x_wconf 91' lang='lat' dir='ltr'><strong>pitulnm</strong></span> <span class='ocrx_word' id='word_1_380' title='bbox 473 4688 493 4730; x_wconf 90' lang='lat' dir='ltr'><strong>a</strong></span> <span class='ocrx_word' id='word_1_381' title='bbox 514 4689 593 4730; x_wconf 91' lang='lat' dir='ltr'><strong>vera</strong></span> <span class='ocrx_word' id='word_1_382' title='bbox 615 4677 647 4730; x_wconf 92' lang='lat' dir='ltr'><strong>et</strong></span> <span class='ocrx_word' id='word_1_383' title='bbox 677 4665 836 4732; x_wconf 91' lang='lat' dir='ltr'><strong>catholica</strong></span> <span class='ocrx_word' id='word_1_384' title='bbox 863 4664 1018 4751; x_wconf 89' lang='lat' dir='ltr'><strong>religione</strong></span> <span class='ocrx_word' id='word_1_385' title='bbox 1046 4665 1183 4746; x_wconf 84' lang='lat' dir='ltr'><strong>deficiat,</strong></span> <span class='ocrx_word' id='word_1_386' title='bbox 1207 4686 1333 4730; x_wconf 90' lang='lat' dir='ltr'><strong>omnem</strong></span> <span class='ocrx_word' id='word_1_387' title='bbox 1361 4665 1407 4730; x_wconf 91' lang='lat' dir='ltr'><strong>eis</strong></span> <span class='ocrx_word' id='word_1_388' title='bbox 1434 4663 1623 4728; x_wconf 88' lang='lat' dir='ltr'><strong>administra·</strong></span> 
     </span>
     <span class='ocr_line' id='line_1_41' title="bbox 314 4765 1621 4856; baseline -0.006 -22"><span class='ocrx_word' id='word_1_389' title='bbox 314 4769 435 4834; x_wconf 90' lang='lat' dir='ltr'><strong>tionem</strong></span> <span class='ocrx_word' id='word_1_390' title='bbox 457 4768 629 4834; x_wconf 90' lang='lat' dir='ltr'><strong>interdicat</strong></span> <span class='ocrx_word' id='word_1_391' title='bbox 651 4769 822 4856; x_wconf 88' lang='lat' dir='ltr'><strong>episcopus</strong></span> <span class='ocrx_word' id='word_1_392' title='bbox 845 4779 877 4834; x_wconf 92' lang='lat' dir='ltr'><strong>et</strong></span> <span class='ocrx_word' id='word_1_393' title='bbox 899 4767 1091 4854; x_wconf 88' lang='lat' dir='ltr'><strong>capitularia</strong></span> <span class='ocrx_word' id='word_1_394' title='bbox 1112 4767 1198 4832; x_wconf 90' lang='lat' dir='ltr'><strong>bona</strong></span> <span class='ocrx_word' id='word_1_395' title='bbox 1218 4766 1369 4832; x_wconf 85' lang='lat' dir='ltr'><strong>vendicet</strong></span> <span class='ocrx_word' id='word_1_396' title='bbox 1384 4774 1481 4854; x_wconf 89' lang='lat' dir='ltr'><strong>atque</strong></span> <span class='ocrx_word' id='word_1_397' title='bbox 1506 4765 1621 4830; x_wconf 89' lang='lat' dir='ltr'><strong>interim</strong></span> 
     </span>
     <span class='ocr_line' id='line_1_42' title="bbox 314 4868 1721 4960; baseline -0.006 -23"><span class='ocrx_word' id='word_1_398' title='bbox 314 4871 433 4938; x_wconf 88' lang='lat' dir='ltr'><strong>cultum</strong></span> <span class='ocrx_word' id='word_1_399' title='bbox 458 4868 601 4935; x_wconf 88' lang='lat' dir='ltr'><strong>divinum</strong></span> <span class='ocrx_word' id='word_1_400' title='bbox 623 4870 779 4959; x_wconf 84' lang='lat' dir='ltr'><strong>paraliae</strong></span> <span class='ocrx_word' id='word_1_401' title='bbox 801 4869 976 4937; x_wconf 88' lang='lat' dir='ltr'><strong>catholicas</strong></span> <span class='ocrx_word' id='word_1_402' title='bbox 999 4870 1235 4936; x_wconf 89' lang='lat' dir='ltr'><strong>ecclesiasticas</strong></span> <span class='ocrx_word' id='word_1_403' title='bbox 1257 4891 1411 4956; x_wconf 88' lang='lat' dir='ltr'><strong>personas</strong></span> <span class='ocrx_word' id='word_1_404' title='bbox 1433 4871 1542 4955; x_wconf 89' lang='lat' dir='ltr'><strong>peragi</strong></span> <span class='ocrx_word' id='word_1_405' title='bbox 1557 4889 1619 4955; x_wconf 87' lang='lat' dir='ltr'><strong>pro·</strong></span> <span class='ocrx_word' id='word_1_406' title='bbox 1720 4955 1721 4960; x_wconf 8' lang='grc' dir='ltr'>γ</span> 
     </span>
    </p>
   </div>
   <div class='ocr_carea' id='block_1_8' title="bbox 0 0 1739 5820">
    <p class='ocr_par' dir='ltr' id='par_1_8' title="bbox 0 0 1739 5820">
     <span class='ocr_line' id='line_1_43' title="bbox 0 0 1739 5820; baseline 0 0"><span class='ocrx_word' id='word_1_407' title='bbox 0 0 1739 5820; x_wconf 95' lang='lat' dir='ltr'><strong> </strong></span> 
     </span>
    </p>
   </div>
  </div>
 </body>
</html>
