<?xml version="1.0" encoding="UTF-8"?>
<!DOCTYPE html PUBLIC "-//W3C//DTD XHTML 1.0 Transitional//EN"
    "http://www.w3.org/TR/xhtml1/DTD/xhtml1-transitional.dtd">
<html xmlns="http://www.w3.org/1999/xhtml" xml:lang="en" lang="en">
 <head>
  <title>
</title>
<meta http-equiv="Content-Type" content="text/html;charset=utf-8" />
  <meta name='ocr-system' content='tesseract 3.04.00' />
  <meta name='ocr-capabilities' content='ocr_page ocr_carea ocr_par ocr_line ocrx_word'/>
</head>
<body>
  <div class='ocr_page' id='page_1' title='image "./zurgeschichtede00unkngoog_0072.png"; bbox 0 0 3532 5832; ppageno 0'>
   <div class='ocr_carea' id='block_1_1' title="bbox 1394 478 1433 546">
    <p class='ocr_par' dir='ltr' id='par_1_1' title="bbox 1394 478 1433 546">
     <span class='ocr_line' id='line_1_1' title="bbox 1394 478 1433 546; baseline -0.051 0"><span class='ocrx_word' id='word_1_1' title='bbox 1394 478 1433 546; x_wconf 74' lang='grc'><strong>57</strong></span> 
     </span>
    </p>
   </div>
   <div class='ocr_carea' id='block_1_2' title="bbox 100 668 1440 3036">
    <p class='ocr_par' dir='ltr' id='par_1_2' title="bbox 100 668 1440 3036">
     <span class='ocr_line' id='line_1_2' title="bbox 107 668 1438 759; baseline -0.003 -23"><span class='ocrx_word' id='word_1_2' title='bbox 107 673 286 756; x_wconf 63' lang='lat' dir='ltr'><strong>utentum</strong></span> <span class='ocrx_word' id='word_1_3' title='bbox 323 670 484 759; x_wconf 91' lang='lat' dir='ltr'><strong>siquidem</strong></span> <span class='ocrx_word' id='word_1_4' title='bbox 509 671 572 738; x_wconf 92' lang='lat' dir='ltr'><strong>hoc</strong></span> <span class='ocrx_word' id='word_1_5' title='bbox 598 693 664 740; x_wconf 91' lang='lat' dir='ltr'><strong>non</strong></span> <span class='ocrx_word' id='word_1_6' title='bbox 691 679 741 738; x_wconf 88' lang='lat' dir='ltr'><strong>eet</strong></span> <span class='ocrx_word' id='word_1_7' title='bbox 760 670 956 759; x_wconf 69' lang='lat' dir='ltr'><strong>particulare</strong></span> <span class='ocrx_word' id='word_1_8' title='bbox 984 668 1043 736; x_wconf 88' lang='lat' dir='ltr'><strong>sed</strong></span> <span class='ocrx_word' id='word_1_9' title='bbox 1065 690 1235 736; x_wconf 89' lang='lat' dir='ltr'><strong>commune</strong></span> <span class='ocrx_word' id='word_1_10' title='bbox 1257 675 1291 734; x_wconf 91' lang='lat' dir='ltr'><strong>et</strong></span> <span class='ocrx_word' id='word_1_11' title='bbox 1312 668 1438 734; x_wconf 74' lang='lat' dir='ltr'><strong>univer</strong></span> 
     </span>
     <span class='ocr_line' id='line_1_3' title="bbox 104 769 1438 862; baseline -0.001 -22"><span class='ocrx_word' id='word_1_12' title='bbox 104 773 166 840; x_wconf 80' lang='lat' dir='ltr'><strong>sale</strong></span> <span class='ocrx_word' id='word_1_13' title='bbox 187 777 316 840; x_wconf 88' lang='lat' dir='ltr'><strong>scisma</strong></span> <span class='ocrx_word' id='word_1_14' title='bbox 336 776 480 841; x_wconf 89' lang='lat' dir='ltr'><strong>omnium</strong></span> <span class='ocrx_word' id='word_1_15' title='bbox 503 785 662 842; x_wconf 87' lang='lat' dir='ltr'><strong>sectarum</strong></span> <span class='ocrx_word' id='word_1_16' title='bbox 684 783 718 841; x_wconf 90' lang='lat' dir='ltr'><strong>et</strong></span> <span class='ocrx_word' id='word_1_17' title='bbox 738 776 934 861; x_wconf 87' lang='lat' dir='ltr'><strong>opinionum,</strong></span> <span class='ocrx_word' id='word_1_18' title='bbox 966 795 1050 862; x_wconf 90' lang='lat' dir='ltr'><strong>quae</strong></span> <span class='ocrx_word' id='word_1_19' title='bbox 1079 771 1298 861; x_wconf 86' lang='lat' dir='ltr'><strong>superioribus</strong></span> <span class='ocrx_word' id='word_1_20' title='bbox 1320 769 1438 838; x_wconf 87' lang='lat' dir='ltr'><strong>seculis</strong></span> 
     </span>
     <span class='ocr_line' id='line_1_4' title="bbox 102 875 1439 971; baseline -0.001 -27"><span class='ocrx_word' id='word_1_21' title='bbox 102 881 129 944; x_wconf 91' lang='lat' dir='ltr'><strong>in</strong></span> <span class='ocrx_word' id='word_1_22' title='bbox 151 879 331 945; x_wconf 86' lang='lat' dir='ltr'><strong>eeclesiam</strong></span> <span class='ocrx_word' id='word_1_23' title='bbox 355 879 408 946; x_wconf 89' lang='lat' dir='ltr'><strong>dei</strong></span> <span class='ocrx_word' id='word_1_24' title='bbox 429 881 634 971; x_wconf 74' lang='lat' dir='ltr'><strong>irrepserant,</strong></span> <span class='ocrx_word' id='word_1_25' title='bbox 666 877 726 945; x_wconf 87' lang='lat' dir='ltr'><strong>sed</strong></span> <span class='ocrx_word' id='word_1_26' title='bbox 747 877 858 944; x_wconf 89' lang='lat' dir='ltr'><strong>divina</strong></span> <span class='ocrx_word' id='word_1_27' title='bbox 878 878 1077 965; x_wconf 67' lang='lat' dir='ltr'>benignitate</span> <span class='ocrx_word' id='word_1_28' title='bbox 1106 899 1165 964; x_wconf 91' lang='lat' dir='ltr'><strong>per</strong></span> <span class='ocrx_word' id='word_1_29' title='bbox 1185 875 1384 963; x_wconf 79' lang='lat' dir='ltr'><strong>diligentiam</strong></span> <span class='ocrx_word' id='word_1_30' title='bbox 1406 883 1439 942; x_wconf 87' lang='lat' dir='ltr'><strong>et</strong></span> 
     </span>
     <span class='ocr_line' id='line_1_5' title="bbox 101 981 1438 1071; baseline -0.001 -25"><span class='ocrx_word' id='word_1_31' title='bbox 101 981 309 1048; x_wconf 74' lang='lat' dir='ltr'><strong>sedulitatem</strong></span> <span class='ocrx_word' id='word_1_32' title='bbox 323 993 493 1070; x_wconf 88' lang='lat' dir='ltr'><strong>pastorum</strong></span> <span class='ocrx_word' id='word_1_33' title='bbox 507 982 713 1071; x_wconf 89' lang='lat' dir='ltr'><strong>postmodnm</strong></span> <span class='ocrx_word' id='word_1_34' title='bbox 734 983 915 1069; x_wconf 74' lang='lat' dir='ltr'><strong>extirpatus</strong></span> <span class='ocrx_word' id='word_1_35' title='bbox 936 981 1074 1064; x_wconf 80' lang='lat' dir='ltr'><strong>fuerant,</strong></span> <span class='ocrx_word' id='word_1_36' title='bbox 1095 1003 1183 1047; x_wconf 90' lang='lat' dir='ltr'><strong>nunc</strong></span> <span class='ocrx_word' id='word_1_37' title='bbox 1204 1001 1283 1046; x_wconf 92' lang='lat' dir='ltr'><strong>vero</strong></span> <span class='ocrx_word' id='word_1_38' title='bbox 1304 988 1438 1045; x_wconf 84' lang='lat' dir='ltr'><strong>renatae</strong></span> 
     </span>
     <span class='ocr_line' id='line_1_6' title="bbox 101 1081 1439 1174; baseline -0.002 -23"><span class='ocrx_word' id='word_1_39' title='bbox 101 1085 247 1174; x_wconf 86' lang='lat' dir='ltr'><strong>quotidie</strong></span> <span class='ocrx_word' id='word_1_40' title='bbox 269 1088 512 1172; x_wconf 85' lang='lat' dir='ltr'><strong>ingravescunt,</strong></span> <span class='ocrx_word' id='word_1_41' title='bbox 533 1087 579 1152; x_wconf 89' lang='lat' dir='ltr'><strong>ita</strong></span> <span class='ocrx_word' id='word_1_42' title='bbox 594 1085 682 1173; x_wconf 89' lang='lat' dir='ltr'><strong>quod</strong></span> <span class='ocrx_word' id='word_1_43' title='bbox 701 1085 765 1152; x_wconf 93' lang='lat' dir='ltr'><strong>hoc</strong></span> <span class='ocrx_word' id='word_1_44' title='bbox 785 1085 906 1150; x_wconf 91' lang='lat' dir='ltr'><strong>malum</strong></span> <span class='ocrx_word' id='word_1_45' title='bbox 927 1107 993 1152; x_wconf 91' lang='lat' dir='ltr'><strong>non</strong></span> <span class='ocrx_word' id='word_1_46' title='bbox 1014 1083 1110 1152; x_wconf 92' lang='lat' dir='ltr'><strong>modo</strong></span> <span class='ocrx_word' id='word_1_47' title='bbox 1132 1085 1286 1150; x_wconf 90' lang='lat' dir='ltr'><strong>maiorem</strong></span> <span class='ocrx_word' id='word_1_48' title='bbox 1309 1081 1439 1148; x_wconf 88' lang='lat' dir='ltr'><strong>inclitae</strong></span> 
     </span>
     <span class='ocr_line' id='line_1_7' title="bbox 100 1187 1438 1276; baseline -0.004 -20"><span class='ocrx_word' id='word_1_49' title='bbox 100 1191 242 1256; x_wconf 80' lang='lat' dir='ltr'><strong>natioms</strong></span> <span class='ocrx_word' id='word_1_50' title='bbox 257 1189 477 1256; x_wconf 83' lang='lat' dir='ltr'><strong>Germanicae</strong></span> <span class='ocrx_word' id='word_1_51' title='bbox 492 1198 616 1276; x_wconf 91' lang='lat' dir='ltr'><strong>partem</strong></span> <span class='ocrx_word' id='word_1_52' title='bbox 631 1191 807 1276; x_wconf 88' lang='lat' dir='ltr'><strong>occuparit,</strong></span> <span class='ocrx_word' id='word_1_53' title='bbox 829 1211 944 1255; x_wconf 89' lang='lat' dir='ltr'><strong>verum</strong></span> <span class='ocrx_word' id='word_1_54' title='bbox 958 1188 1023 1256; x_wconf 86' lang='lat' dir='ltr'><strong>alia</strong></span> <span class='ocrx_word' id='word_1_55' title='bbox 1038 1190 1136 1254; x_wconf 92' lang='lat' dir='ltr'><strong>etiam</strong></span> <span class='ocrx_word' id='word_1_56' title='bbox 1149 1187 1325 1275; x_wconf 90' lang='lat' dir='ltr'><strong>plaeraque</strong></span> <span class='ocrx_word' id='word_1_57' title='bbox 1339 1187 1438 1254; x_wconf 89' lang='lat' dir='ltr'><strong>totius</strong></span> 
     </span>
     <span class='ocr_line' id='line_1_8' title="bbox 100 1290 1437 1379; baseline -0.001 -21"><span class='ocrx_word' id='word_1_58' title='bbox 100 1294 271 1359; x_wconf 84' lang='lat' dir='ltr'><strong>christiani</strong></span> <span class='ocrx_word' id='word_1_59' title='bbox 300 1291 388 1359; x_wconf 90' lang='lat' dir='ltr'><strong>orbis</strong></span> <span class='ocrx_word' id='word_1_60' title='bbox 415 1315 518 1378; x_wconf 90' lang='lat' dir='ltr'><strong>regna</strong></span> <span class='ocrx_word' id='word_1_61' title='bbox 547 1301 579 1358; x_wconf 92' lang='lat' dir='ltr'><strong>et</strong></span> <span class='ocrx_word' id='word_1_62' title='bbox 610 1293 796 1379; x_wconf 89' lang='lat' dir='ltr'><strong>provincias</strong></span> <span class='ocrx_word' id='word_1_63' title='bbox 829 1294 893 1358; x_wconf 93' lang='lat' dir='ltr'><strong>iam</strong></span> <span class='ocrx_word' id='word_1_64' title='bbox 932 1293 1095 1360; x_wconf 78' lang='lat' dir='ltr'><strong>invaserit</strong></span> <span class='ocrx_word' id='word_1_65' title='bbox 1139 1290 1274 1358; x_wconf 89' lang='lat' dir='ltr'><strong>alteram</strong></span> <span class='ocrx_word' id='word_1_66' title='bbox 1307 1291 1437 1378; x_wconf 88' lang='lat' dir='ltr'><strong>quidem</strong></span> 
     </span>
     <span class='ocr_line' id='line_1_9' title="bbox 100 1392 1438 1483; baseline -0.001 -21"><span class='ocrx_word' id='word_1_67' title='bbox 100 1397 331 1462; x_wconf 85' lang='lat' dir='ltr'><strong>necessitatem</strong></span> <span class='ocrx_word' id='word_1_68' title='bbox 362 1394 548 1462; x_wconf 90' lang='lat' dir='ltr'><strong>celebrandi</strong></span> <span class='ocrx_word' id='word_1_69' title='bbox 576 1394 701 1483; x_wconf 83' lang='lat' dir='ltr'><strong>absque</strong></span> <span class='ocrx_word' id='word_1_70' title='bbox 734 1396 872 1482; x_wconf 87' lang='lat' dir='ltr'><strong>longiori</strong></span> <span class='ocrx_word' id='word_1_71' title='bbox 899 1418 990 1462; x_wconf 89' lang='lat' dir='ltr'><strong>mora</strong></span> <span class='ocrx_word' id='word_1_72' title='bbox 1018 1395 1190 1462; x_wconf 91' lang='lat' dir='ltr'><strong>concilium</strong></span> <span class='ocrx_word' id='word_1_73' title='bbox 1222 1393 1355 1461; x_wconf 83' lang='lat' dir='ltr'><strong>exhibet</strong></span> <span class='ocrx_word' id='word_1_74' title='bbox 1383 1392 1438 1460; x_wconf 89' lang='lat' dir='ltr'><strong>illa</strong></span> 
     </span>
     <span class='ocr_line' id='line_1_10' title="bbox 101 1498 1438 1587; baseline -0.001 -22"><span class='ocrx_word' id='word_1_75' title='bbox 101 1501 140 1566; x_wconf 90' lang='lat' dir='ltr'><strong>de</strong></span> <span class='ocrx_word' id='word_1_76' title='bbox 173 1521 244 1587; x_wconf 91' lang='lat' dir='ltr'><strong>qua</strong></span> <span class='ocrx_word' id='word_1_77' title='bbox 278 1498 402 1566; x_wconf 79' lang='lat' dir='ltr'><strong>dicmur</strong></span> <span class='ocrx_word' id='word_1_78' title='bbox 435 1507 485 1566; x_wconf 86' lang='lat' dir='ltr'><strong>eet</strong></span> <span class='ocrx_word' id='word_1_79' title='bbox 511 1498 701 1586; x_wconf 86' lang='lat' dir='ltr'><strong>depravatio</strong></span> <span class='ocrx_word' id='word_1_80' title='bbox 735 1510 768 1564; x_wconf 89' lang='lat' dir='ltr'><strong>et</strong></span> <span class='ocrx_word' id='word_1_81' title='bbox 797 1501 960 1586; x_wconf 77' lang='lat' dir='ltr'><strong>corruptio</strong></span> <span class='ocrx_word' id='word_1_82' title='bbox 989 1498 1179 1587; x_wconf 87' lang='lat' dir='ltr'><strong>disciplinae</strong></span> <span class='ocrx_word' id='word_1_83' title='bbox 1208 1520 1247 1564; x_wconf 89' lang='lat' dir='ltr'><strong>ac</strong></span> <span class='ocrx_word' id='word_1_84' title='bbox 1279 1498 1438 1568; x_wconf 87' lang='lat' dir='ltr'><strong>bonorum</strong></span> 
     </span>
     <span class='ocr_line' id='line_1_11' title="bbox 105 1601 1439 1690; baseline -0.002 -22"><span class='ocrx_word' id='word_1_85' title='bbox 105 1627 244 1682; x_wconf 89' lang='lat' dir='ltr'><strong>morum,</strong></span> <span class='ocrx_word' id='word_1_86' title='bbox 276 1625 361 1689; x_wconf 85' lang='lat' dir='ltr'><strong>quae</strong></span> <span class='ocrx_word' id='word_1_87' title='bbox 389 1602 486 1690; x_wconf 90' lang='lat' dir='ltr'><strong>plane</strong></span> <span class='ocrx_word' id='word_1_88' title='bbox 518 1604 690 1668; x_wconf 86' lang='lat' dir='ltr'><strong>instaurari</strong></span> <span class='ocrx_word' id='word_1_89' title='bbox 724 1626 763 1668; x_wconf 87' lang='lat' dir='ltr'><strong>ac</strong></span> <span class='ocrx_word' id='word_1_90' title='bbox 784 1604 909 1668; x_wconf 86' lang='lat' dir='ltr'><strong>restitui</strong></span> <span class='ocrx_word' id='word_1_91' title='bbox 943 1602 1049 1674; x_wconf 89' lang='lat' dir='ltr'><strong>debet.</strong></span> <span class='ocrx_word' id='word_1_92' title='bbox 1094 1611 1127 1668; x_wconf 94' lang='lat' dir='ltr'><strong>et</strong></span> <span class='ocrx_word' id='word_1_93' title='bbox 1147 1603 1275 1668; x_wconf 85' lang='lat' dir='ltr'><strong>tertiam</strong></span> <span class='ocrx_word' id='word_1_94' title='bbox 1298 1601 1439 1689; x_wconf 91' lang='lat' dir='ltr'><strong>denique</strong></span> 
     </span>
     <span class='ocr_line' id='line_1_12' title="bbox 104 1705 1435 1794; baseline -0.002 -22"><span class='ocrx_word' id='word_1_95' title='bbox 104 1707 192 1772; x_wconf 85' lang='lat' dir='ltr'><strong>furor</strong></span> <span class='ocrx_word' id='word_1_96' title='bbox 216 1715 250 1772; x_wconf 89' lang='lat' dir='ltr'><strong>et</strong></span> <span class='ocrx_word' id='word_1_97' title='bbox 273 1707 412 1794; x_wconf 82' lang='lat' dir='ltr'><strong>impetus</strong></span> <span class='ocrx_word' id='word_1_98' title='bbox 441 1705 627 1790; x_wconf 87' lang='lat' dir='ltr'><strong>infidelium,</strong></span> <span class='ocrx_word' id='word_1_99' title='bbox 656 1729 794 1794; x_wconf 89' lang='lat' dir='ltr'><strong>quorum</strong></span> <span class='ocrx_word' id='word_1_100' title='bbox 820 1709 967 1793; x_wconf 87' lang='lat' dir='ltr'><strong>potentia</strong></span> <span class='ocrx_word' id='word_1_101' title='bbox 994 1709 1028 1772; x_wconf 91' lang='lat' dir='ltr'><strong>in</strong></span> <span class='ocrx_word' id='word_1_102' title='bbox 1050 1705 1120 1774; x_wconf 83' lang='lat' dir='ltr'><strong>dies</strong></span> <span class='ocrx_word' id='word_1_103' title='bbox 1141 1707 1246 1792; x_wconf 84' lang='lat' dir='ltr'><strong>megia</strong></span> <span class='ocrx_word' id='word_1_104' title='bbox 1269 1727 1309 1771; x_wconf 90' lang='lat' dir='ltr'><strong>ae</strong></span> <span class='ocrx_word' id='word_1_105' title='bbox 1330 1706 1435 1791; x_wconf 89' lang='lat' dir='ltr'><strong>magis</strong></span> 
     </span>
     <span class='ocr_line' id='line_1_13' title="bbox 103 1809 1438 1893; baseline -0.002 -17"><span class='ocrx_word' id='word_1_106' title='bbox 103 1813 231 1893; x_wconf 82' lang='lat' dir='ltr'><strong>crescit,</strong></span> <span class='ocrx_word' id='word_1_107' title='bbox 261 1811 321 1876; x_wconf 86' lang='lat' dir='ltr'><strong>toti</strong></span> <span class='ocrx_word' id='word_1_108' title='bbox 344 1809 570 1876; x_wconf 80' lang='lat' dir='ltr'><strong>christianitati</strong></span> <span class='ocrx_word' id='word_1_109' title='bbox 593 1833 666 1876; x_wconf 90' lang='lat' dir='ltr'><strong>cum</strong></span> <span class='ocrx_word' id='word_1_110' title='bbox 687 1809 815 1876; x_wconf 88' lang='lat' dir='ltr'><strong>abillis</strong></span> <span class='ocrx_word' id='word_1_111' title='bbox 844 1812 986 1876; x_wconf 83' lang='lat' dir='ltr'><strong>externis</strong></span> <span class='ocrx_word' id='word_1_112' title='bbox 1014 1809 1161 1877; x_wconf 88' lang='lat' dir='ltr'><strong>hostibus</strong></span> <span class='ocrx_word' id='word_1_113' title='bbox 1189 1819 1257 1874; x_wconf 86' lang='lat' dir='ltr'><strong>tum</strong></span> <span class='ocrx_word' id='word_1_114' title='bbox 1279 1809 1438 1874; x_wconf 79' lang='lat' dir='ltr'><strong>intestinis</strong></span> 
     </span>
     <span class='ocr_line' id='line_1_14' title="bbox 103 1911 1439 1995; baseline -0.001 -15"><span class='ocrx_word' id='word_1_115' title='bbox 103 1913 276 1980; x_wconf 84' lang='lat' dir='ltr'><strong>discordiis</strong></span> <span class='ocrx_word' id='word_1_116' title='bbox 304 1923 338 1978; x_wconf 90' lang='lat' dir='ltr'><strong>et</strong></span> <span class='ocrx_word' id='word_1_117' title='bbox 366 1912 461 1978; x_wconf 89' lang='lat' dir='ltr'><strong>bellis</strong></span> <span class='ocrx_word' id='word_1_118' title='bbox 489 1913 665 1980; x_wconf 88' lang='lat' dir='ltr'><strong>admodum</strong></span> <span class='ocrx_word' id='word_1_119' title='bbox 696 1913 882 1980; x_wconf 82' lang='lat' dir='ltr'><strong>debilitatae</strong></span> <span class='ocrx_word' id='word_1_120' title='bbox 915 1913 992 1980; x_wconf 93' lang='lat' dir='ltr'><strong>olim</strong></span> <span class='ocrx_word' id='word_1_121' title='bbox 1026 1915 1160 1980; x_wconf 85' lang='lat' dir='ltr'><strong>exitium</strong></span> <span class='ocrx_word' id='word_1_122' title='bbox 1196 1911 1344 1995; x_wconf 74' lang='lat' dir='ltr'><strong>allatura,</strong></span> <span class='ocrx_word' id='word_1_123' title='bbox 1377 1913 1439 1978; x_wconf 88' lang='lat' dir='ltr'><strong>nisi</strong></span> 
     </span>
     <span class='ocr_line' id='line_1_15' title="bbox 103 2016 1439 2105; baseline -0.002 -22"><span class='ocrx_word' id='word_1_124' title='bbox 103 2018 272 2084; x_wconf 78' lang='lat' dir='ltr'><strong>christiam</strong></span> <span class='ocrx_word' id='word_1_125' title='bbox 292 2017 457 2104; x_wconf 86' lang='lat' dir='ltr'><strong>principes</strong></span> <span class='ocrx_word' id='word_1_126' title='bbox 478 2016 552 2084; x_wconf 85' lang='lat' dir='ltr'><strong>freti</strong></span> <span class='ocrx_word' id='word_1_127' title='bbox 574 2017 685 2084; x_wconf 89' lang='lat' dir='ltr'><strong>divina</strong></span> <span class='ocrx_word' id='word_1_128' title='bbox 707 2040 769 2105; x_wconf 90' lang='lat' dir='ltr'><strong>ope</strong></span> <span class='ocrx_word' id='word_1_129' title='bbox 791 2019 972 2084; x_wconf 88' lang='lat' dir='ltr'><strong>coniunctis</strong></span> <span class='ocrx_word' id='word_1_130' title='bbox 994 2017 1117 2084; x_wconf 85' lang='lat' dir='ltr'><strong>viribus</strong></span> <span class='ocrx_word' id='word_1_131' title='bbox 1146 2018 1302 2105; x_wconf 87' lang='lat' dir='ltr'><strong>impetum</strong></span> <span class='ocrx_word' id='word_1_132' title='bbox 1331 2025 1364 2082; x_wconf 94' lang='lat' dir='ltr'><strong>et</strong></span> <span class='ocrx_word' id='word_1_133' title='bbox 1390 2016 1439 2080; x_wconf 83' lang='lat' dir='ltr'><strong>lir-</strong></span> 
     </span>
     <span class='ocr_line' id='line_1_16' title="bbox 102 2119 1439 2208; baseline -0.001 -22"><span class='ocrx_word' id='word_1_134' title='bbox 102 2143 210 2187; x_wconf 88' lang='lat' dir='ltr'><strong>rorem</strong></span> <span class='ocrx_word' id='word_1_135' title='bbox 231 2119 362 2186; x_wconf 91' lang='lat' dir='ltr'><strong>illorum</strong></span> <span class='ocrx_word' id='word_1_136' title='bbox 383 2121 570 2207; x_wconf 74' lang='lat' dir='ltr'><strong>reprimant.</strong></span> <span class='ocrx_word' id='word_1_137' title='bbox 614 2123 723 2208; x_wconf 86' lang='lat' dir='ltr'><strong>itaque</strong></span> <span class='ocrx_word' id='word_1_138' title='bbox 746 2119 782 2187; x_wconf 82' lang='lat' dir='ltr'><strong>O.</strong></span> <span class='ocrx_word' id='word_1_139' title='bbox 807 2123 877 2186; x_wconf 90' lang='lat' dir='ltr'><strong>eius</strong></span> <span class='ocrx_word' id='word_1_140' title='bbox 899 2121 968 2186; x_wconf 57' lang='grc' dir='ltr'><strong>ΜΝ</strong></span> <span class='ocrx_word' id='word_1_141' title='bbox 991 2124 1089 2208; x_wconf 88' lang='lat' dir='ltr'><strong>(quae</strong></span> <span class='ocrx_word' id='word_1_142' title='bbox 1116 2119 1198 2186; x_wconf 93' lang='lat' dir='ltr'><strong>nihil</strong></span> <span class='ocrx_word' id='word_1_143' title='bbox 1223 2120 1339 2186; x_wconf 87' lang='lat' dir='ltr'><strong>horum</strong></span> <span class='ocrx_word' id='word_1_144' title='bbox 1367 2119 1439 2185; x_wconf 90' lang='lat' dir='ltr'><strong>abs·</strong></span> 
     </span>
     <span class='ocr_line' id='line_1_17' title="bbox 104 2214 1438 2312; baseline -0.001 -22"><span class='ocrx_word' id='word_1_145' title='bbox 104 2248 166 2312; x_wconf 90' lang='lat' dir='ltr'><strong>que</strong></span> <span class='ocrx_word' id='word_1_146' title='bbox 199 2223 313 2290; x_wconf 86' lang='lat' dir='ltr'><strong>debita</strong></span> <span class='ocrx_word' id='word_1_147' title='bbox 334 2221 393 2289; x_wconf 73' lang='lat' dir='ltr'><strong>S⁰⁰</strong></span> <span class='ocrx_word' id='word_1_148' title='bbox 414 2222 457 2287; x_wconf 87' lang='lat' dir='ltr'><strong>D.</strong></span> <span class='ocrx_word' id='word_1_149' title='bbox 480 2223 520 2288; x_wconf 91' lang='lat' dir='ltr'><strong>N.</strong></span> <span class='ocrx_word' id='word_1_150' title='bbox 552 2232 586 2290; x_wconf 93' lang='lat' dir='ltr'><strong>et</strong></span> <span class='ocrx_word' id='word_1_151' title='bbox 607 2222 640 2289; x_wconf 90' lang='lat' dir='ltr'><strong>S.</strong></span> <span class='ocrx_word' id='word_1_152' title='bbox 669 2223 739 2291; x_wconf 89' lang='lat' dir='ltr'><strong>sedi</strong></span> <span class='ocrx_word' id='word_1_153' title='bbox 766 2214 965 2312; x_wconf 81' lang='lat' dir='ltr'><strong>apostolicae</strong></span> <span class='ocrx_word' id='word_1_154' title='bbox 990 2226 1174 2292; x_wconf 88' lang='lat' dir='ltr'><strong>reverentia</strong></span> <span class='ocrx_word' id='word_1_155' title='bbox 1203 2223 1325 2290; x_wconf 89' lang='lat' dir='ltr'><strong>dictum</strong></span> <span class='ocrx_word' id='word_1_156' title='bbox 1354 2221 1438 2308; x_wconf 81' lang='lat' dir='ltr'><strong>vult)</strong></span> 
     </span>
     <span class='ocr_line' id='line_1_18' title="bbox 103 2326 1439 2416; baseline -0.001 -23"><span class='ocrx_word' id='word_1_157' title='bbox 103 2351 234 2393; x_wconf 90' lang='lat' dir='ltr'><strong>omnem</strong></span> <span class='ocrx_word' id='word_1_158' title='bbox 256 2328 322 2392; x_wconf 90' lang='lat' dir='ltr'><strong>iam</strong></span> <span class='ocrx_word' id='word_1_159' title='bbox 344 2326 476 2394; x_wconf 88' lang='lat' dir='ltr'><strong>tandem</strong></span> <span class='ocrx_word' id='word_1_160' title='bbox 490 2326 532 2394; x_wconf 64' lang='lat' dir='ltr'><strong>S*i</strong></span> <span class='ocrx_word' id='word_1_161' title='bbox 553 2329 622 2394; x_wconf 90' lang='lat' dir='ltr'><strong>eius</strong></span> <span class='ocrx_word' id='word_1_162' title='bbox 644 2351 768 2408; x_wconf 87' lang='lat' dir='ltr'><strong>moram</strong></span> <span class='ocrx_word' id='word_1_163' title='bbox 790 2328 1047 2416; x_wconf 76' lang='lat' dir='ltr'><strong>abrumpendum</strong></span> <span class='ocrx_word' id='word_1_164' title='bbox 1069 2337 1179 2396; x_wconf 89' lang='lat' dir='ltr'><strong>censet</strong></span> <span class='ocrx_word' id='word_1_165' title='bbox 1201 2327 1344 2415; x_wconf 78' lang='lat' dir='ltr'><strong>dictique</strong></span> <span class='ocrx_word' id='word_1_166' title='bbox 1365 2349 1439 2392; x_wconf 90' lang='lat' dir='ltr'><strong>con·</strong></span> 
     </span>
     <span class='ocr_line' id='line_1_19' title="bbox 103 2429 1440 2519; baseline 0 -23"><span class='ocrx_word' id='word_1_167' title='bbox 103 2431 167 2496; x_wconf 88' lang='lat' dir='ltr'><strong>cilii</strong></span> <span class='ocrx_word' id='word_1_168' title='bbox 184 2429 438 2496; x_wconf 89' lang='lat' dir='ltr'><strong>celebrationem</strong></span> <span class='ocrx_word' id='word_1_169' title='bbox 453 2441 611 2519; x_wconf 89' lang='lat' dir='ltr'><strong>quantum</strong></span> <span class='ocrx_word' id='word_1_170' title='bbox 632 2431 701 2498; x_wconf 86' lang='lat' dir='ltr'><strong>fieri</strong></span> <span class='ocrx_word' id='word_1_171' title='bbox 720 2433 839 2519; x_wconf 91' lang='lat' dir='ltr'><strong>poterit</strong></span> <span class='ocrx_word' id='word_1_172' title='bbox 852 2432 1087 2514; x_wconf 73' lang='lat' dir='ltr'><strong>maturandam,</strong></span> <span class='ocrx_word' id='word_1_173' title='bbox 1110 2441 1274 2519; x_wconf 88' lang='lat' dir='ltr'><strong>utcunque</strong></span> <span class='ocrx_word' id='word_1_174' title='bbox 1295 2430 1440 2498; x_wconf 85' lang='lat' dir='ltr'><strong>fortassis</strong></span> 
     </span>
     <span class='ocr_line' id='line_1_20' title="bbox 103 2535 1440 2624; baseline -0.001 -23"><span class='ocrx_word' id='word_1_175' title='bbox 103 2551 161 2622; x_wconf 86' lang='lat' dir='ltr'><strong>pro</strong></span> <span class='ocrx_word' id='word_1_176' title='bbox 185 2537 236 2600; x_wconf 90' lang='lat' dir='ltr'><strong>rei</strong></span> <span class='ocrx_word' id='word_1_177' title='bbox 259 2536 361 2622; x_wconf 86' lang='lat' dir='ltr'><strong>ipsine</strong></span> <span class='ocrx_word' id='word_1_178' title='bbox 384 2535 606 2621; x_wconf 89' lang='lat' dir='ltr'><strong>magnitudine</strong></span> <span class='ocrx_word' id='word_1_179' title='bbox 628 2557 668 2600; x_wconf 88' lang='lat' dir='ltr'><strong>ac</strong></span> <span class='ocrx_word' id='word_1_180' title='bbox 689 2545 757 2600; x_wconf 89' lang='lat' dir='ltr'><strong>tam</strong></span> <span class='ocrx_word' id='word_1_181' title='bbox 777 2535 843 2602; x_wconf 89' lang='lat' dir='ltr'><strong>late</strong></span> <span class='ocrx_word' id='word_1_182' title='bbox 865 2535 990 2602; x_wconf 79' lang='lat' dir='ltr'><strong>diffirsie</strong></span> <span class='ocrx_word' id='word_1_183' title='bbox 1011 2545 1143 2624; x_wconf 92' lang='lat' dir='ltr'><strong>tamque</strong></span> <span class='ocrx_word' id='word_1_184' title='bbox 1159 2535 1289 2602; x_wconf 89' lang='lat' dir='ltr'><strong>diversa</strong></span> <span class='ocrx_word' id='word_1_185' title='bbox 1303 2535 1440 2600; x_wconf 88' lang='lat' dir='ltr'><strong>sentien-</strong></span> 
     </span>
     <span class='ocr_line' id='line_1_21' title="bbox 104 2637 1440 2726; baseline 0.001 -24"><span class='ocrx_word' id='word_1_186' title='bbox 104 2638 190 2704; x_wconf 87' lang='lat' dir='ltr'><strong>tibus</strong></span> <span class='ocrx_word' id='word_1_187' title='bbox 213 2637 381 2704; x_wconf 87' lang='lat' dir='ltr'><strong>christiani</strong></span> <span class='ocrx_word' id='word_1_188' title='bbox 404 2637 491 2704; x_wconf 91' lang='lat' dir='ltr'><strong>orbis</strong></span> <span class='ocrx_word' id='word_1_189' title='bbox 511 2637 714 2725; x_wconf 86' lang='lat' dir='ltr'><strong>principibus</strong></span> <span class='ocrx_word' id='word_1_190' title='bbox 736 2647 866 2726; x_wconf 91' lang='lat' dir='ltr'><strong>tempus</strong></span> <span class='ocrx_word' id='word_1_191' title='bbox 888 2639 977 2726; x_wconf 92' lang='lat' dir='ltr'><strong>quod</strong></span> <span class='ocrx_word' id='word_1_192' title='bbox 996 2637 1055 2706; x_wconf 71' lang='lat'><strong>8²¹⁸</strong></span> <span class='ocrx_word' id='word_1_193' title='bbox 1077 2641 1145 2706; x_wconf 84' lang='lat' dir='ltr'><strong>eius</strong></span> <span class='ocrx_word' id='word_1_194' title='bbox 1168 2638 1212 2706; x_wconf 89' lang='lat' dir='ltr'><strong>ad</strong></span> <span class='ocrx_word' id='word_1_195' title='bbox 1232 2638 1440 2706; x_wconf 81' lang='lat' dir='ltr'><strong>indictionem</strong></span> 
     </span>
     <span class='ocr_line' id='line_1_22' title="bbox 107 2739 1440 2831; baseline -0.002 -23"><span class='ocrx_word' id='word_1_196' title='bbox 107 2753 137 2808; x_wconf 92' lang='lat' dir='ltr'><strong>et</strong></span> <span class='ocrx_word' id='word_1_197' title='bbox 159 2743 431 2808; x_wconf 87' lang='lat' dir='ltr'><strong>convocationem</strong></span> <span class='ocrx_word' id='word_1_198' title='bbox 463 2739 547 2808; x_wconf 91' lang='lat' dir='ltr'><strong>illius</strong></span> <span class='ocrx_word' id='word_1_199' title='bbox 581 2751 749 2829; x_wconf 88' lang='lat' dir='ltr'><strong>sumptura</strong></span> <span class='ocrx_word' id='word_1_200' title='bbox 777 2750 841 2825; x_wconf 89' lang='lat' dir='ltr'><strong>est,</strong></span> <span class='ocrx_word' id='word_1_201' title='bbox 874 2765 940 2808; x_wconf 90' lang='lat' dir='ltr'><strong>non</strong></span> <span class='ocrx_word' id='word_1_202' title='bbox 968 2743 1083 2808; x_wconf 89' lang='lat' dir='ltr'><strong>minori</strong></span> <span class='ocrx_word' id='word_1_203' title='bbox 1116 2764 1213 2831; x_wconf 87' lang='lat' dir='ltr'><strong>quam</strong></span> <span class='ocrx_word' id='word_1_204' title='bbox 1241 2743 1335 2808; x_wconf 90' lang='lat' dir='ltr'><strong>unius</strong></span> <span class='ocrx_word' id='word_1_205' title='bbox 1364 2744 1440 2806; x_wconf 90' lang='lat' dir='ltr'><strong>anni</strong></span> 
     </span>
     <span class='ocr_line' id='line_1_23' title="bbox 107 2842 1440 2933; baseline -0.001 -23"><span class='ocrx_word' id='word_1_206' title='bbox 107 2847 219 2932; x_wconf 90' lang='lat' dir='ltr'><strong>spacio</strong></span> <span class='ocrx_word' id='word_1_207' title='bbox 244 2842 503 2910; x_wconf 84' lang='lat' dir='ltr'><strong>concludendum</strong></span> <span class='ocrx_word' id='word_1_208' title='bbox 526 2843 685 2929; x_wconf 87' lang='lat' dir='ltr'><strong>videatur,</strong></span> <span class='ocrx_word' id='word_1_209' title='bbox 708 2845 765 2912; x_wconf 90' lang='lat' dir='ltr'><strong>ubi</strong></span> <span class='ocrx_word' id='word_1_210' title='bbox 785 2845 926 2933; x_wconf 90' lang='lat' dir='ltr'><strong>quidem,</strong></span> <span class='ocrx_word' id='word_1_211' title='bbox 950 2847 977 2912; x_wconf 83' lang='lat' dir='ltr'><strong>ei</strong></span> <span class='ocrx_word' id='word_1_212' title='bbox 992 2845 1061 2911; x_wconf 78' lang='lat' dir='ltr'><strong>Mn·</strong></span> <span class='ocrx_word' id='word_1_213' title='bbox 1077 2845 1109 2912; x_wconf 86' lang='lat' dir='ltr'><strong>S.</strong></span> <span class='ocrx_word' id='word_1_214' title='bbox 1127 2845 1163 2912; x_wconf 81' lang='grc' dir='ltr'><strong>Ο.</strong></span> <span class='ocrx_word' id='word_1_215' title='bbox 1188 2845 1231 2912; x_wconf 91' lang='lat' dir='ltr'><strong>ad</strong></span> <span class='ocrx_word' id='word_1_216' title='bbox 1252 2845 1315 2912; x_wconf 91' lang='lat' dir='ltr'><strong>hoc</strong></span> <span class='ocrx_word' id='word_1_217' title='bbox 1336 2845 1440 2932; x_wconf 91' lang='lat' dir='ltr'><strong>publi·</strong></span> 
     </span>
     <span class='ocr_line' id='line_1_24' title="bbox 108 2947 1438 3036; baseline 0 -22"><span class='ocrx_word' id='word_1_218' title='bbox 108 2972 180 3014; x_wconf 88' lang='lat' dir='ltr'><strong>cum</strong></span> <span class='ocrx_word' id='word_1_219' title='bbox 204 2959 239 3018; x_wconf 81' lang='lat' dir='ltr'><strong>et</strong></span> <span class='ocrx_word' id='word_1_220' title='bbox 259 2949 479 3014; x_wconf 88' lang='lat' dir='ltr'><strong>necessarium</strong></span> <span class='ocrx_word' id='word_1_221' title='bbox 502 2969 583 3035; x_wconf 88' lang='lat' dir='ltr'><strong>opus</strong></span> <span class='ocrx_word' id='word_1_222' title='bbox 606 2950 781 3036; x_wconf 91' lang='lat' dir='ltr'><strong>quiequam</strong></span> <span class='ocrx_word' id='word_1_223' title='bbox 803 2947 928 3016; x_wconf 87' lang='lat' dir='ltr'><strong>consilii</strong></span> <span class='ocrx_word' id='word_1_224' title='bbox 942 2948 995 3015; x_wconf 91' lang='lat' dir='ltr'><strong>vel</strong></span> <span class='ocrx_word' id='word_1_225' title='bbox 1019 2949 1130 3016; x_wconf 76' lang='lat' dir='ltr'><strong>auxilii</strong></span> <span class='ocrx_word' id='word_1_226' title='bbox 1150 2950 1298 3016; x_wconf 89' lang='lat' dir='ltr'><strong>conferre</strong></span> <span class='ocrx_word' id='word_1_227' title='bbox 1311 2949 1438 3035; x_wconf 84' lang='lat' dir='ltr'><strong>poterit,</strong></span> 
     </span>
    </p>
   </div>
   <div class='ocr_carea' id='block_1_3' title="bbox 107 3049 1539 3138">
    <p class='ocr_par' dir='ltr' id='par_1_3' title="bbox 107 3049 1539 3138">
     <span class='ocr_line' id='line_1_25' title="bbox 107 3049 1539 3138; baseline 0.001 -22"><span class='ocrx_word' id='word_1_228' title='bbox 107 3073 233 3116; x_wconf 86' lang='lat' dir='ltr'><strong>summo</strong></span> <span class='ocrx_word' id='word_1_229' title='bbox 255 3050 362 3116; x_wconf 87' lang='lat' dir='ltr'><strong>studio</strong></span> <span class='ocrx_word' id='word_1_230' title='bbox 386 3049 562 3134; x_wconf 86' lang='lat' dir='ltr'><strong>adnitatur,</strong></span> <span class='ocrx_word' id='word_1_231' title='bbox 590 3073 632 3118; x_wconf 91' lang='lat' dir='ltr'><strong>ne</strong></span> <span class='ocrx_word' id='word_1_232' title='bbox 659 3053 692 3116; x_wconf 91' lang='lat' dir='ltr'><strong>in</strong></span> <span class='ocrx_word' id='word_1_233' title='bbox 719 3073 755 3118; x_wconf 87' lang='lat' dir='ltr'><strong>re</strong></span> <span class='ocrx_word' id='word_1_234' title='bbox 783 3054 865 3117; x_wconf 90' lang='lat' dir='ltr'><strong>tanti</strong></span> <span class='ocrx_word' id='word_1_235' title='bbox 887 3054 1049 3136; x_wconf 89' lang='lat' dir='ltr'><strong>momenti,</strong></span> <span class='ocrx_word' id='word_1_236' title='bbox 1074 3075 1159 3138; x_wconf 87' lang='lat' dir='ltr'><strong>quae</strong></span> <span class='ocrx_word' id='word_1_237' title='bbox 1181 3052 1224 3119; x_wconf 86' lang='lat' dir='ltr'><strong>ad</strong></span> <span class='ocrx_word' id='word_1_238' title='bbox 1245 3051 1377 3119; x_wconf 89' lang='lat' dir='ltr'><strong>laudem</strong></span> <span class='ocrx_word' id='word_1_239' title='bbox 1400 3074 1439 3118; x_wconf 89' lang='lat' dir='ltr'><strong>ac</strong></span> <span class='ocrx_word' id='word_1_240' title='bbox 1536 3075 1539 3082; x_wconf 87' lang='lat'>·</span> 
     </span>
    </p>
   </div>
   <div class='ocr_carea' id='block_1_4' title="bbox 107 3151 1444 5100">
    <p class='ocr_par' dir='ltr' id='par_1_4' title="bbox 107 3151 1441 3758">
     <span class='ocr_line' id='line_1_26' title="bbox 107 3151 1440 3242; baseline 0.002 -23"><span class='ocrx_word' id='word_1_241' title='bbox 107 3153 246 3240; x_wconf 84' lang='lat' dir='ltr'><strong>gloriam</strong></span> <span class='ocrx_word' id='word_1_242' title='bbox 270 3151 371 3218; x_wconf 92' lang='lat' dir='ltr'><strong>divini</strong></span> <span class='ocrx_word' id='word_1_243' title='bbox 392 3154 529 3218; x_wconf 86' lang='lat' dir='ltr'><strong>nominis</strong></span> <span class='ocrx_word' id='word_1_244' title='bbox 552 3163 584 3220; x_wconf 90' lang='lat' dir='ltr'><strong>et</strong></span> <span class='ocrx_word' id='word_1_245' title='bbox 606 3153 649 3219; x_wconf 88' lang='lat' dir='ltr'><strong>ad</strong></span> <span class='ocrx_word' id='word_1_246' title='bbox 672 3155 814 3242; x_wconf 87' lang='lat' dir='ltr'><strong>quietem</strong></span> <span class='ocrx_word' id='word_1_247' title='bbox 835 3157 991 3222; x_wconf 89' lang='lat' dir='ltr'><strong>unitatem</strong></span> <span class='ocrx_word' id='word_1_248' title='bbox 1014 3164 1047 3233; x_wconf 87' lang='lat' dir='ltr'><strong>et</strong></span> <span class='ocrx_word' id='word_1_249' title='bbox 1061 3155 1231 3222; x_wconf 83' lang='lat' dir='ltr'><strong>utilitatem</strong></span> <span class='ocrx_word' id='word_1_250' title='bbox 1247 3156 1440 3222; x_wconf 85' lang='lat' dir='ltr'><strong>christianae</strong></span> 
     </span>
     <span class='ocr_line' id='line_1_27' title="bbox 108 3256 1440 3347; baseline 0.002 -25"><span class='ocrx_word' id='word_1_251' title='bbox 108 3257 307 3345; x_wconf 86' lang='lat' dir='ltr'><strong>reipublicae</strong></span> <span class='ocrx_word' id='word_1_252' title='bbox 335 3256 592 3324; x_wconf 87' lang='lat' dir='ltr'><strong>conservandam</strong></span> <span class='ocrx_word' id='word_1_253' title='bbox 620 3267 652 3324; x_wconf 94' lang='lat' dir='ltr'><strong>et</strong></span> <span class='ocrx_word' id='word_1_254' title='bbox 681 3258 936 3346; x_wconf 86' lang='lat' dir='ltr'><strong>promovendam</strong></span> <span class='ocrx_word' id='word_1_255' title='bbox 965 3261 1111 3347; x_wconf 90' lang='lat' dir='ltr'><strong>inprimis</strong></span> <span class='ocrx_word' id='word_1_256' title='bbox 1139 3269 1278 3346; x_wconf 85' lang='lat' dir='ltr'><strong>spectat,</strong></span> <span class='ocrx_word' id='word_1_257' title='bbox 1312 3261 1440 3347; x_wconf 84' lang='lat' dir='ltr'><strong>uspiam</strong></span> 
     </span>
     <span class='ocr_line' id='line_1_28' title="bbox 108 3361 1440 3451; baseline 0.003 -25"><span class='ocrx_word' id='word_1_258' title='bbox 108 3371 165 3426; x_wconf 87' lang='lat' dir='ltr'><strong>ant</strong></span> <span class='ocrx_word' id='word_1_259' title='bbox 185 3361 311 3426; x_wconf 88' lang='lat' dir='ltr'><strong>muneri</strong></span> <span class='ocrx_word' id='word_1_260' title='bbox 334 3382 392 3426; x_wconf 90' lang='lat' dir='ltr'><strong>suo</strong></span> <span class='ocrx_word' id='word_1_261' title='bbox 417 3383 569 3426; x_wconf 88' lang='lat' dir='ltr'><strong>caesareo</strong></span> <span class='ocrx_word' id='word_1_262' title='bbox 591 3371 649 3426; x_wconf 90' lang='lat' dir='ltr'><strong>aut</strong></span> <span class='ocrx_word' id='word_1_263' title='bbox 671 3361 777 3428; x_wconf 89' lang='lat' dir='ltr'><strong>officio</strong></span> <span class='ocrx_word' id='word_1_264' title='bbox 805 3363 1012 3451; x_wconf 86' lang='lat' dir='ltr'><strong>obsequentis</strong></span> <span class='ocrx_word' id='word_1_265' title='bbox 1035 3363 1192 3430; x_wconf 90' lang='lat' dir='ltr'><strong>ecclesiae</strong></span> <span class='ocrx_word' id='word_1_266' title='bbox 1219 3361 1276 3426; x_wconf 90' lang='lat' dir='ltr'><strong>filii</strong></span> <span class='ocrx_word' id='word_1_267' title='bbox 1299 3362 1440 3430; x_wconf 87' lang='lat' dir='ltr'><strong>defuisse</strong></span> 
     </span>
     <span class='ocr_line' id='line_1_29' title="bbox 109 3462 1441 3552; baseline 0.002 -22"><span class='ocrx_word' id='word_1_268' title='bbox 109 3489 129 3529; x_wconf 91' lang='lat' dir='ltr'><strong>a</strong></span> <span class='ocrx_word' id='word_1_269' title='bbox 144 3485 312 3552; x_wconf 90' lang='lat' dir='ltr'><strong>quoquam</strong></span> <span class='ocrx_word' id='word_1_270' title='bbox 326 3462 492 3528; x_wconf 90' lang='lat' dir='ltr'><strong>hominum</strong></span> <span class='ocrx_word' id='word_1_271' title='bbox 515 3466 608 3551; x_wconf 90' lang='lat' dir='ltr'><strong>argui</strong></span> <span class='ocrx_word' id='word_1_272' title='bbox 631 3475 738 3551; x_wconf 88' lang='lat' dir='ltr'><strong>queat,</strong></span> <span class='ocrx_word' id='word_1_273' title='bbox 762 3476 913 3532; x_wconf 90' lang='lat' dir='ltr'><strong>secutura</strong></span> <span class='ocrx_word' id='word_1_274' title='bbox 933 3466 1158 3534; x_wconf 85' lang='lat' dir='ltr'><strong>laudatissima</strong></span> <span class='ocrx_word' id='word_1_275' title='bbox 1180 3465 1326 3532; x_wconf 89' lang='lat' dir='ltr'><strong>divorum</strong></span> <span class='ocrx_word' id='word_1_276' title='bbox 1348 3487 1441 3552; x_wconf 88' lang='lat' dir='ltr'><strong>prae-</strong></span> 
     </span>
     <span class='ocr_line' id='line_1_30' title="bbox 110 3568 1440 3657; baseline 0.002 -24"><span class='ocrx_word' id='word_1_277' title='bbox 110 3569 319 3634; x_wconf 86' lang='lat' dir='ltr'><strong>decessorum</strong></span> <span class='ocrx_word' id='word_1_278' title='bbox 334 3587 464 3632; x_wconf 90' lang='lat' dir='ltr'><strong>suorum</strong></span> <span class='ocrx_word' id='word_1_279' title='bbox 480 3568 618 3653; x_wconf 84' lang='lat' dir='ltr'><strong>vestigia</strong></span> <span class='ocrx_word' id='word_1_280' title='bbox 633 3570 689 3657; x_wconf 92' lang='lat' dir='ltr'><strong>qui</strong></span> <span class='ocrx_word' id='word_1_281' title='bbox 705 3569 842 3635; x_wconf 89' lang='lat' dir='ltr'><strong>coucilia</strong></span> <span class='ocrx_word' id='word_1_282' title='bbox 856 3569 1021 3656; x_wconf 88' lang='lat' dir='ltr'><strong>generalia</strong></span> <span class='ocrx_word' id='word_1_283' title='bbox 1036 3591 1161 3636; x_wconf 88' lang='lat' dir='ltr'><strong>summo</strong></span> <span class='ocrx_word' id='word_1_284' title='bbox 1184 3592 1312 3655; x_wconf 88' lang='lat' dir='ltr'><strong>semper</strong></span> <span class='ocrx_word' id='word_1_285' title='bbox 1333 3568 1440 3635; x_wconf 79' lang='lat' dir='ltr'><strong>atridio</strong></span> 
     </span>
     <span class='ocr_line' id='line_1_31' title="bbox 109 3681 352 3758; baseline -0.008 -22"><span class='ocrx_word' id='word_1_286' title='bbox 109 3681 352 3758; x_wconf 88' lang='lat' dir='ltr'><strong>promoverunt.</strong></span> 
     </span>
    </p>

    <p class='ocr_par' dir='ltr' id='par_1_5' title="bbox 110 3772 1442 4376">
     <span class='ocr_line' id='line_1_32' title="bbox 213 3772 1440 3862; baseline 0.003 -24"><span class='ocrx_word' id='word_1_287' title='bbox 213 3772 385 3838; x_wconf 81' lang='lat' dir='ltr'><strong>Caeterum</strong></span> <span class='ocrx_word' id='word_1_288' title='bbox 407 3795 472 3838; x_wconf 91' lang='lat' dir='ltr'><strong>non</strong></span> <span class='ocrx_word' id='word_1_289' title='bbox 493 3782 600 3860; x_wconf 89' lang='lat' dir='ltr'><strong>potest</strong></span> <span class='ocrx_word' id='word_1_290' title='bbox 621 3773 674 3840; x_wconf 92' lang='lat' dir='ltr'><strong>hic</strong></span> <span class='ocrx_word' id='word_1_291' title='bbox 696 3773 732 3841; x_wconf 82' lang='grc' dir='ltr'><strong>Ο.</strong></span> <span class='ocrx_word' id='word_1_292' title='bbox 755 3775 824 3839; x_wconf 69' lang='lat' dir='ltr'><strong>M⁸⁸⁸</strong></span> <span class='ocrx_word' id='word_1_293' title='bbox 848 3775 1050 3841; x_wconf 88' lang='lat' dir='ltr'><strong>dissimulare</strong></span> <span class='ocrx_word' id='word_1_294' title='bbox 1073 3785 1130 3842; x_wconf 90' lang='lat' dir='ltr'><strong>aut</strong></span> <span class='ocrx_word' id='word_1_295' title='bbox 1157 3774 1282 3842; x_wconf 90' lang='lat' dir='ltr'><strong>silentio</strong></span> <span class='ocrx_word' id='word_1_296' title='bbox 1315 3784 1440 3862; x_wconf 90' lang='lat' dir='ltr'><strong>praete-</strong></span> 
     </span>
     <span class='ocr_line' id='line_1_33' title="bbox 110 3875 1440 3967; baseline -0.002 -23"><span class='ocrx_word' id='word_1_297' title='bbox 110 3879 173 3944; x_wconf 90' lang='lat' dir='ltr'><strong>rire</strong></span> <span class='ocrx_word' id='word_1_298' title='bbox 196 3875 402 3942; x_wconf 89' lang='lat' dir='ltr'><strong>difficultates</strong></span> <span class='ocrx_word' id='word_1_299' title='bbox 425 3875 584 3964; x_wconf 84' lang='lat' dir='ltr'><strong>quasdam</strong></span> <span class='ocrx_word' id='word_1_300' title='bbox 605 3877 725 3944; x_wconf 90' lang='lat' dir='ltr'><strong>iudicio</strong></span> <span class='ocrx_word' id='word_1_301' title='bbox 747 3878 812 3943; x_wconf 64' lang='lat' dir='ltr'><strong>Mi·</strong></span> <span class='ocrx_word' id='word_1_302' title='bbox 835 3879 868 3944; x_wconf 87' lang='lat' dir='ltr'><strong>S.</strong></span> <span class='ocrx_word' id='word_1_303' title='bbox 885 3877 921 3944; x_wconf 82' lang='lat' dir='ltr'><strong>O.</strong></span> <span class='ocrx_word' id='word_1_304' title='bbox 944 3880 1154 3966; x_wconf 87' lang='lat' dir='ltr'><strong>gravissimas</strong></span> <span class='ocrx_word' id='word_1_305' title='bbox 1177 3902 1262 3967; x_wconf 90' lang='lat' dir='ltr'><strong>quae</strong></span> <span class='ocrx_word' id='word_1_306' title='bbox 1281 3880 1334 3944; x_wconf 65' lang='lat' dir='ltr'><strong>M²¹</strong></span> <span class='ocrx_word' id='word_1_307' title='bbox 1354 3879 1387 3944; x_wconf 87' lang='lat' dir='ltr'><strong>S.</strong></span> <span class='ocrx_word' id='word_1_308' title='bbox 1404 3879 1440 3942; x_wconf 82' lang='grc' dir='ltr'><strong>Ο.</strong></span> 
     </span>
     <span class='ocr_line' id='line_1_34' title="bbox 111 3981 1442 4070; baseline 0.002 -24"><span class='ocrx_word' id='word_1_309' title='bbox 111 3983 144 4046; x_wconf 88' lang='lat' dir='ltr'><strong>in</strong></span> <span class='ocrx_word' id='word_1_310' title='bbox 165 3981 229 4046; x_wconf 92' lang='lat' dir='ltr'><strong>hoc</strong></span> <span class='ocrx_word' id='word_1_311' title='bbox 251 3981 386 4066; x_wconf 91' lang='lat' dir='ltr'><strong>negocio</strong></span> <span class='ocrx_word' id='word_1_312' title='bbox 410 3991 598 4064; x_wconf 69' lang='lat' dir='ltr'><strong>occentent,</strong></span> <span class='ocrx_word' id='word_1_313' title='bbox 632 3983 693 4046; x_wconf 90' lang='lat' dir='ltr'><strong>etsi</strong></span> <span class='ocrx_word' id='word_1_314' title='bbox 723 3981 851 4069; x_wconf 91' lang='lat' dir='ltr'><strong>quidem</strong></span> <span class='ocrx_word' id='word_1_315' title='bbox 875 4005 940 4047; x_wconf 91' lang='lat' dir='ltr'><strong>non</strong></span> <span class='ocrx_word' id='word_1_316' title='bbox 962 3981 1080 4048; x_wconf 90' lang='lat' dir='ltr'><strong>diffidit</strong></span> <span class='ocrx_word' id='word_1_317' title='bbox 1102 3981 1182 4048; x_wconf 73' lang='lat' dir='ltr'><strong>Smum</strong></span> <span class='ocrx_word' id='word_1_318' title='bbox 1205 3981 1248 4046; x_wconf 93' lang='lat' dir='ltr'><strong>D.</strong></span> <span class='ocrx_word' id='word_1_319' title='bbox 1269 3983 1321 4065; x_wconf 79' lang='lat' dir='ltr'><strong>N,</strong></span> <span class='ocrx_word' id='word_1_320' title='bbox 1357 4003 1442 4070; x_wconf 89' lang='lat' dir='ltr'><strong>quae</strong></span> 
     </span>
     <span class='ocr_line' id='line_1_35' title="bbox 112 4081 1440 4172; baseline -0.001 -22"><span class='ocrx_word' id='word_1_321' title='bbox 112 4095 159 4150; x_wconf 89' lang='lat' dir='ltr'><strong>est</strong></span> <span class='ocrx_word' id='word_1_322' title='bbox 182 4083 235 4150; x_wconf 71' lang='lat'><strong>8²¹⁸</strong></span> <span class='ocrx_word' id='word_1_323' title='bbox 260 4081 293 4148; x_wconf 85' lang='lat' dir='ltr'><strong>S.</strong></span> <span class='ocrx_word' id='word_1_324' title='bbox 317 4083 435 4148; x_wconf 88' lang='lat' dir='ltr'><strong>eximia</strong></span> <span class='ocrx_word' id='word_1_325' title='bbox 456 4082 630 4170; x_wconf 87' lang='lat' dir='ltr'><strong>prudentia</strong></span> <span class='ocrx_word' id='word_1_326' title='bbox 651 4083 810 4150; x_wconf 86' lang='lat' dir='ltr'><strong>industria</strong></span> <span class='ocrx_word' id='word_1_327' title='bbox 837 4095 870 4150; x_wconf 92' lang='lat' dir='ltr'><strong>et</strong></span> <span class='ocrx_word' id='word_1_328' title='bbox 890 4109 997 4151; x_wconf 90' lang='lat' dir='ltr'><strong>rerum</strong></span> <span class='ocrx_word' id='word_1_329' title='bbox 1020 4108 1114 4168; x_wconf 88' lang='lat' dir='ltr'><strong>usus,</strong></span> <span class='ocrx_word' id='word_1_330' title='bbox 1144 4107 1199 4152; x_wconf 88' lang='lat' dir='ltr'><strong>eae</strong></span> <span class='ocrx_word' id='word_1_331' title='bbox 1220 4085 1316 4152; x_wconf 87' lang='lat' dir='ltr'><strong>facile</strong></span> <span class='ocrx_word' id='word_1_332' title='bbox 1339 4084 1440 4172; x_wconf 85' lang='lat' dir='ltr'><strong>expli-</strong></span> 
     </span>
     <span class='ocr_line' id='line_1_36' title="bbox 112 4187 1441 4276; baseline 0 -22"><span class='ocrx_word' id='word_1_333' title='bbox 112 4198 277 4270; x_wconf 88' lang='lat' dir='ltr'><strong>caturum,</strong></span> <span class='ocrx_word' id='word_1_334' title='bbox 309 4197 406 4273; x_wconf 89' lang='lat' dir='ltr'><strong>prout</strong></span> <span class='ocrx_word' id='word_1_335' title='bbox 428 4188 557 4253; x_wconf 89' lang='lat' dir='ltr'><strong>omnino</strong></span> <span class='ocrx_word' id='word_1_336' title='bbox 579 4187 794 4274; x_wconf 87' lang='lat' dir='ltr'><strong>explicandae</strong></span> <span class='ocrx_word' id='word_1_337' title='bbox 816 4198 925 4266; x_wconf 87' lang='lat' dir='ltr'><strong>erunt,</strong></span> <span class='ocrx_word' id='word_1_338' title='bbox 960 4190 987 4252; x_wconf 88' lang='lat' dir='ltr'><strong>si</strong></span> <span class='ocrx_word' id='word_1_339' title='bbox 1020 4211 1116 4276; x_wconf 88' lang='lat' dir='ltr'><strong>quem</strong></span> <span class='ocrx_word' id='word_1_340' title='bbox 1138 4188 1279 4254; x_wconf 85' lang='lat' dir='ltr'><strong>fructum</strong></span> <span class='ocrx_word' id='word_1_341' title='bbox 1310 4212 1353 4254; x_wconf 85' lang='lat' dir='ltr'><strong>ex</strong></span> <span class='ocrx_word' id='word_1_342' title='bbox 1380 4190 1441 4254; x_wconf 86' lang='lat' dir='ltr'><strong>isto</strong></span> 
     </span>
     <span class='ocr_line' id='line_1_37' title="bbox 113 4275 1331 4376; baseline -0.009 -18"><span class='ocrx_word' id='word_1_343' title='bbox 113 4289 249 4358; x_wconf 89' lang='lat' dir='ltr'><strong>concilio</strong></span> <span class='ocrx_word' id='word_1_344' title='bbox 272 4311 403 4376; x_wconf 86' lang='lat' dir='ltr'><strong>sperare</strong></span> <span class='ocrx_word' id='word_1_345' title='bbox 424 4289 571 4356; x_wconf 84' lang='lat' dir='ltr'><strong>velimus.</strong></span> <span class='ocrx_word' id='word_1_346' title='bbox 1325 4275 1331 4286; x_wconf 81' lang='grc'><strong>’</strong></span> 
     </span>
    </p>

    <p class='ocr_par' dir='ltr' id='par_1_6' title="bbox 110 4393 1444 5100">
     <span class='ocr_line' id='line_1_38' title="bbox 213 4393 1441 4482; baseline 0.002 -24"><span class='ocrx_word' id='word_1_347' title='bbox 213 4393 322 4458; x_wconf 89' lang='lat' dir='ltr'><strong>Prima</strong></span> <span class='ocrx_word' id='word_1_348' title='bbox 349 4416 478 4481; x_wconf 90' lang='lat' dir='ltr'><strong>nanque</strong></span> <span class='ocrx_word' id='word_1_349' title='bbox 507 4402 556 4460; x_wconf 88' lang='lat' dir='ltr'><strong>est</strong></span> <span class='ocrx_word' id='word_1_350' title='bbox 584 4393 757 4460; x_wconf 87' lang='lat' dir='ltr'><strong>difficultas</strong></span> <span class='ocrx_word' id='word_1_351' title='bbox 788 4405 871 4482; x_wconf 87' lang='lat' dir='ltr'><strong>quae</strong></span> <span class='ocrx_word' id='word_1_352' title='bbox 901 4395 938 4461; x_wconf 78' lang='lat' dir='ltr'><strong>(l.</strong></span> <span class='ocrx_word' id='word_1_353' title='bbox 961 4395 994 4460; x_wconf 90' lang='lat' dir='ltr'><strong>S.</strong></span> <span class='ocrx_word' id='word_1_354' title='bbox 1017 4395 1082 4460; x_wconf 67' lang='lat' dir='ltr'><strong>Ml*</strong></span> <span class='ocrx_word' id='word_1_355' title='bbox 1106 4397 1212 4461; x_wconf 91' lang='lat' dir='ltr'><strong>animo</strong></span> <span class='ocrx_word' id='word_1_356' title='bbox 1240 4395 1441 4478; x_wconf 89' lang='lat' dir='ltr'><strong>obversatur,</strong></span> 
     </span>
     <span class='ocr_line' id='line_1_39' title="bbox 112 4497 1442 4586; baseline 0.002 -24"><span class='ocrx_word' id='word_1_357' title='bbox 112 4497 200 4584; x_wconf 91' lang='lat' dir='ltr'><strong>quod</strong></span> <span class='ocrx_word' id='word_1_358' title='bbox 223 4499 465 4562; x_wconf 88' lang='lat' dir='ltr'><strong>oecumenicum</strong></span> <span class='ocrx_word' id='word_1_359' title='bbox 493 4497 679 4580; x_wconf 92' lang='lat' dir='ltr'><strong>concilium,</strong></span> <span class='ocrx_word' id='word_1_360' title='bbox 709 4497 982 4582; x_wconf 89' lang='lat' dir='ltr'><strong>quemadmodum</strong></span> <span class='ocrx_word' id='word_1_361' title='bbox 1003 4498 1055 4564; x_wconf 91' lang='lat' dir='ltr'><strong>vel</strong></span> <span class='ocrx_word' id='word_1_362' title='bbox 1077 4498 1261 4565; x_wconf 90' lang='lat' dir='ltr'><strong>recentibus</strong></span> <span class='ocrx_word' id='word_1_363' title='bbox 1284 4497 1442 4586; x_wconf 85' lang='lat' dir='ltr'><strong>exemplis</strong></span> 
     </span>
     <span class='ocr_line' id='line_1_40' title="bbox 111 4599 1443 4688; baseline -0.001 -21"><span class='ocrx_word' id='word_1_364' title='bbox 111 4600 242 4667; x_wconf 89' lang='lat' dir='ltr'><strong>abunde</strong></span> <span class='ocrx_word' id='word_1_365' title='bbox 264 4607 416 4664; x_wconf 85' lang='lat' dir='ltr'><strong>testatum</strong></span> <span class='ocrx_word' id='word_1_366' title='bbox 437 4599 641 4688; x_wconf 88' lang='lat' dir='ltr'><strong>relinquitur,</strong></span> <span class='ocrx_word' id='word_1_367' title='bbox 673 4602 731 4666; x_wconf 86' lang='lat' dir='ltr'><strong>vix</strong></span> <span class='ocrx_word' id='word_1_368' title='bbox 759 4601 928 4668; x_wconf 90' lang='lat' dir='ltr'><strong>commode</strong></span> <span class='ocrx_word' id='word_1_369' title='bbox 956 4601 1113 4668; x_wconf 89' lang='lat' dir='ltr'><strong>celebrari</strong></span> <span class='ocrx_word' id='word_1_370' title='bbox 1142 4611 1198 4666; x_wconf 90' lang='lat' dir='ltr'><strong>aut</strong></span> <span class='ocrx_word' id='word_1_371' title='bbox 1226 4603 1269 4666; x_wconf 89' lang='lat' dir='ltr'><strong>ad</strong></span> <span class='ocrx_word' id='word_1_372' title='bbox 1297 4611 1443 4688; x_wconf 77' lang='lat' dir='ltr'><strong>optatum</strong></span> 
     </span>
     <span class='ocr_line' id='line_1_41' title="bbox 110 4703 1442 4791; baseline 0 -23"><span class='ocrx_word' id='word_1_373' title='bbox 110 4704 208 4770; x_wconf 90' lang='lat' dir='ltr'><strong>tinem</strong></span> <span class='ocrx_word' id='word_1_374' title='bbox 230 4703 364 4790; x_wconf 88' lang='lat' dir='ltr'><strong>perduci</strong></span> <span class='ocrx_word' id='word_1_375' title='bbox 392 4705 524 4790; x_wconf 87' lang='lat' dir='ltr'><strong>poterit,</strong></span> <span class='ocrx_word' id='word_1_376' title='bbox 557 4705 619 4770; x_wconf 82' lang='lat' dir='ltr'><strong>nisi</strong></span> <span class='ocrx_word' id='word_1_377' title='bbox 648 4726 730 4790; x_wconf 89' lang='lat' dir='ltr'><strong>pace</strong></span> <span class='ocrx_word' id='word_1_378' title='bbox 758 4703 932 4770; x_wconf 88' lang='lat' dir='ltr'><strong>universali</strong></span> <span class='ocrx_word' id='word_1_379' title='bbox 963 4705 1045 4770; x_wconf 89' lang='lat' dir='ltr'><strong>inter</strong></span> <span class='ocrx_word' id='word_1_380' title='bbox 1067 4703 1258 4770; x_wconf 81' lang='lat' dir='ltr'><strong>christianos</strong></span> <span class='ocrx_word' id='word_1_381' title='bbox 1280 4706 1442 4791; x_wconf 87' lang='lat' dir='ltr'><strong>principes</strong></span> 
     </span>
     <span class='ocr_line' id='line_1_42' title="bbox 112 4805 1442 4894; baseline 0 -22"><span class='ocrx_word' id='word_1_382' title='bbox 112 4807 295 4872; x_wconf 82' lang='lat' dir='ltr'><strong>constituta</strong></span> <span class='ocrx_word' id='word_1_383' title='bbox 339 4807 400 4872; x_wconf 91' lang='lat' dir='ltr'><strong>etsi</strong></span> <span class='ocrx_word' id='word_1_384' title='bbox 433 4814 540 4871; x_wconf 86' lang='lat' dir='ltr'><strong>nutem</strong></span> <span class='ocrx_word' id='word_1_385' title='bbox 575 4805 685 4871; x_wconf 91' lang='lat' dir='ltr'><strong>divina</strong></span> <span class='ocrx_word' id='word_1_386' title='bbox 715 4806 915 4893; x_wconf 89' lang='lat' dir='ltr'><strong>benignitate</strong></span> <span class='ocrx_word' id='word_1_387' title='bbox 946 4806 1035 4872; x_wconf 91' lang='lat' dir='ltr'><strong>haud</strong></span> <span class='ocrx_word' id='word_1_388' title='bbox 1062 4809 1108 4872; x_wconf 84' lang='lat' dir='ltr'><strong>ita</strong></span> <span class='ocrx_word' id='word_1_389' title='bbox 1138 4807 1264 4894; x_wconf 92' lang='lat' dir='ltr'><strong>pridem</strong></span> <span class='ocrx_word' id='word_1_390' title='bbox 1300 4808 1442 4893; x_wconf 87' lang='lat' dir='ltr'><strong>potiores</strong></span> 
     </span>
     <span class='ocr_line' id='line_1_43' title="bbox 112 4909 1442 4998; baseline -0.002 -22"><span class='ocrx_word' id='word_1_391' title='bbox 112 4910 176 4976; x_wconf 90' lang='lat' dir='ltr'><strong>dno</strong></span> <span class='ocrx_word' id='word_1_392' title='bbox 200 4909 440 4976; x_wconf 74' lang='lat' dir='ltr'><strong>chmstiauitatis</strong></span> <span class='ocrx_word' id='word_1_393' title='bbox 461 4931 555 4996; x_wconf 86' lang='lat' dir='ltr'><strong>reges</strong></span> <span class='ocrx_word' id='word_1_394' title='bbox 577 4910 690 4996; x_wconf 86' lang='lat' dir='ltr'><strong>positis</strong></span> <span class='ocrx_word' id='word_1_395' title='bbox 714 4911 811 4974; x_wconf 88' lang='lat' dir='ltr'><strong>armis</strong></span> <span class='ocrx_word' id='word_1_396' title='bbox 833 4933 948 4998; x_wconf 91' lang='lat' dir='ltr'><strong>pacem</strong></span> <span class='ocrx_word' id='word_1_397' title='bbox 979 4910 1129 4993; x_wconf 84' lang='lat' dir='ltr'><strong>fecerint,</strong></span> <span class='ocrx_word' id='word_1_398' title='bbox 1160 4909 1237 4976; x_wconf 91' lang='lat' dir='ltr'><strong>alibi</strong></span> <span class='ocrx_word' id='word_1_399' title='bbox 1267 4919 1375 4976; x_wconf 87' lang='lat' dir='ltr'><strong>tamen</strong></span> <span class='ocrx_word' id='word_1_400' title='bbox 1397 4911 1442 4974; x_wconf 90' lang='lat' dir='ltr'><strong>in-</strong></span> 
     </span>
     <span class='ocr_line' id='line_1_44' title="bbox 112 5011 1444 5100; baseline -0.002 -20"><span class='ocrx_word' id='word_1_401' title='bbox 112 5025 201 5080; x_wconf 86' lang='lat' dir='ltr'><strong>terea</strong></span> <span class='ocrx_word' id='word_1_402' title='bbox 222 5011 360 5092; x_wconf 84' lang='lat' dir='ltr'><strong>bellum,</strong></span> <span class='ocrx_word' id='word_1_403' title='bbox 393 5013 488 5082; x_wconf 86' lang='lat' dir='ltr'><strong>sicuti</strong></span> <span class='ocrx_word' id='word_1_404' title='bbox 510 5011 551 5078; x_wconf 76' lang='lat' dir='ltr'><strong>S¹¹</strong></span> <span class='ocrx_word' id='word_1_405' title='bbox 571 5011 603 5080; x_wconf 88' lang='lat' dir='ltr'><strong>S.</strong></span> <span class='ocrx_word' id='word_1_406' title='bbox 627 5023 767 5097; x_wconf 87' lang='lat' dir='ltr'><strong>constat,</strong></span> <span class='ocrx_word' id='word_1_407' title='bbox 796 5014 964 5080; x_wconf 88' lang='lat' dir='ltr'><strong>subortum</strong></span> <span class='ocrx_word' id='word_1_408' title='bbox 992 5025 1056 5096; x_wconf 90' lang='lat' dir='ltr'><strong>est,</strong></span> <span class='ocrx_word' id='word_1_409' title='bbox 1090 5035 1206 5100; x_wconf 87' lang='lat' dir='ltr'><strong>nempe</strong></span> <span class='ocrx_word' id='word_1_410' title='bbox 1228 5015 1444 5100; x_wconf 88' lang='lat' dir='ltr'><strong>interregem</strong></span> 
     </span>
    </p>
   </div>
   <div class='ocr_carea' id='block_1_5' title="bbox 0 0 1776 5832">
    <p class='ocr_par' dir='ltr' id='par_1_7' title="bbox 0 0 1776 5832">
     <span class='ocr_line' id='line_1_45' title="bbox 0 0 1776 5832; baseline 0 0"><span class='ocrx_word' id='word_1_411' title='bbox 0 0 1776 5832; x_wconf 95' lang='lat' dir='ltr'><strong> </strong></span> 
     </span>
    </p>
   </div>
  </div>
 </body>
</html>
