3532 5832
300 528 342 592 tl

295 713 471 798 praecipue
493 718 610 797 urgent
631 719 663 776 et
685 732 769 798 quae
786 712 819 776 in
833 733 923 777 mera
938 712 1044 796 gratia
1055 718 1088 776 et
1102 709 1257 776 1661111616
1273 707 1430 776 6661611116
1447 709 1637 790 consistunt,

301 813 449 900 adeoque
471 812 534 878 illis
563 815 632 879 sine
655 813 777 879 offensa
810 813 880 897 dei,
914 815 982 878 sine
1016 815 1113 878 etiam
1145 814 1247 900 ipsius
1281 811 1439 879 ecclesiae
1475 833 1516 878 ac
1548 811 1638 878 sedis

301 917 499 1005 apostolicae
528 919 728 983 auctoritatis
757 916 967 983 diminutione
989 917 1077 982 facili
1099 916 1322 983 moderatione
1345 914 1480 992 concedi
1507 915 1640 1003 hacque

299 1023 423 1086 ratione
444 1019 561 1107 reliqui
582 1021 664 1085 ritus
688 1021 933 1086 constitutiones
955 1029 988 1087 et
1009 1022 1212 1088 ceremoniae
1240 1019 1479 1086 ecclesiasticae
1509 1018 1641 1084 facilius

303 1125 489 1190 conservari
511 1133 544 1188 et
564 1147 623 1210 per
644 1133 814 1212 utramque
836 1133 1029 1210 potestatem
1053 1148 1092 1191 66
1114 1124 1170 1191 ubi
1193 1147 1276 1212 opus
1297 1124 1395 1190 fuerit
1416 1146 1515 1190 manu
1540 1125 1641 1188 etiam

301 1230 392 1316 regia
414 1230 619 1294 manuteneri
641 1251 738 1315 posse
760 1228 921 1294 videnum.

319 1447 328 1466 Ι
405 1358 595 1425 Cuiusmodi
618 1357 803 1424 1616161161
826 1367 901 1424 sunt
920 1360 1090 1446 praecipui
1113 1357 1170 1424 dui
1200 1359 1327 1425 articuli
1349 1359 1390 1426 de
1414 1361 1642 1425 communione

302 1462 363 1528 sub
387 1472 527 1550 1111611116
548 1462 639 1529 161611
663 1473 696 1528 61
719 1464 868 1550 coniugio
892 1461 1016 1528 clericis
1038 1462 1264 1549 permittendo.

407 1609 552 1675 Tametsi
575 1619 684 1676 autem
707 1608 883 1698 optandum
905 1619 1186 1698 essetutrumque
1209 1609 1381 1676 articulum
1402 1597 1495 1674 iuxta
1508 1612 1641 1676 univer·

307 1713 383 1778 salis
407 1713 563 1793 ecclesiae
586 1713 743 1779 hactenus
765 1711 972 1778 laudabiliter
994 1712 1200 1778 observatam
1223 1712 1490 1780 consuetudinem
1505 1713 1641 1779 retineri

307 1825 339 1882 61
349 1818 550 1884 manuteneri
565 1840 670 1904 posse,
684 1816 956 1904 quemadmodum
972 1825 1058 1882 certe
1069 1815 1140 1882 Ml*
1153 1815 1186 1881 S.
1200 1815 1247 1900 O,
1272 1814 1359 1904 quod
1381 1815 1424 1882 ad
1438 1817 1503 1880 Ml·
1523 1815 1554 1882 S.
1566 1839 1644 1903 per-

306 1941 418 1986 sonam
425 1922 547 2004 attinet,
555 1943 660 2008 neque
668 1922 702 1986 in
713 1917 763 1984 his
774 1943 880 2008 neque
898 1921 931 1984 111
943 1917 1013 1984 aliis
1026 1919 1169 1984 articulis
1181 1917 1279 1984 ullam
1291 1921 1502 1986 mutationem
1514 1919 1643 1986 deside-

305 2033 364 2104 rat,
378 2022 435 2089 sed
446 2021 611 2110 publicam
624 2023 784 2108 duntaxat
795 2019 965 2088 utilitatem
972 2047 1046 2089 cum
1058 2023 1161 2110 gloria
1174 2024 1225 2089 dei
1239 2019 1310 2112 [lv]
1326 2025 1644 2112 coniunctamquae·

305 2129 362 2212 rit;
384 2126 476 2192 laicis
490 2135 599 2192 tamen
611 2129 867 2194 communionem
883 2125 944 2192 suh
959 2137 1097 2214 utraque
1119 2136 1152 2191 et
1172 2125 1266 2192 cleris
1290 2129 1475 2214 coniugium
1491 2127 1644 2216 adusque

307 2231 497 2316 sanguinem
518 2230 682 2296 mordicus
699 2227 946 2294 defendentibus
968 2253 1008 2295 ac
1029 2231 1161 2318 propria
1187 2232 1367 2296 temeritate
1395 2231 1645 2318 usurpantibus,

307 2333 473 2399 catholicis
495 2356 573 2400 vero
596 2343 768 2421 utrumque
792 2332 855 2397 illis
884 2333 1019 2400 concedi
1047 2332 1166 2400 debere
1195 2335 1404 2422 pertinaciter
1433 2333 1643 2422 negantibus,

306 2435 342 2501 fit
363 2436 426 2502 hoc
448 2437 598 2502 affectato
621 2435 831 2502 dissentiendi
854 2437 961 2503 studio
990 2446 1022 2504 61
1050 2438 1127 2504 111161
1154 2449 1270 2504 neutra
1295 2462 1373 2528 pars
1403 2437 1495 2506 alteri
1522 2437 1645 2504 cedere

306 2563 367 2606 neo
389 2549 520 2606 mutuae
537 2539 788 2607 benevolentiae
809 2538 917 2606 locum
940 2540 1019 2608 dare
1041 2541 1125 2626 vult,
1154 2553 1190 2607 ut
1211 2543 1329 2608 isthinc
1351 2542 1413 2609 sibi
1436 2550 1564 2630 sumpta
1586 2565 1645 2608 66-

308 2645 437 2710 6611666
460 2645 568 2710 6161161
590 2654 723 2733 propter
745 2645 848 2712 solum
869 2647 1003 2710 vetitum
1026 2648 1211 2734 coniugium
1241 2670 1352 2714 omnes
1381 2646 1536 2713 ecclesiae
1557 2647 1645 2711 ritus

307 2748 549 2814 observationes
573 2758 605 2814 et
632 2749 831 2816 ceremonias
865 2751 1071 2836 quantumvis
1103 2751 1175 2838 pias
1210 2761 1242 2817 et
1273 2753 1475 2818 necessarias
1506 2771 1646 2838 prorsus

308 2861 455 2917 evertant
472 2849 526 2940 [V]
541 2874 580 2916 ac
597 2853 696 2940 impia
708 2875 857 2940 quaeque
869 2853 1022 2939 dogmata
1032 2875 1091 2940 pro
1104 2856 1258 2920 concione
1275 2864 1430 2942 spargant
1445 2863 1478 2920 et
1492 2853 1646 2932 doceant,

306 2953 382 3020 laici
403 2978 481 3021 vero
504 2956 545 3021 ob
569 2955 672 3022 solum
694 2955 902 3022 interdictum
924 2955 986 3021 sibi
1009 2957 1143 3023 calicem
1166 2957 1209 3023 ad
1232 2959 1469 3023 enormissimos
1493 2977 1646 3044 quosque

308 3081 432 3124 errores
454 3069 488 3124 61
509 3068 615 3124 sectas
637 3058 857 3146 prolabantur.
875 3082 1012 3147 quorum
1026 3071 1198 3148 utrumque
1213 3061 1322 3128 forsan
1338 3070 1489 3147 cessaret,
1506 3061 1531 3124 si
1547 3059 1645 3124 laicis

308 3161 459 3244 calicem,
493 3161 619 3229 clericis
641 3186 718 3230 vero
742 3165 927 3264 coniugium
949 3173 1063 3230 sancta
1092 3165 1186 3232 sedes
1214 3163 1392 3252 apostolica
1420 3163 1644 3251 dispensative

307 3268 514 3352 permitteret.

410 3404 530 3470 Prioris
552 3415 661 3470 6616111
684 3403 810 3470 articuli
833 3405 874 3470 de
897 3408 1121 3471 communione
1144 3414 1246 3472 status
1261 3427 1327 3471 non
1348 3427 1391 3470 ex
1414 3427 1452 3470 eo
1464 3402 1642 3491 dependet,

308 3530 350 3572 an
370 3529 437 3573 non
458 3508 555 3574 liceat
576 3511 814 3575 communicare
836 3509 897 3575 sub
924 3508 1027 3575 altera
1055 3517 1181 3574 tantum
1208 3507 1261 3574 vol
1288 3510 1385 3575 etiam
1414 3530 1457 3572 an
1483 3529 1549 3572 non
1576 3506 1644 3571 11111

309 3612 453 3700 qualibet
475 3614 583 3700 specie
606 3613 809 3678 contineatur
831 3621 863 3678 61
885 3623 1031 3678 sumatur
1046 3621 1132 3679 totus
1148 3623 1181 3679 et
1195 3615 1320 3700 integer
1334 3611 1491 3695 Christus,
1508 3609 1644 3698 quando

307 3739 349 3781 nc
372 3716 550 3782 adversarii
574 3715 705 3804 quidem
732 3714 814 3782 haec
841 3738 962 3802 negare
989 3715 1125 3800 audent,
1160 3717 1218 3782 sed
1251 3738 1293 3780 an
1321 3714 1459 3781 66616116
1483 3723 1644 3801 tanquam

308 3819 541 3907 benignissima
561 3829 665 3885 mater
685 3828 754 3884 tum
770 3819 813 3884 ad
828 3818 1042 3885 consolandas
1056 3818 1230 3886 multorum
1252 3819 1394 3884 infirmas
1416 3818 1645 3900 conscientias,

307 3931 375 3988 tum
398 3925 495 3989 ctiam
517 3923 561 3988 ad
576 3921 832 3989 convincendam
846 3921 1073 3989 nonnullorum
1096 3924 1350 4010 superstitiosam
1364 3920 1418 3988 vel
1438 3923 1535 3988 etiam
1548 3919 1643 3986 mali-

308 4027 423 4092 tiosam
446 4027 665 4092 curiositatem
686 4047 746 4113 pro
769 4027 948 4113 praesentis
971 4029 1125 4114 temporis
1139 4028 1308 4115 iniquitate
1323 4047 1390 4092 non
1412 4047 1515 4112 aeque
1536 4026 1643 4090 iustas

308 4127 428 4195 haheat
465 4133 579 4213 6611166
616 4128 815 4196 relaxandae
850 4129 1107 4196 (166116611611111
1139 4129 1363 4218 prohibitionis
1396 4139 1428 4194 61
1448 4126 1642 4194 restituendi

309 4233 420 4298 calicis
443 4256 524 4321 quas
547 4233 622 4299 olim
644 4231 808 4300 adimendi
829 4231 993 4317 habuerit,
1026 4242 1122 4299 6166
1144 4257 1211 4300 666
1231 4234 1335 4319 magis
1366 4253 1384 4297 e
1412 4230 1580 4320 republica
1607 4239 1644 4296 61

307 4336 651 4424 religionisdignitate
674 4345 760 4402 esset
783 4337 899 4424 cuique
922 4337 1095 4403 christiano
1117 4336 1300 4403 libertatem
1313 4336 1455 4423 permitti
1476 4332 1643 4421 usquead

309 4437 504 4506 decisionem
528 4438 654 4506 concilii
676 4440 739 4506 hoc
760 4438 813 4505 vel
834 4438 889 4506 illo
920 4439 1032 4522 modo,
1066 4441 1100 4506 in
1128 4439 1242 4506 eadem
1268 4450 1377 4506 tamen
1410 4437 1562 4519 ecclesia,
1596 4435 1641 4502 ab

309 4543 423 4610 eodem
446 4545 543 4610 etiam
566 4543 734 4609 sacerdote
762 4552 794 4609 et
821 4542 881 4608 sub
910 4543 1025 4608 ecdem
1054 4544 1173 4609 missae
1201 4543 1306 4608 officio
1337 4540 1484 4629 (propter
1510 4561 1640 4606 omnem

310 4649 468 4713 scismatis
492 4648 633 4734 speciem
654 4645 835 4727 vitandam)
858 4645 1006 4711 sumendi
1028 4655 1126 4733 atque
1146 4645 1210 4712 1166
1231 4646 1356 4714 ratione
1385 4645 1565 4710 6661611616
1587 4663 1639 4708 66-

309 4751 425 4817 61611111
448 4773 532 4839 quae
553 4773 640 4816 nunc
662 4749 842 4815 disiunctae
864 4758 898 4814 et
918 4751 952 4814 in
966 4748 1054 4814 mille
1069 4749 1245 4816 formarum
1259 4756 1402 4820 monstra
1417 4750 1537 4814 scissae
1553 4756 1639 4827 sunt,

310 4875 407 4941 quam
430 4853 544 4920 eadem
566 4853 716 4919 libertate
739 4852 891 4939 adempta
913 4873 969 4919 ecs
991 4853 1046 4941 qui
1069 4862 1199 4918 sumant
1219 4862 1399 4939 utramque,
1423 4851 1466 4916 ab
1482 4850 1639 4918 ecclesiae

309 4959 533 5024 communione
555 4957 658 5023 arceri
682 4954 868 5043 eisdemque
888 4955 952 5022 hac
974 4957 1144 5023 occasione
1166 4955 1210 5023 ad
1231 4955 1470 5022 enormissimas
1491 4975 1639 5042 quasque

309 5071 416 5128 sectas
437 5059 629 5149 prolabendi
651 5059 745 5126 frena
765 5058 888 5126 laxare.
