3450 5818
1310 472 1369 546 bil

12 644 13 734 l
151 663 252 750 Quod
277 664 320 731 ad
341 665 487 730 ultimum
509 663 645 750 gradum
668 665 834 734 literarum
854 667 915 734 Mu.
937 665 977 733 V.
1000 664 1033 732 S.
1057 665 1227 748 attinebat,
1255 691 1313 734 nos
1336 692 1373 735 eo

12 819 13 834 ,
68 795 152 860 usque
182 792 247 835 nou
268 771 431 858 progressi
455 791 579 852 sumus,
609 793 648 836 ea
673 769 829 857 imprimis
859 769 900 838 de
923 793 1021 838 eausa
1050 771 1136 859 quod
1165 770 1373 858 sperabamus

11 847 13 916 l
66 897 110 940 nos
134 873 211 938 aliis
239 873 415 939 rationibus
443 895 501 938 seu
522 871 675 959 gradibus
692 923 698 936 .
715 923 747 938 ..
770 885 897 942 nostrae
930 873 1114 941 intentionis
1142 885 1305 962 compotes
1327 875 1372 941 fu·

64 988 156 1062 tirou
189 975 304 1044 deinde
336 979 433 1044 etiam
462 976 549 1064 quod
577 975 765 1042 videbamus
792 999 851 1043 nos
874 977 914 1042 D.
937 977 1062 1064 legatos
1084 979 1118 1041 in
1140 985 1263 1044 tautam
1284 973 1371 1066 post·

11 1107 12 1110 ¹
62 1084 125 1146 nni
149 1079 248 1146 huius
270 1080 391 1168 gradus
413 1080 595 1147 ostensione
610 1079 813 1148 timiditatem
834 1082 964 1148 iniicere
987 1104 1091 1168 posse,
1115 1093 1150 1146 ut
1170 1104 1303 1168 prorsus
1331 1081 1372 1148 de

61 1187 133 1250 omni
172 1207 208 1250 re
235 1183 452 1272 desperarent
487 1191 519 1248 et
546 1183 610 1247 iam
643 1205 740 1249 voces
779 1184 936 1272 quasdam
963 1185 1069 1251 facere
1104 1186 1300 1272 incipiebant
1330 1207 1372 1250 ex

61 1289 168 1377 quibus
192 1289 269 1354 satis
292 1295 403 1374 aperte
425 1281 698 1369 demonstrabant,
722 1310 757 1352 se
779 1309 844 1354 uon
859 1287 892 1352 id
907 1299 1041 1372 tantum,
1065 1288 1122 1354 sed
1137 1289 1260 1354 maiora
1276 1291 1371 1354 etiam

60 1394 224 1480 suspicari3
245 1400 359 1478 postea
380 1389 457 1455 lassi
480 1398 554 1454 sunt
576 1391 673 1455 etiam
695 1391 908 1477 perscriptum
931 1389 973 1456 ad
995 1415 1050 1458 eos
1073 1414 1152 1475 esse,
1176 1392 1252 1458 Mtem
1273 1391 1314 1456 V.
1338 1389 1370 1456 S.

60 1496 140 1560 robis
168 1493 339 1560 mandasse
361 1503 405 1577 ut,
428 1495 455 1558 si
471 1494 718 1559 continuationis
733 1496 928 1559 mentionem
942 1494 1094 1572 facerent,
1118 1518 1175 1560 nos
1190 1519 1255 1562 non
1269 1493 1372 1560 solum
1464 1569 1469 1578 ³

60 1597 239 1686 apubliois
264 1595 388 1662 actibus
418 1595 476 1662 sed
504 1617 634 1682 prorsus
660 1594 736 1662 hine
766 1595 1077 1662 discederemus...
1102 1598 1142 1665 de
1163 1596 1371 1664 translatione

9 1739 10 1784 1
60 1702 181 1768 concilii
194 1723 279 1766 nunc
291 1699 422 1786 quidem
435 1721 541 1786 neque
557 1698 643 1766 Galli
657 1721 763 1787 neque
777 1697 835 1766 ulli
850 1701 978 1766 omnino
1005 1701 1181 1790 quidquam
1196 1701 1306 1768 dieunt
1319 1747 1327 1766 .
1339 1751 1371 1767 ..

8 1815 10 1828 '
150 1805 223 1870 Iam
244 1803 430 1890 dogmatum
456 1804 605 1870 tractatio
627 1825 666 1869 eo
687 1813 837 1868 versatim
864 1813 900 1868 ut
920 1826 1008 1870 nunc
1037 1805 1182 1892 quotidie
1202 1803 1371 1892 theologos

59 1909 89 1974 de
107 1909 177 1975 illis
199 1911 339 1996 quinque
366 1906 517 1972 articulos
542 1903 602 1994 [Le
623 1905 695 1970 Plat
722 1907 752 1990 5,
775 1903 851 1994 202]
881 1907 1096 1995 disceptantes
1127 1907 1371 1975 audiamus...

58 2015 203 2102 quoniam
223 2033 300 2077 vero
324 2033 434 2078 omnes
457 2011 510 2075 isti
531 2008 673 2096 theologi
694 2009 762 2074 lere
783 2009 922 2096 Hispani
946 2020 1020 2076 sunt
1052 2020 1085 2076 et
1105 2033 1213 2078 rerum
1235 2021 1267 2078 et
1289 2012 1372 2078 diffi-

58 2116 206 2182 cultatum
228 2137 311 2202 quae
333 2123 427 2180 extra
447 2112 529 2178 haec
554 2134 655 2198 regna
677 2122 751 2178 sunt
772 2135 887 2200 parum
908 2115 1000 2199 gnari
1021 2123 1054 2178 et
1075 2116 1223 2198 scientes,
1245 2116 1291 2181 ita
1307 2115 1369 2181 dis-

57 2229 165 2306 putant
186 2241 225 2284 ac
247 2219 275 2283 si
296 2240 349 2282 res
369 2219 514 2303 integrae
536 2213 642 2280 adhuc
656 2224 763 2281 essent
780 2225 836 2280 aut
851 2214 960 2282 nullae
982 2225 1038 2280 aut
1052 2217 1189 2303 exiguae
1206 2217 1369 2304 religionis

7 2375 8 2394 2
58 2321 305 2408 perturbationes
330 2320 515 2388 existerent
539 2315 626 2384 solus
649 2317 797 2383 Canisius
818 2317 888 2384 heri
902 2317 999 2384 valde
1014 2320 1057 2384 ad
1071 2321 1272 2407 propositum
1288 2321 1371 2388 dixit

6 2505 8 2520 Ι
57 2437 241 2514 patrumque
263 2425 385 2490 animos
409 2422 451 2488 ad
473 2420 582 2488 caliois
611 2423 853 2488 concessionem
875 2421 1091 2488 inclinatiores
1113 2422 1371 2510 quoddammodo

57 2527 198 2594 reddidit
229 2530 256 2592 si
277 2525 423 2616 episcopi
452 2535 486 2591 et
505 2523 648 2610 theologi
670 2525 765 2610 periti
791 2525 991 2611 negotiorum
1019 2525 1283 2592 Germanicorum
1304 2550 1371 2594 non

7 2639 8 2642 ’
57 2633 210 2716 deessent,
232 2629 334 2696 multa
355 2629 483 2696 efficere
506 2650 691 2716 possemus;
714 2627 870 2693 sednunc
890 2637 958 2694 tota
978 2650 1030 2694 res
1052 2630 1197 2696 consistit
1217 2632 1250 2694 in
1272 2653 1370 2696 manu

56 2736 203 2803 Italorum
224 2745 257 2801 et
277 2733 506 2822 Hispanorum.

151 2837 397 2906 Reformationis
420 2837 572 2922 seriptum
595 2834 659 2900 iam
681 2856 741 2900 uos
763 2834 805 2898 D.
829 2832 943 2920 legatis
959 2847 1289 2923 praesentaveramus,
1312 2839 1368 2926 qui

5 2969 6 2986 ³
58 2968 121 3010 curn
145 2965 204 3010 nos
226 2941 463 3008 obtestarentur
481 2949 519 3004 et
541 2937 773 3004 denunciarent
794 2937 891 3003 etiam
906 2939 1060 3024 gravibus
1074 2941 1182 3008 verbis
1197 2941 1266 3008 tore
1281 2965 1369 3029 mag·

5 3061 6 3076 ³
58 3071 124 3112 narn
147 3048 182 3112 in
203 3043 338 3113 concilio
362 3043 590 3124 confirsionem‚
624 3041 689 3106 imo
711 3043 816 3128 ipsam
839 3064 967 3130 quoque
990 3042 1231 3112 dissolutionem
1251 3067 1370 3132 expec-

57 3151 181 3218 tandam
204 3173 284 3233 ease,
306 3151 519 3236 impetrarunt
540 3168 560 3211 a
580 3145 674 3212 nohis
695 3155 733 3210 ut
753 3146 912 3233 tantisper
925 3148 1214 3234 supersederemus,
1237 3148 1314 3216 dum
1329 3149 1371 3214 de

5 3255 7 3330 ζ
58 3255 103 3320 illo
126 3253 169 3320 ad
191 3235 266 3319 Mu*-
287 3253 328 3317 V.
341 3251 373 3318 S.
396 3253 512 3317 iterum
540 3249 733 3315 referremus
755 3258 803 3330 et,
826 3251 1018 3337 praepositis
1046 3250 1108 3316 illis
1131 3275 1210 3340 quas
1232 3254 1294 3340 ipsi
1316 3252 1373 3318 ad·

5 3379 6 3420 ι
56 3358 196 3424 terebant
209 3353 460 3436 difficultatibus,
475 3362 673 3441 postremam
686 3352 748 3418 Mu.
763 3351 803 3416 V.
820 3351 853 3418 S.
868 3354 1111 3437 responsionem
1126 3366 1158 3424 et
1170 3355 1370 3426 voluntatem

56 3471 303 3549 expectaremus.
325 3481 385 3526 uos
406 3457 484 3524 huic
505 3479 616 3522 eorum
637 3457 784 3542 petitioni
806 3453 914 3521 locum
928 3455 1083 3540 dedimus,
1106 3467 1174 3524 tum
1190 3463 1278 3549 qnod
1296 3487 1368 3532 enm

56 3563 280 3653 tranquillitate
302 3560 430 3629 concilii
452 3561 622 3627 coniuncta
645 3568 740 3640 esset,
771 3566 840 3628 tum
861 3579 938 3625 vero
961 3560 1048 3646 quod
1071 3564 1167 3628 etism
1189 3565 1252 3652 ipsi
1270 3589 1367 3634 unum

57 3691 95 3734 ex
116 3665 177 3734 illis
197 3664 340 3734 articulis
368 3665 424 3752 qui
444 3665 479 3728 in
501 3684 539 3729 eo
562 3661 682 3749 scripto
704 3662 788 3728 inter
808 3663 1001 3750 praecipuos
1024 3676 1218 3752 numeratur,
1248 3693 1283 3736 ss
1305 3671 1369 3740 dis.

57 3771 234 3838 cutiendum
255 3768 478 3859 propositurus
500 3767 733 3854 promisissent,
757 3788 872 3851 nempe
893 3765 934 3833 de
956 3767 1125 3857 utriusque
1147 3774 1267 3858 speciei
1284 3797 1369 3842 eom·

57 3874 208 3958 munione,
224 3872 311 3962 quod
326 3871 404 3958 ipsis
415 3867 608 3952 volentibus,
620 3867 692 3934 aliis
707 3866 886 3934 oratoribus
900 3870 1093 3955 petentibus,
1109 3873 1257 3940 omnibus
1272 3879 1368 3944 etiam

57 3976 310 4064 approbantibus,
332 3998 393 4042 nos
416 3996 544 4064 quoque
567 3971 827 4038 admisimus...

183 4168 234 4220 Am
253 4167 285 4217 10
302 4164 367 4216 Juni
392 4180 447 4215 war
464 4164 511 4216 der
527 4161 685 4215 Errbischol
699 4179 752 4216 von
769 4162 840 4228 Prag
862 4178 916 4214 ron
938 4163 1029 4215 Trient
1049 4164 1259 4231 anlgabroeheu,
1279 4183 1323 4222 um
1340 4172 1368 4224 in

123 4252 194 4305 wien
212 4269 246 4304 ru
262 4253 406 4320 resigniren
423 4251 478 4302 und
495 4253 522 4301 in
540 4251 610 4317 Prag
634 4248 677 4300 die
694 4265 762 4299 neue
780 4248 879 4299 thrde
897 4254 1056 4299 manassen.
1091 4250 1135 4302 Da
1152 4267 1181 4301 er
1198 4253 1257 4303 dem
1275 4256 1370 4309 Kaisar

124 4339 251 4392 mtndlich
267 4339 405 4391 herichten
422 4336 529 4399 konnts,
547 4335 639 4387 hatten
656 4334 714 4385 sich
732 4335 774 4384 die
786 4333 916 4386 Oratoren
932 4336 959 4385 in
970 4336 1042 4386 einer
1053 4336 1192 4402 Depeschc
1204 4353 1264 4389 vorn
1277 4343 1293 4391 9
1305 4343 1370 4394 Juni

124 4427 177 4478 sehr
190 4425 256 4478 lrnrr
274 4427 375 4494 geiasst
390 4425 446 4476 und
462 4423 515 4475 last
533 4424 630 4475 ehenso
648 4421 788 4474 verluhren
805 4424 844 4473 sis
860 4421 930 4473 noch
949 4435 991 4472 am
1011 4426 1050 4474 16.
1069 4420 1108 4474 Ζιι
1127 4423 1177 4476 den
1189 4425 1291 4493 Klagen
1303 4429 1370 4480 dhar

125 4511 167 4563 das
182 4511 384 4580 erugswicut
401 4511 448 4563 der
459 4511 583 4564 ltdiener
600 4509 655 4560 und
673 4508 782 4575 Spanisr
799 4508 851 4576 egl.
870 4509 909 4559 Le
927 4509 987 4559 Plat
1004 4511 1028 4574 t,
1047 4512 1106 4561 204.
1128 4513 1187 4561 212.
1206 4513 1281 4564 Nach
1293 4513 1369 4581 Sarpl

124 4599 169 4650 498
179 4600 232 4651 und
240 4599 397 4652 Pallavieini
414 4601 439 4662 a,
456 4599 507 4648 360
519 4595 630 4662 erlolgte
641 4593 684 4644 die
695 4593 911 4661 Ueberrelchung
930 4593 976 4644 des
984 4594 1264 4650 Reformatioosliballs
1276 4613 1311 4652 aa
1325 4597 1369 4652 die

126 4682 234 4752 laegateu
251 4701 295 4740 am
312 4688 328 4736 'l
345 4685 417 4738 tunt
447 4683 498 4744 Die
516 4680 739 4748 Verhandlungen
755 4679 822 4732 tther
839 4679 885 4732 das
903 4679 991 4731 Libell
1008 4681 1130 4745 gedenke
1148 4681 1191 4734 ich
1209 4685 1245 4736 im
1263 4685 1369 4738 Zusam·
1384 4742 1397 4768 ·

127 4771 248 4840 manhang
265 4769 441 4823 damastelleu
458 4771 494 4820 im
511 4767 609 4820 Archiv
626 4765 667 4817 tur
685 4771 734 4818 ost.
749 4765 909 4819 Geschichte
927 4763 1002 4817 Band
1020 4769 1062 4818 tt.

604 4943 806 4958 mn·-
