3450 5818
1326 449 1387 516 88⁷

147 645 285 698 hcultstes.
302 657 369 710 quus
386 642 505 694 sisidsm
519 647 545 694 et
557 642 678 694 omuibus
686 642 746 694 uiis
758 641 873 704 sbsmlit,
893 641 920 692 id
933 643 972 694 ult
983 641 1078 692 iecisse
1090 655 1119 690 ss
1131 639 1256 692 mouitsm
1268 653 1286 688 e
1296 637 1390 704 legetis

146 733 184 800 qui
194 733 220 784 iu
232 729 344 785 coudlio
354 734 423 794 suut,
440 729 535 796 quibus
547 726 694 796 exemplum
703 727 837 780 liternum
847 724 902 780 Ψ·
919 729 950 783 V.
963 729 1051 792 mittit,
1062 732 1092 780 ut
1104 727 1264 788 demenehut
1274 724 1344 780 Mne
1357 724 1389 775 V.

145 817 169 868 id
183 823 271 884 petere
289 821 317 868 et
334 817 363 868 in
374 815 484 886 gretiam
503 814 620 866 eiusdem
637 813 778 866 facultates
795 813 900 867 Delfino
918 815 1028 882 restitui,
1045 813 1080 866 sd
1098 828 1175 882 quem
1191 812 1256 864 dicit
1273 827 1302 864 se
1313 828 1393 880 super

144 901 189 955 hoo
203 902 293 955 literas
311 903 439 954 daturum.

628 1079 830 1092 uuo—m

606 1311 861 1400 CLXXXII.

449 1529 678 1608 Drsskovics
704 1552 750 1608 sn
779 1529 852 1608 den
881 1529 1028 1622 Kaleon

538 1685 668 1750 Vrleut,
686 1687 725 1738 28
742 1685 821 1738 Joni
840 1687 930 1741 1562.

390 1865 567 1924 ammom.
592 1863 737 1938 Originulr
767 1864 797 1920 iu
819 1869 909 1936 torpor
931 1867 972 1922 29
993 1865 1074 1922 Just.

176 1995 401 2084 Expectabam
422 1993 499 2060 dum
520 1993 563 2059 D.
586 1993 813 2082 Sigismundus
835 2018 855 2060 s
876 1993 993 2060 Thunn
1007 2003 1231 2079 reverteretur,
1255 1996 1310 2082 qui
1328 2017 1394 2060 non

89 2099 154 2164 estis
174 2099 266 2165 firme
287 2095 474 2165 valetudine
496 2119 570 2164 cum
592 2107 687 2182 esset,
715 2097 804 2165 hisce
826 2098 942 2164 diebus
963 2097 1109 2164 mutendi
1131 2098 1217 2163 ueris
1239 2118 1339 2164 muse
1359 2098 1394 2164 in

89 2224 136 2268 sus
156 2201 241 2270 bone
262 2202 465 2284 discesserat,
488 2199 546 2266 sed
568 2203 721 2290 quonism
741 2200 886 2268 nondum
908 2200 1001 2267 adest
1023 2212 1056 2267 et
1075 2210 1170 2289 poste
1191 2199 1300 2266 literus
1322 2199 1394 2266 soli·

88 2305 167 2390 citet,
193 2305 248 2374 illo
278 2305 412 2372 absente
440 2326 501 2390 ego
527 2303 579 2370 Mu
605 2303 646 2370 V.
669 2303 701 2370 S.
729 2307 843 2394 paucis
873 2327 956 2394 quse
988 2304 1041 2370 hic
1069 2312 1208 2392 aguntur
1230 2301 1395 2368 humilime

87 2409 257 2496 significare
278 2407 376 2475 volui.
398 2405 489 2474 hisce
512 2405 627 2474 diebus
651 2407 849 2496 disputatum
872 2416 922 2474 est
943 2409 1021 2473 setis
1044 2409 1173 2496 copiose
1190 2415 1222 2472 et
1236 2404 1396 2475 subtiliter

22 2583 24 2610 ι
87 2511 273 2599 stheulogis
302 2511 343 2577 de
364 2509 509 2578 articulis
534 2509 726 2598 propositis,
755 2520 788 2579 et
813 2510 910 2578 hodie
938 2508 1068 2577 undem
1097 2532 1209 2577 eorum
1236 2509 1396 2577 discussio

87 2615 171 2681 inem
191 2614 314 2680 hebuit
337 2613 426 2682 volui
449 2623 557 2680 sutem
578 2613 630 2680 Mt
650 2615 691 2680 V.
714 2613 747 2680 S.
770 2637 881 2681 eorum
897 2616 952 2702 qui
968 2613 1120 2680 dixerunt
1136 2614 1269 2680 nomine
1282 2623 1315 2682 et
1329 2636 1398 2680 een·

89 2723 193 2786 eneas
219 2719 399 2806 descriptus
426 2717 568 2798 mittere,
596 2727 633 2784 ut
658 2717 727 2783 hl*
756 2717 796 2784 V.
826 2717 859 2784 S.
892 2716 1072 2804 intelligere
1100 2727 1211 2806 posset
1243 2718 1276 2782 in
1299 2739 1396 2805 quum

21 2887 22 2912 Ξ
88 2833 204 2910 purtem
221 2820 363 2909 theologi
389 2821 543 2909 propensi
566 2821 639 2886 sint.
670 2820 749 2908 quid
776 2829 883 2886 eutem
905 2821 1046 2886 fusurum
1069 2822 1124 2904 sit,
1153 2819 1296 2885 nondum
1319 2841 1396 2885 sene

21 2919 23 3010 l
88 2935 216 2996 stetuere
236 2947 418 3017 possumus.
448 2923 543 2990 video
572 2923 701 3014 quidem
723 2933 852 3012 petrum
880 2926 1005 2992 animos
1027 2947 1146 3012 magns
1175 2931 1329 3012 experte
1357 2945 1395 2990 eo

21 3029 22 3042 ¹
87 3030 295 3118 propendere,
323 3037 359 3095 ut
381 3025 625 3096 concedendum
646 3037 760 3116 putent
782 3027 892 3096 culicis
915 3051 1024 3114 usum,
1047 3028 1106 3096 sed
1127 3049 1242 3096 vereor
1262 3049 1302 3093 ne
1325 3029 1396 3115 quis

21 3169 23 3272 q
88 3133 201 3201 euseb
231 3132 293 3200 huc
321 3131 480 3200 sentemis
506 3129 655 3196 deducet
690 3130 797 3197 nullus
825 3132 894 3234 fere
920 3131 1159 3219 theologorum,
1188 3154 1230 3198 ex
1250 3129 1396 3218 patribus

87 3238 263 3323 paucissimi
286 3243 361 3302 sunt
389 3235 444 3323 qui
465 3256 638 3321 regnorum
660 3234 722 3300 Mo.
743 3233 783 3299 V.
806 3231 840 3300 S.
864 3233 1004 3322 aliquem
1026 3255 1120 3300 usum
1141 3233 1297 3316 habeant,
1323 3255 1396 3322 pro·

21 3363 23 3458 q
86 3347 187 3428 pterea
209 3341 315 3406 omnis
337 3347 411 3404 sunt
433 3337 615 3404 difficiliore
636 3345 669 3403 et
691 3337 823 3403 obtentu
849 3359 914 3403 uon
936 3338 982 3402 ite
1004 3336 1177 3426 expeditu.
1193 3386 1225 3402 ..

21 3469 22 3472 ¹
176 3443 352 3510 Decretum
374 3441 472 3508 etism
494 3439 657 3531 quoddam
679 3441 757 3506 setis
780 3438 886 3506 debile
902 3438 1094 3506 enonnullis
1111 3442 1292 3508 confectum
1306 3439 1396 3508 hisce

21 3569 23 3614 r
88 3546 192 3614 diebus
214 3545 256 3614 sd
278 3567 329 3612 me
351 3543 533 3612 clanculum
556 3543 696 3610 deletum
719 3553 777 3622 est,
800 3553 836 3610 ut
858 3545 961 3632 siege
977 3545 1155 3624 assentirer,
1178 3546 1313 3612 Remum
1328 3547 1397 3612 mit

21 3659 22 3696 t
87 3659 197 3716 teretur
218 3659 251 3716 et
271 3647 359 3716 illinc
386 3647 451 3714 huc
472 3647 697 3714 transmissum
717 3645 865 3735 patribus
887 3657 1129 3736 proponeretur,
1157 3657 1194 3714 ut
1214 3646 1276 3714 hoo
1298 3647 1397 3715 veluti

87 3753 273 3840 praeiudicio
300 3749 430 3818 sdducti
450 3761 558 3838 putres
581 3749 828 3818 subscriberent
857 3749 1040 3840 quodcum
1063 3772 1124 3839 ego
1147 3751 1179 3819 S.
1203 3751 1327 3840 synodo
1350 3752 1396 3818 in·

88 3855 208 3946 dignum
229 3878 336 3946 neque
357 3878 464 3922 rerum
485 3864 518 3920 et
531 3863 712 3944 temporum
732 3856 848 3922 rationi
864 3855 1110 3922 accomodatum
1126 3877 1196 3922 esse
1211 3855 1397 3940 iudicarem,

88 3983 207 4046 prorsus
228 3963 325 4030 reieci
346 3981 452 4049 neque
473 3957 539 4025 ullo
561 3966 656 4048 pecto
669 3959 850 4048 approbare
872 3961 974 4046 potui.
986 3959 1076 4048 regis
1093 3961 1177 4025 enim
1200 3967 1232 4026 et
1242 3968 1332 4026 recte
1343 3961 1398 4026 vie

88 4063 293 4133 incedendum
314 4087 385 4132 esse
407 4062 545 4130 arbitror
565 4085 671 4150 neque
693 4061 743 4129 his
766 4061 910 4132 subdolis
933 4073 965 4130 et
978 4061 1260 4150 humsnoiugenio
1275 4073 1307 4131 et
1321 4086 1396 4151 pru·

89 4165 202 4236 dentice
222 4168 399 4236 nitentibus
423 4168 574 4256 practicis
597 4163 739 4234 dandum
767 4189 838 4234 esse
865 4166 973 4234 locum
995 4189 1110 4234 censeo
1137 4167 1172 4232 in
1192 4165 1290 4234 rebus
1313 4169 1395 4233 tenti

89 4275 231 4340 momenti
260 4293 345 4360 quse
376 4279 425 4336 tot
445 4269 625 4336 enimsrum
657 4269 793 4336 sulutem
824 4272 1029 4336 concernunt
1063 4268 1159 4336 sudio
1192 4291 1243 4337 me
1274 4270 1397 4339 Romue

89 4373 193 4441 iterum
214 4375 303 4465 opud
324 4373 401 4442 δ”·
423 4371 466 4438 D.
489 4371 530 4438 N.
554 4371 695 4438 deletum
718 4393 788 4438 esse
810 4371 873 4439 hoc
893 4374 1032 4455 nomine,
1055 4373 1143 4462 quod
1165 4395 1225 4462 ego
1240 4374 1398 4442 unushoc

89 4481 246 4565 negocium
262 4477 426 4546 solicitem.
449 4485 647 4566 quapropter
659 4475 824 4543 humilime
837 4476 913 4541 M*
936 4475 975 4540 V.
992 4475 1025 4542 S.
1049 4475 1254 4565 supplicent,
1277 4477 1398 4566 siquid

89 4579 192 4648 iterum
215 4581 254 4649 de
276 4605 328 4648 me
352 4581 504 4671 scriptum
526 4579 632 4662 fuerit,
655 4580 722 4646 ΜΝ
745 4580 785 4646 V.
803 4579 834 4646 S.
857 4579 937 4646 nihil
959 4580 1000 4645 de
1020 4603 1073 4646 me
1090 4581 1221 4648 credere
1237 4581 1396 4669 dignetur,

91 4692 121 4748 ut
138 4683 288 4752 haetenus
311 4684 484 4753 clementer
504 4683 590 4764 fecit,
614 4682 701 4772 quod
720 4685 873 4771 epietste
889 4693 921 4750 st
936 4683 1130 4750 christianae
1144 4684 1308 4772 religionis
1323 4707 1398 4752 con·

91 4789 258 4856 servmdee
280 4797 313 4857 et
332 4787 565 4878 propagandus
592 4786 699 4854 studio
721 4783 861 4854 ebenum
883 4809 954 4855 esse
975 4785 1134 4855 videatur.

180 4893 288 4960 Audio
311 4892 347 4960 O.
369 4891 581 4958 Mentusnum
602 4899 651 4958 tot
671 4893 736 4957 ium
759 4891 902 4958 occultus
923 4892 1086 4980 practices
1108 4891 1325 4959 fastidientem
1342 4889 1398 4958 ho·

92 5005 173 5063 nesto
194 4996 302 5086 ulique
324 4993 419 5063 modo
441 4993 482 5062 de
504 4993 649 5062 discessu
672 4995 823 5082 cogitare.
847 4996 1012 5084 scripsisse
1034 4996 1135 5062 fertur
1149 4994 1193 5061 ed
1209 4992 1286 5061 8¹¹¹·
1300 4993 1342 5062 D.
1357 4993 1396 5061 ll.
