3512 5838
1405 518 1467 582 ut

147 707 306 773 lamento
329 729 395 792 suo,
419 719 450 775 et
473 709 521 774 ch’
535 721 697 784 evertesse
720 710 788 792 ebe,
812 731 877 774 non
898 708 1118 796 espettsndosi
1140 711 1298 797 risposts,
1325 689 1468 764 116110·

150 810 181 876 di
203 812 298 877 Luna
320 834 361 876 ne
384 815 393 877 i
416 813 532 900 prelati
554 815 586 877 di
609 812 741 899 Spogns
764 823 795 878 et
817 813 958 878 Fiandra
981 823 1012 878 st
1034 813 1121 878 molti
1137 812 1278 878 ‘d'Itslia
1291 828 1353 878 non
1370 823 1466 868 ⁰1⁸110

150 937 209 1001 per
230 917 423 980 introvenire
445 917 509 980 alia
532 919 680 982 sessione.
704 916 726 979 il
750 915 911 980 cardinale
932 916 1056 1002 rispose
1085 915 1142 980 che
1166 917 1192 979 si
1216 915 1341 980 deveva
1366 911 1465 976 ricor-

149 1019 234 1098 dare‚
258 1017 316 1082 ohe
339 1018 464 1084 haveve
486 1019 572 1085 detto
596 1019 625 1083 sl
648 1042 743 1107 papa,
767 1041 801 1084 se
823 1020 958 1084 havesse
979 1019 1089 1084 voluto
1111 1019 1202 1084 finire
1225 1018 1255 1082 el
1278 1013 1413 1083 coneilio
1436 1010 1466 1076 el

149 1121 261 1207 giorno
285 1130 447 1208 segnente,
472 1121 519 1186 ch'
527 1120 549 1186 il
571 1145 606 1187 re
629 1143 686 1188 suo
709 1123 739 1185 n’
752 1145 808 1186 era
831 1132 987 1188 contento.
1011 1121 1131 1208 replico
1148 1121 1166 1184 l’
1177 1120 1372 1185 inboscietor
1386 1118 1434 1184 ch'
1445 1118 1465 1180 il

148 1249 181 1290 re
204 1247 259 1290 ero
282 1235 430 1290 contento
454 1226 481 1288 si
502 1225 620 1308 finisse,
643 1249 696 1289 ma
718 1247 782 1291 non
805 1226 832 1290 si
854 1227 1072 1312 precipitesse.
1101 1223 1132 1290 cl
1161 1224 1219 1290 che
1248 1224 1332 1288 disse
1354 1222 1376 1286 il
1399 1244 1466 1286 car-

148 1327 254 1393 dinale
277 1328 336 1393 che
359 1351 423 1393 non
446 1329 473 1392 si
496 1329 762 1414 precipiterebbe,
785 1329 902 1414 perche
932 1330 1051 1392 sicome
1081 1329 1115 1392 in
1137 1327 1217 1392 altre
1238 1326 1371 1392 materie
1392 1325 1465 1389 tutti

147 1431 169 1495 li
190 1431 307 1519 prelati
329 1433 353 1496 s’
369 1455 467 1497 erano
491 1434 667 1497 eontentsti
690 1433 855 1498 essendoci
878 1432 999 1497 dubbio
1023 1431 1082 1497 che
1105 1431 1137 1496 lo
1159 1453 1235 1496 cosa
1258 1432 1284 1494 si
1300 1431 1464 1494 rirnetesse

146 1533 177 1600 nl
198 1557 293 1622 pepe,
318 1537 385 1600 cosi
408 1536 536 1621 qnando
558 1534 610 1600 nel
632 1544 774 1600 restante
797 1538 823 1600 si
846 1537 971 1601 facesse
993 1535 1016 1599 il
1037 1535 1227 1610 medesimo,
1258 1535 1280 1598 il
1303 1555 1338 1596 re
1367 1541 1399 1596 et
1420 1529 1465 1615 gli

144 1636 260 1724 prelati
283 1636 460 1724 Spagnuoli
483 1661 517 1702 se
539 1660 581 1703 ne
604 1638 771 1704 doverano
795 1649 988 1720 contentere,
1013 1638 1235 1704 concludendo
1268 1635 1317 1701 eh'
1330 1632 1464 1700 essendo

147 1742 177 1806 el
201 1741 335 1808 concilio
358 1752 533 1828 governsto
558 1741 611 1806 dal
634 1744 743 1828 spirito
767 1751 867 1824 sento,
890 1741 1068 1828 bisognsva
1090 1741 1224 1806 lascisre
1237 1741 1305 1805 fare
1320 1738 1363 1804 od
1383 1757 1464 1802 esso.

251 1845 513 1911 L'inbsseiatore
535 1869 599 1912 non
622 1846 771 1911 havendo
794 1857 905 1932 potuto
929 1857 1052 1912 ottener
1074 1847 1130 1932 piu
1152 1845 1184 1910 di
1207 1853 1336 1932 questo,
1367 1863 1401 1906 se
1424 1862 1464 1904 ne

147 1950 267 2014 ritorno
291 1963 323 2012 et
345 1948 407 2013 elle
433 1951 471 2014 12
494 1950 571 2014 hore
605 1950 638 2014 di
661 1961 748 2016 notte
776 1950 867 2037 spedi
894 1950 918 2013 il
940 1949 1114 2015 medesimo
1138 1951 1274 2014 corriere
1308 1947 1463 2026 elocuto,

144 2051 332 2116 evisandolo
356 2051 387 2114 di
411 2063 531 2138 quanto
553 2051 680 2116 havera
701 2055 867 2138 regionato
892 2053 940 2118 col
964 2052 999 2117 O.
1025 2052 1209 2116 Borromeo.
1238 2053 1265 2115 si
1287 2051 1381 2114 stirne
1403 2049 1462 2114 che

142 2155 175 2219 la
197 2155 338 2219 sessione
361 2153 386 2216 s‘
399 2154 496 2219 hebbi
520 2155 560 2219 da
581 2156 649 2220 fare
672 2155 727 2220 alli
750 2157 778 2237 9,
802 2154 849 2222 sel
872 2157 1008 2222 eorriere
1031 2155 1091 2221 che
1114 2156 1148 2219 fu
1171 2155 1295 2242 spedito
1311 2175 1408 2239 sopra
1431 2151 1462 2216 le

143 2258 287 2323 marotia
310 2257 354 2323 dil
377 2281 463 2344 papa
483 2279 547 2324 non
570 2259 602 2324 la
623 2260 657 2324 fa
679 2258 817 2325 differire
832 2309 838 2322 .
856 2309 889 2324 ..

277 2447 433 2514 Spanischer
451 2448 546 2499 Orator
564 2450 590 2498 in
610 2449 675 2498 Rom
693 2464 746 2498 war
765 2448 865 2498 damals
884 2446 914 2498 L.
934 2448 967 2497 de
985 2448 1136 2513 Requesens
1153 2446 1207 2497 und
1225 2447 1306 2512 nicht,
1325 2448 1373 2498 wie
1391 2445 1457 2498 Pell.

213 2537 277 2584 1001
304 2535 419 2600 sngiebt,
447 2535 555 2602 Vargas.
583 2535 678 2586 Dieser
705 2535 832 2586 berichtet
850 2551 891 2584 arn
913 2537 942 2584 13
961 2536 1027 2584 Dec.
1051 2550 1103 2584 von
1127 2535 1220 2585 Genua
1244 2549 1291 2584 aus
1317 2533 1462 2600 (Dollinger

215 2619 324 2687 1,539).
343 2621 443 2670 -Am
464 2625 493 2671 11
513 2620 628 2671 schreibt
646 2623 727 2672 Arre:
752 2621 870 2670 l'ultima
893 2622 1010 2670 sessione
1034 2621 1068 2670 hs
1090 2621 1362 2671 straordinsriamente
1386 2619 1461 2668 relle-

215 2712 288 2772 grato
316 2712 384 2757 tutta
401 2707 498 2770 Remo,
527 2707 622 2774 perche
651 2725 700 2758 con
730 2712 822 2773 queste
850 2709 895 2757 s'e
913 2705 984 2758 finito
1004 2705 1028 2756 el
1047 2708 1169 2758 coneilio.
1198 2707 1245 2756 Am
1266 2707 1297 2756 18
1315 2705 1415 2756 erzthlt
1433 2721 1460 2754 er

211 2792 271 2842 dass
290 2792 335 2842 der
353 2793 434 2858 Pepst
453 2795 478 2842 in
498 2793 543 2842 der
567 2793 761 2860 Congregation
784 2807 843 2842 vom
869 2796 900 2843 12
925 2793 1017 2860 (Rayn.
1036 2793 1079 2843 Νι.
1097 2795 1161 2856 2223
1185 2793 1233 2858 Ep.
1257 2793 1321 2858 Peg.
1347 2795 1371 2854 3,
1389 2793 1459 2855 312),

210 2878 361 2928 Ferdinnnd
380 2879 433 2930 und
451 2879 613 2932 Maximilien
632 2895 736 2946 grosses
755 2881 811 2931 Lob
831 2880 964 2945 spondete.

699 3127 901 3136 -—-——-—

660 3357 929 3448 CCXCVIII.
995 3435 1000 3454 .

437 3596 515 3669 Der
542 3595 674 3670 Keiser
699 3616 745 3670 en
774 3598 848 3671 den
876 3597 1016 3672 Gruter
1046 3599 1163 3692 tunm

577 3767 685 3833 Wien,
704 3770 721 3818 4
738 3769 923 3820 December
943 3772 1031 3819 1563.

635 3947 813 4003 Ooocitocten.
840 3949 961 4021 Concept.

241 4125 361 4190 Retulit
382 4127 476 4192 nobis
491 4178 498 4191 .
516 4177 546 4192 ..
570 4129 730 4215 Georgius
754 4129 978 4217 sigismundus
1001 4130 1078 4196 Seld
1101 4155 1120 4196 a
1142 4133 1365 4198 secretioribus
1384 4155 1456 4199 eon-

141 4227 218 4293 siliis
242 4233 367 4315 nostris,
391 4253 425 4295 se
447 4233 602 4317 proximis
627 4231 740 4297 diebus
762 4233 871 4298 literas
893 4258 913 4299 a
935 4233 1027 4300 vobis
1050 4237 1212 4322 occepisse
1236 4237 1352 4323 quibus
1374 4241 1458 4307 inter

139 4331 203 4396 slis
223 4333 284 4420 ipsi
308 4333 504 4400 confidenter
526 4337 752 4421 exposueritis,
789 4337 874 4424 quod
904 4337 998 4403 isthic
1027 4341 1132 4403 visum
1162 4341 1203 4404 sit
1224 4339 1319 4406 valde
1341 4343 1454 4408 mirum
1555 4409 1557 4414 ,

139 4436 236 4523 quod,
273 4461 345 4503 cum
378 4461 436 4503 nos
465 4439 601 4505 antehac
629 4451 717 4506 tanto
748 4443 852 4508 studio
876 4445 1129 4528 promoverimus
1164 4444 1307 4510 debiturn
1329 4448 1455 4512 concilii

138 4561 351 4625 progressum,
374 4563 460 4608 nunc
481 4546 648 4630 repentine
665 4547 844 4611 *mutatione
866 4547 952 4611 faeta
975 4557 1116 4613 oratores
1137 4548 1237 4614 nostri
1260 4571 1341 4636 quos
1363 4549 1457 4615 isthic

140 4641 295 4708 hebernus
330 4645 489 4711 diversum
522 4647 616 4734 plane
638 4649 785 4713 monibus
818 4649 1019 4738 pedibusque
1041 4649 1229 4734 moliuntur,
1253 4655 1339 4717 omni
1361 4653 1394 4716 in
1417 4675 1454 4720 eo

139 4755 256 4810 conatu
279 4747 481 4814 elaborantes
504 4759 539 4814 ut
562 4751 730 4816 concilium
753 4752 838 4818 illico
860 4753 1002 4830 finietur,
1032 4755 1113 4819 adeo
1141 4765 1176 4818 ut
1206 4758 1300 4821 etism
1324 4755 1389 4819 Bm.
1419 4755 1453 4822 C.

139 4849 254 4935 legatis
278 4851 397 4916 dixisse
429 4853 657 4938 perhibeantur
680 4879 713 4921 se
736 4860 851 4940 vereri,
875 4859 901 4920 si
924 4860 956 4920 in
978 4861 1125 4945 proxime
1148 4862 1290 4924 sessione
1318 4860 1454 4926 coneilio

138 4975 203 5018 non
224 4953 407 5041 imponetur
429 4957 515 5035 finis,
544 4981 583 5023 ne
607 4959 691 5024 illico
713 4983 772 5046 per
794 4983 851 5026 nos
873 4961 988 5026 isthinc
1011 4973 1216 5048 revocentur,
1251 4985 1323 5028 curn
1347 4974 1453 5028 tsmmr

139 5055 234 5124 iidem
259 5056 312 5122 R¹¹¹¹
334 5057 432 5146 legati
455 5059 656 5130 ostenderent
678 5063 746 5130 fieri
768 5062 855 5130 nullo
878 5064 973 5132 modo
1003 5088 1098 5152 posse
1127 5067 1160 5134 in
1189 5079 1255 5136 tam
1277 5091 1453 5157 paucorum
