3512 5838
98 685 241 765 terasqus
263 677 419 760 nationes,
443 673 531 762 quod
554 675 581 739 si
602 681 681 738 tunc
707 692 766 738 ros
789 693 828 737 ac
855 671 993 759 praelati
1015 670 1156 758 Hispani
1184 689 1261 736 cnm
1284 669 1416 736 oratori·

96 779 151 846 bus
173 780 289 845 nostris
312 778 482 846 dumtaxat
503 778 548 844 ibi
570 778 743 865 persistere
764 773 907 852 velletis,
935 797 1041 840 noune
1071 775 1190 860 putatis
1212 771 1247 838 id
1269 773 1340 840 aliis
1360 795 1416 839 na-

97 883 232 950 tionibus
253 883 359 949 risum
380 884 419 948 iri
440 880 635 947 ridiculum?
656 881 689 945 in
712 901 750 946 eo
772 901 850 946 vero
873 879 961 967 quod
983 878 1148 946 consulitis
1172 879 1285 946 saltem
1307 900 1347 944 eo
1367 899 1416 942 re·

95 986 220 1053 formari
244 1009 326 1074 quae
347 986 410 1052 hoc
432 993 576 1072 tempore
607 985 785 1049 maximum
814 983 971 1071 praebent
998 982 1204 1067 scandalum,
1240 981 1417 1048 sententiae

95 1100 217 1156 vestrae
241 1088 483 1173 subscribimus,
508 1098 540 1153 et
562 1088 715 1175 quoniam
736 1086 830 1153 nobis
845 1086 981 1153 relatum
996 1095 1047 1152 est
1062 1087 1102 1151 de
1115 1086 1311 1152 eiuscemodi
1326 1107 1417 1153 scan-

95 1193 171 1258 dalis
193 1191 344 1260 tollendis
376 1214 463 1258 nunc
484 1190 687 1278 potissimum
710 1191 856 1273 tractari,
897 1190 1091 1255 arbitramur
1119 1189 1213 1256 nobis
1244 1200 1417 1277 expectan-

94 1295 166 1362 dum
187 1297 257 1380 fore
281 1297 412 1384 quinam
440 1294 510 1360 eius
532 1301 689 1359 tractatus
711 1293 785 1357 finis
807 1294 876 1358 erit.
906 1303 940 1358 at
961 1291 1041 1358 illud
1063 1301 1112 1358 est
1139 1292 1235 1380 longe
1264 1289 1416 1358 difficilli-

94 1421 177 1465 mum
200 1399 289 1487 quod
310 1398 456 1483 monetis,
481 1395 688 1484 cogitandum
711 1417 782 1461 esse
813 1395 854 1461 de
881 1395 978 1462 modo
1010 1416 1072 1483 quo
1101 1395 1346 1484 procedendum
1376 1398 1418 1464 sit

93 1514 201 1569 contra
222 1503 412 1587 haereticos,
436 1503 605 1588 magisque
626 1501 766 1588 pertinet
794 1499 837 1565 ad
866 1499 1074 1565 excitandum
1103 1501 1269 1586 graviores
1299 1501 1415 1567 turbas

92 1613 121 1672 et
142 1606 185 1672 ad
207 1605 455 1694 opprimandum
477 1603 630 1692 reliquias
645 1624 730 1690 quae
746 1611 918 1690 supersunt
934 1603 1111 1668 catholicae
1126 1602 1301 1688 religionis,
1317 1625 1416 1691 quam

92 1707 130 1774 ad
152 1708 299 1774 eiusdem
322 1707 499 1775 catholicae
521 1707 686 1793 religionis
709 1715 919 1792 augmentum
941 1715 973 1772 et
994 1704 1145 1793 publicae
1168 1707 1257 1793 pacis
1281 1717 1313 1773 et
1328 1717 1413 1773 tran·

41 1824 44 1836 ¹
92 1812 255 1902 quillitatis
278 1812 566 1893 conservationem,
591 1811 667 1897 quia
689 1807 896 1873 hauddubie
919 1829 1064 1875 summus
1086 1808 1234 1896 pontifex
1257 1819 1290 1876 et
1312 1811 1415 1877 cardi·

90 1914 176 1983 nales
198 1936 364 1984 recurrere
385 1914 497 1982 volent
519 1913 561 1979 ad
582 1915 669 1979 viam
691 1913 817 1978 brachii
839 1912 1025 1992 saecularis,
1048 1935 1133 2001 quae
1154 1915 1237 1980 ratio
1263 1915 1415 2003 quemad·

91 2021 220 2086 modum
243 2030 292 2086 est
312 2021 376 2088 hoc
396 2028 541 2108 tempore
564 2017 770 2101 alienissima,
793 2019 839 2084 ita
860 2015 1031 2084 nosnullo
1053 2017 1148 2084 modo
1172 2041 1344 2106 possumus
1359 2041 1414 2086 ue-

91 2146 150 2211 que
171 2123 323 2191 volumus
346 2146 419 2190 eam
441 2121 592 2209 amplecti
614 2129 747 2209 propter
776 2119 866 2210 leges
896 2120 1079 2210 imperiales
1108 2130 1141 2188 et
1170 2124 1414 2190 constitutiones

88 2230 178 2313 pacis
200 2227 353 2315 publicae
385 2236 452 2292 tam
474 2225 638 2311 religionis
662 2247 762 2292 causa
784 2246 882 2312 quam
904 2225 992 2290 circa
1013 2225 1184 2312 profanum
1217 2235 1315 2314 utque
1336 2236 1414 2292 tem·

89 2329 233 2416 poralem
256 2339 375 2396 statum
396 2332 505 2414 initae,
529 2351 688 2414 quam...
711 2349 771 2395 nos
793 2339 978 2395 servaturos
1000 2329 1201 2396 sanctissime
1225 2333 1414 2418 recepimus.

88 2455 169 2519 qnae
193 2431 366 2500 difficultas
389 2433 514 2499 etiamsi
536 2454 602 2498 non
624 2432 777 2516 obstaret,
800 2441 909 2497 tamen
936 2431 1246 2519 periculosissimum
1267 2433 1350 2500 foret
1372 2433 1414 2499 de

87 2535 203 2602 talibus
225 2537 322 2602 robus
344 2539 377 2603 in
402 2533 537 2602 concilio
560 2536 711 2614 tractari,
740 2557 847 2624 neque
876 2537 960 2601 enim
987 2538 1129 2601 animum
1157 2535 1311 2602 inducere
1338 2560 1413 2624 pos·

88 2661 193 2706 sumus
216 2651 253 2704 ut
275 2637 443 2707 credamus
467 2638 623 2705 eiusmodi
651 2647 809 2705 tractatus
837 2641 870 2704 in
899 2647 989 2706 tonte
1016 2638 1220 2706 multitudine
1248 2639 1415 2708 hominum

88 2743 278 2830 quibuscum
307 2745 361 2830 agi
389 2751 552 2830 oporteret
580 2764 683 2829 usque
711 2741 754 2806 ad
782 2751 911 2832 tempus
944 2745 1144 2810 executionis
1173 2743 1272 2812 celari
1300 2768 1406 2832 posse,

87 2867 196 2912 verum
220 2846 307 2934 qnod
330 2845 472 2933 alioquin
495 2846 610 2910 attinet
636 2844 680 2910 ad
701 2846 928 2912 executionem
950 2867 1060 2911 eorum
1083 2869 1167 2933 quae
1189 2849 1223 2912 in
1244 2850 1306 2916 isto
1330 2873 1413 2918 con-

87 2949 155 3016 cilio
179 2950 392 3017 determinata
415 2959 490 3014 sunt
511 2948 565 3015 vel
586 2947 723 3036 posthac
745 2949 1051 3028 determinabuntur,
1075 2950 1115 3017 de
1130 2973 1195 3040 qua
1209 2952 1320 3019 itidem
1338 2965 1412 3020 ante

86 3051 178 3119 finem
201 3054 331 3120 concilii
353 3052 514 3138 agendum
537 3061 569 3118 et
589 3051 859 3119 'concordandum
890 3076 961 3120 esse
989 3054 1142 3138 censetis,
1172 3055 1292 3122 frustra
1315 3060 1412 3125 etiam

87 3157 276 3224 tractabitur
303 3155 344 3221 de
373 3155 430 3221 tali
459 3157 650 3222 executione
677 3156 765 3242 apud
787 3155 860 3222 illos
883 3157 1033 3224 facienda
1055 3159 1111 3245 qui
1132 3157 1281 3246 religioni
1303 3161 1411 3228 catho-

86 3258 165 3328 licae
187 3261 413 3343 adversantur,
443 3258 502 3326 sed
524 3259 611 3345 apud
641 3258 819 3325 catholicos
846 3259 951 3328 facilis
979 3262 1040 3326 erit
1066 3262 1156 3344 ratio,
1186 3263 1264 3348 quin
1286 3263 1350 3331 imo
1378 3267 1411 3332 in

87 3373 237 3453 promptu
259 3361 373 3428 modus
396 3372 455 3446 est,
478 3364 595 3448 poterit
617 3363 703 3427 enim
724 3361 794 3427 fieri
809 3381 868 3450 per
882 3363 1063 3428 ordinarios
1078 3363 1223 3429 locorum
1240 3371 1410 3456 cumprin-

88 3469 191 3554 cipum
218 3467 348 3533 auxilio.

184 3573 282 3656 Quod
304 3579 474 3658 practerea
495 3569 624 3636 illorum
647 3591 731 3660 quae
755 3571 974 3637 decernuntur
995 3572 1029 3638 in
1052 3571 1188 3640 concilio
1211 3573 1353 3662 petenda
1369 3579 1409 3642 sit

87 3696 105 3738 a
127 3697 252 3744 summo
274 3674 427 3763 pontifice
450 3677 657 3758 confirmatio,
679 3699 721 3744 ue
743 3676 805 3743 hoc
828 3676 959 3767 quidem
981 3699 1039 3766 pro
1063 3687 1174 3744 nostra
1188 3688 1279 3766 parte
1294 3678 1410 3745 facturi

85 3799 205 3860 sumus,
228 3779 305 3868 quia
320 3801 378 3867 per
398 3777 582 3846 huiusmodi
604 3781 791 3866 petitionem
805 3779 1057 3848 labefaceremus
1080 3792 1113 3847 et
1133 3781 1230 3869 plane
1253 3793 1409 3848 evertere-

85 3901 153 3947 mus
176 3883 401 3949 auctoritatem
426 3885 509 3947 sacri
532 3882 668 3967 concilii,
692 3885 779 3971 quod
801 3883 894 3950 nobis
919 3887 1004 3950 omni
1020 3884 1126 3950 studio
1142 3885 1323 3951 cavendum
1338 3909 1409 3953 esse

84 4005 259 4051 censemus.
282 4008 356 4052 nam
379 3987 454 4052 licet
476 3988 628 4074 propensi
651 4009 761 4052 sumus
784 3987 1002 4053 adtuendam
1025 3998 1057 4054 et
1079 3987 1317 4054 defendendam
1334 4012 1408 4055 auc·

84 4091 243 4156 toritatem
260 4112 384 4155 summo
399 4089 546 4177 pontifici
561 4100 594 4155 et
608 4089 677 4155 sedi
693 4089 889 4177 apostolicae
905 4089 1048 4157 debitam
1059 4114 1099 4157 ac
1115 4101 1408 4180 competentem...

82 4197 188 4260 tamen
209 4215 270 4281 par
292 4203 341 4258 est
360 4215 402 4257 ne
424 4194 587 4280 patiamur
609 4195 832 4260 auctoritatem
861 4193 1070 4260 conciliorum
1092 4217 1195 4283 usque
1224 4195 1306 4262 adeo
1335 4219 1407 4284 sup·

82 4297 184 4378 primi,
206 4305 243 4361 ut
264 4295 394 4363 decreta
416 4299 485 4362 eius
507 4319 573 4362 non
596 4295 736 4362 debeant
757 4297 857 4363 robur
879 4297 1034 4377 obtinere,
1057 4300 1120 4364 nisi
1141 4320 1200 4386 per
1222 4299 1407 4385 pontificem

84 4399 144 4466 sint
166 4399 369 4484 confirmata3
409 4401 469 4466 etei
498 4402 584 4466 enim
613 4398 769 4466 hactenus
801 4423 928 4489 semper
957 4404 1139 4468 monuimus
1169 4403 1264 4468 vitari
1288 4401 1407 4469 debere

83 4501 315 4570 odiosissimum
338 4513 369 4568 et
398 4503 620 4570 difficillimam
644 4506 868 4592 quaestionem
896 4505 935 4570 de
964 4507 1188 4593 superioritate
1217 4507 1343 4572 concilii
1375 4517 1407 4572 et

82 4625 195 4692 papae,
219 4605 366 4672 nolumus
394 4616 502 4672 tamen
530 4605 654 4695 aliquid
681 4631 739 4695 pro
766 4617 878 4675 nostra
905 4619 997 4696 parte
1026 4631 1123 4695 agere
1153 4631 1216 4696 quo
1239 4609 1407 4676 videamur

83 4710 303 4791 praeiudicare
326 4712 507 4777 auctoritati
538 4710 667 4778 concilii
697 4721 730 4778 et
768 4714 1025 4800 superioritatem
1066 4735 1162 4799 super
1196 4734 1233 4778 eo
1265 4713 1406 4780 tribuere

86 4829 205 4881 summo
228 4812 381 4902 pontifici.
403 4817 513 4902 itaque
536 4837 595 4880 nos
618 4839 661 4880 ex
682 4815 722 4880 iis
745 4815 882 4882 decretis
906 4838 989 4904 quae
1011 4814 1098 4882 edita
1120 4802 1238 4882 fuerint
1259 4816 1292 4881 in
1314 4839 1406 4904 prae·

84 4919 164 4982 sensi
187 4917 323 4986 concilio
346 4940 546 5007 exequemur
569 4918 723 5009 quicquid
744 4921 963 4986 necessarium
992 4918 1171 4998 videbitur,
1197 4942 1263 4986 non
1285 4941 1406 5008 expec-
