3498 5818
272 505 333 570 lbi

271 693 304 760 id
339 703 447 762 antem
478 719 517 760 ea
546 696 727 762 sinceritate
755 705 927 783 menteque
956 697 1011 782 pia
1039 705 1072 760 et
1107 705 1196 760 recta
1231 694 1272 760 ab
1302 695 1372 760 eius
1401 692 1446 762 δι’
1479 691 1600 760 factum

270 808 332 882 est,
363 808 399 864 ut
423 799 502 866 velit
531 799 616 866 idem
645 798 814 865 concilium
837 799 939 887 (qnod
965 797 1094 886 quidem
1120 797 1232 886 procul
1256 797 1354 864 dubio
1378 798 1521 864 nonum
1537 793 1599 882 est)

274 926 387 968 omnes
416 925 609 991 quacunque
639 901 679 968 de
708 925 822 968 renen
848 901 945 968 modo
971 902 1110 988 benigne
1140 911 1173 967 ct
1200 903 1362 988 patienter
1389 900 1511 986 audire,
1543 901 1602 968 sed

273 1015 508 1095 conquerentes
538 1008 635 1072 etiam
665 1015 697 1072 et
725 1007 810 1072 iusta
839 1014 985 1092 petentes
1015 1005 1181 1074 exaudire.

373 1109 493 1196 Agitur
520 1131 621 1191 nnnc,
645 1109 808 1196 magnifici
832 1109 968 1192 domini,
1004 1119 1040 1174 ut
1063 1119 1173 1198 optata
1195 1109 1252 1175 diu
1272 1131 1342 1197 pax
1364 1109 1433 1175 orbi
1459 1131 1603 1197 suusque

275 1211 373 1283 decor
395 1211 552 1278 ecclesiae
574 1213 777 1295 restituatur,
810 1211 1005 1298 propulsatis
1039 1213 1238 1279 oecumenici
1261 1211 1388 1279 concilii
1410 1213 1604 1279 auctoritate

273 1313 555 1380 innumerabilium
577 1325 737 1380 sectarum
759 1314 908 1393 tenebris,
933 1337 1016 1404 quae
1032 1339 1090 1402 per
1105 1325 1152 1382 tot
1166 1337 1268 1382 annos
1284 1338 1350 1381 non
1364 1314 1462 1381 modo
1479 1323 1602 1380 terram

275 1427 470 1506 operuerunt
498 1419 667 1505 omnisque
696 1417 903 1483 dissensionis
933 1419 1106 1504 impietatis
1128 1427 1225 1508 atque
1248 1415 1412 1507 nequitiae
1434 1419 1602 1483 ministrae

276 1524 484 1606 exstiterunt,
518 1523 577 1591 sed
601 1532 723 1588 satores
745 1521 842 1586 etiam
864 1521 1009 1586 zizaniae
1032 1521 1204 1605 eiusmodi,
1239 1543 1324 1608 quae
1343 1531 1454 1607 patres
1476 1519 1602 1601 sfiliis,

277 1637 370 1692 natos
393 1650 413 1692 a
435 1627 633 1713 parentibus,
656 1625 771 1690 fratrm
794 1623 1000 1710 sirenibus,
1022 1647 1141 1693 uxores
1157 1627 1277 1710 avinis,
1301 1648 1412 1694 servos
1429 1647 1449 1692 a
1465 1625 1604 1692 dominis

275 1731 396 1816 passim
419 1729 583 1796 induxerit
605 1728 782 1794 dissentire.

385 1831 540 1900 Senatum
561 1833 659 1920 igitur
681 1840 823 1896 'vestrum
840 1831 1121 1900 clementissimum
1137 1835 1269 1920 requirit
1283 1855 1427 1898 summus
1442 1833 1602 1920 pontifex,

276 1935 356 2002 velit
377 1935 462 2001 hanc
483 1937 570 2023 piam
593 1957 727 2000 causam
747 1957 806 2021 pro
829 1934 952 2000 viribus
974 1935 1129 2004 adiuvare
1145 1935 1404 2024 periclitantique
1420 1959 1459 2002 ac
1474 1946 1521 2002 tot
1535 1937 1604 2000 iam

278 2039 479 2106 calamitates
508 2049 540 2105 et
567 2039 685 2104 damna
712 2061 886 2126 perpessae
909 2037 1104 2106 christianae
1125 2039 1324 2126 reipublicae
1346 2061 1545 2106 succurrere.
1566 2039 1605 2106 id

154 2183 158 2194 ·
277 2152 384 2209 autem
409 2143 450 2209 ab
474 2165 512 2207 oo
535 2144 653 2230 optime
676 2141 740 2225 fiet,
764 2143 790 2206 si
812 2141 892 2208 alios
909 2141 950 2208 ad
966 2145 1096 2208 unitatis
1119 2153 1151 2208 et
1170 2145 1263 2230 pacis
1278 2143 1386 2210 studia
1401 2149 1448 2220 (ut
1462 2164 1523 2229 par
1539 2141 1605 2224 est)

281 2244 438 2312 excitabit
467 2248 618 2333 virosque
651 2245 776 2333 aliquos
805 2245 847 2312 ad
880 2244 1048 2312 concilium
1076 2245 1198 2334 legabit
1225 2270 1299 2312 cnm
1328 2246 1480 2315 mandato
1508 2247 1605 2315 huns

284 2351 426 2442 civitatis
448 2351 577 2416 nomine
607 2373 696 2416 more
719 2360 751 2414 et
772 2350 916 2416 instituto
944 2351 1102 2416 maiorum
1124 2351 1339 2418 interfuturos.
1364 2349 1452 2439 quod
1474 2350 1606 2438 quidem

281 2476 320 2519 eo
345 2452 483 2520 alacrius
499 2451 708 2530 clarissimam
724 2453 887 2522 civitatem
900 2451 985 2520 hanc
999 2453 1158 2522 factuam
1174 2477 1245 2520 esse
1261 2454 1397 2537 conlido,
1414 2477 1478 2542 qno
1493 2454 1606 2541 benig-

280 2558 353 2622 nius
376 2555 462 2622 idem
486 2579 629 2624 summus
651 2557 797 2651 pontifex
817 2556 915 2624 fidem
938 2557 1086 2634 omnibus
1113 2557 1278 2646 publicam
1309 2557 1414 2642 dabit,
1446 2557 1607 2647 siquando

279 2657 335 2725 illa
359 2659 437 2724 data
459 2670 507 2724 est
528 2659 580 2724 vel
602 2659 743 2746 legitime
767 2659 836 2725 dari
860 2661 1079 2747 excogitarive
1101 2670 1208 2748 potest
1230 2661 1438 2749 amplissima.
1554 2671 1556 2676 '

376 2761 432 2828 ‚Ea
455 2764 578 2829 ratione
602 2763 715 2828 civitas
737 2761 819 2828 haec
841 2763 1014 2849 magnifica
1036 2762 1089 2829 dei
1112 2785 1244 2830 causam
1260 2764 1437 2848 sustinebit,
1464 2764 1556 2852 pacis
1571 2787 1608 2832 se

280 2864 432 2952 cupidam
455 2865 603 2932 ostendet
625 2875 657 2932 et
677 2888 743 2931 non
764 2865 861 2931 modo
884 2865 946 2930 sibi
968 2865 1104 2952 gloriam
1134 2866 1365 2954 amplissimam
1394 2867 1606 2956 comparabit,

281 2969 338 3034 sed
360 2991 428 3035 rem
450 2967 548 3034 faciet
568 2971 739 3034 universae
762 2964 956 3033 Germaniae
978 2967 1225 3036 saluberrimam
1247 2979 1279 3036 et
1293 2971 1518 3036 necessariam.
1542 2994 1608 3059 qno

280 3074 365 3138 enim
397 3074 432 3138 in
462 3072 647 3138 discrimine
680 3073 767 3138 natio
795 3071 876 3136 haec
905 3070 1027 3157 inclyta
1058 3071 1155 3140 hodie
1187 3084 1351 3157 versetur,
1384 3095 1482 3141 nemo
1505 3097 1607 3140 sanae

279 3177 395 3242 mentis
412 3185 461 3242 est
477 3178 610 3263 quinon
624 3176 742 3258 videat,
761 3184 919 3262 occupata
935 3176 1089 3242 orientem
1105 3199 1219 3244 versus
1235 3200 1256 3243 a
1270 3177 1450 3244 Turcarum
1467 3187 1609 3264 tyranno

280 3281 367 3346 omni
388 3279 455 3346 fere
478 3279 634 3366 Ungaria,
657 3301 742 3366 quae
765 3277 859 3344 nobis
881 3276 1038 3346 haetenus
1061 3281 1154 3367 quasi
1176 3279 1283 3346 vallus
1299 3279 1430 3368 quidam
1446 3291 1478 3346 et
1492 3304 1610 3348 murus

281 3382 402 3450 solidus
426 3393 539 3449 contra
561 3381 725 3448 christiani
748 3383 885 3448 nominis
907 3380 1016 3448 hostes
1039 3383 1155 3466 extiht,
1180 3382 1485 3470 imminentibusque
1500 3405 1522 3449 a
1537 3407 1610 3472 sep·

281 3488 439 3552 tentrione
461 3485 542 3552 tanti
557 3486 710 3550 momenti
726 3483 885 3571 periculis,
902 3493 938 3550 ut
952 3484 1045 3551 brevi
1059 3494 1205 3572 tempore
1222 3485 1330 3573 ampla
1345 3485 1439 3552 ferax
1453 3485 1611 3554 bellicosa

281 3598 314 3654 et
341 3589 486 3654 Romano
512 3589 647 3675 imperio
676 3587 823 3653 subiecta
852 3587 1009 3653 Livoniae
1038 3589 1128 3674 regio
1162 3590 1257 3655 ctiam
1293 3588 1477 3656 videntibus
1507 3588 1611 3656 oculis

280 3692 399 3758 nostris
432 3691 473 3757 ab
502 3691 633 3758 immani
665 3713 807 3778 vereque
836 3689 983 3776 schytica
1011 3692 1141 3758 sabone
1170 3693 1262 3779 quasi
1290 3693 1356 3758 iam
1378 3693 1532 3758 universa
1555 3691 1609 3758 de-

282 3793 404 3861 bellate
424 3796 475 3859 sit.
499 3803 618 3882 quanto
641 3795 762 3860 maiore
791 3793 897 3860 studio
927 3794 1040 3860 civitas
1062 3804 1172 3862 vestra
1193 3794 1373 3862 clarissima
1395 3803 1508 3860 sancto
1532 3793 1611 3860 huic

282 3899 425 3962 instituto
448 3897 586 3981 favebit,
619 3906 708 3964 tauto
732 3896 870 3964 sedens
898 3897 967 3962 eius
989 3897 1218 3983 aggrediendis
1241 3897 1484 3986 hwtandisque
1511 3897 1611 3966 rebus

282 4002 386 4087 magis
408 4000 594 4067 benivolum
617 4009 714 4089 atque
735 4001 910 4088 propitium
931 3999 1095 4088 adiunget

427 4295 607 4384 Responsio
629 4307 761 4366 senatus
785 4299 923 4363 civitatis
945 4296 1217 4384 Norinbergensis
1240 4295 1293 4362 die
1315 4297 1424 4372 Martii
1446 4297 1466 4362 8

791 4423 875 4466 anno
900 4401 982 4466 1561
1006 4398 1124 4466 oblata

390 4518 446 4586 Ad
468 4521 645 4588 orationem
666 4523 704 4588 R.
727 4521 769 4586 D.
793 4520 972 4588 Zachariae
993 4520 1149 4610 Delphini
1172 4521 1317 4608 episcopi
1338 4518 1510 4586 Pharensis
1532 4539 1613 4586 nnn·

287 4623 328 4688 cii
358 4623 492 4690 Romani
521 4625 681 4712 pontificis
710 4627 756 4692 ita
782 4623 958 4711 respondet
980 4633 1112 4690 senatus
1139 4623 1235 4690 buius
1258 4621 1368 4690 urbis:
1402 4621 1614 4690 iamdudum

287 4727 405 4791 nemini
428 4749 498 4792 esse
521 4727 703 4812 obscurum,
727 4737 875 4794 senatmn
896 4727 942 4794 illi
965 4727 1159 4794 confessioni
1180 4726 1256 4794 fidei
1279 4748 1363 4814 quae
1385 4747 1469 4790 anno
1493 4724 1614 4792 Christi

289 4829 372 4896 1530
401 4831 587 4916 imperatori
615 4829 733 4897 Oarolo
754 4831 787 4896 V
814 4829 917 4896 felicis
940 4841 978 4896 et
1000 4839 1160 4918 augustae
1186 4830 1360 4896 memoriae
1389 4829 1424 4894 in
1452 4836 1614 4894 conventu

286 4930 477 5017 Augustano
501 4956 521 4998 a
542 4932 704 4999 nonnullis
720 4932 913 4999 electoribus
936 4943 969 5000 et
984 4932 1185 5022 principibus
1208 4955 1248 4998 ec
1271 4930 1343 4998 aliis
1365 4930 1532 4998 ordinibus
1555 4931 1612 4996 irn-

187 5093 190 5098 .
286 5037 367 5131 perii
402 5038 444 5105 sit
477 5034 636 5122 exhibita,
674 5035 902 5124 subscripsisse
936 5039 1030 5126 eique
1063 5038 1238 5108 eusmnum
1271 5033 1457 5106 adhaesere.
1501 5055 1609 5124 neque
