3468 5820
62 711 219 786 benevole
243 713 503 798 admoneremus,
526 711 736 781 contestando
757 709 893 800 siquod
913 709 990 780 inde
1011 710 1134 778 oriatur
1153 707 1328 800 aliqnando
1340 709 1396 775 'in-

66 824 281 904 conveniens,
311 819 380 886 eius
402 837 533 887 caueam
553 815 607 884 vel
629 816 758 904 culpam
785 815 878 884 nobis
906 840 971 882 non
992 815 1061 884 fore
1091 814 1352 883 adscribendam.

160 924 271 990 Porro
291 922 434 990 vidimus
455 921 551 988 stiam
573 931 745 1008 utrumque
767 921 923 1007 scriptum
945 919 1034 1008 quod
1054 921 1197 1004 misirrti,
1220 921 1254 987 in
1270 943 1334 1010 quo
1349 922 1397 984 ni·

64 1027 177 1092 mirum
201 1027 248 1094 de
270 1047 308 1094 eo
330 1025 438 1110 agitur
458 1023 550 1090 utin
572 1020 684 1088 Ssr¹mm
706 1024 850 1110 reginam
871 1021 1011 1110 Angliae
1039 1047 1059 1090 a
1087 1022 1222 1090 concilio
1252 1026 1314 1090 isto
1343 1045 1397 1089 ex·

63 1130 317 1196 communicatio
338 1126 466 1194 feratur·
493 1135 526 1192 et
547 1124 677 1192 diffiteri
698 1149 764 1192 non
784 1148 956 1215 pessumus
971 1125 1055 1192 hanc
1075 1148 1204 1216 quoque
1219 1150 1288 1194 rem
1302 1127 1397 1194 nobis

61 1255 180 1298 novam
204 1241 242 1299 et
262 1232 505 1318 inexpectatum
526 1251 608 1314 esse,
631 1251 715 1316 quae
737 1229 854 1296 multas
876 1228 1022 1317 profecto
1043 1229 1143 1296 habet
1157 1232 1316 1298 maximas
1339 1231 1397 1298 dif-

61 1334 225 1402 ficultates
249 1343 363 1422 estque
384 1333 482 1420 plena
505 1333 698 1400 discriminis
721 1344 754 1398 st
775 1332 921 1420 periculi,
952 1332 993 1399 de
1016 1355 1174 1421 quacum
1197 1335 1239 1400 sit
1260 1345 1297 1400 ut
1318 1337 1398 1400 scri-

60 1437 134 1502 bitis
157 1437 355 1506 conclusum
376 1446 415 1502 ut
435 1436 479 1504 ad
500 1458 659 1502 summum
681 1437 865 1523 pontificem
881 1445 914 1502 et
928 1435 972 1501 ad
986 1459 1045 1503 nos
1060 1438 1218 1503 referetur
1230 1446 1263 1503 et
1276 1439 1396 1503 utrius·

60 1563 120 1627 que
143 1550 299 1608 nostrum
321 1543 480 1606 sententia
502 1549 534 1606 et
555 1539 703 1606 voluntas
725 1540 938 1628 intelligatur,
969 1540 1110 1628 benigne
1141 1539 1332 1606 mandamus
1360 1551 1396 1607 ut

60 1645 192 1730 quando
217 1645 344 1712 fnerifis
364 1643 501 1731 posthac
523 1643 563 1712 de
584 1653 691 1710 mente
713 1655 823 1710 nostra
849 1646 1040 1730 interrogati
1066 1643 1120 1710 vel
1148 1645 1245 1710 etiam
1279 1655 1394 1732 sponte

63 1747 194 1833 dicatis,
219 1771 281 1816 nos
301 1750 336 1814 id
358 1749 486 1836 negocii
508 1750 750 1816 accuratissime
771 1749 983 1836 perpendisse
1005 1771 1045 1814 ac
1058 1747 1319 1814 molestissimum
1342 1769 1397 1814 no·

62 1848 111 1918 bis
134 1875 226 1938 esse,
250 1851 337 1942 qnod
358 1855 429 1940 ipsa
457 1852 550 1920 sere·
571 1853 685 1939 regina
706 1851 844 1940 Angliae
869 1852 1022 1920 haereses
1045 1874 1085 1917 ac
1112 1861 1217 1918 sectas
1243 1851 1396 1938 amplexa

59 1953 99 2020 ab
122 1955 317 2024 obedientia
339 1955 372 2024 S.
396 1957 563 2024 Romanae
585 1956 742 2024 ecclesiae
765 1957 958 2037 discesserit,
981 1979 1043 2022 nec
1055 1954 1205 2022 dubitare
1226 1956 1304 2042 quin
1324 1954 1397 2020 1³⁶¹·

58 2056 178 2145 legatis
202 2083 264 2148 pro
286 2069 380 2148 parte
404 2068 550 2126 constent
572 2058 700 2126 labores
724 2069 756 2126 et
777 2083 874 2126 curae
898 2083 980 2148 quas
1002 2061 1216 2146 suscepimus,
1247 2067 1282 2122 ut
1303 2056 1396 2124 Seru

58 2159 146 2228 illius
170 2185 250 2230 cum
272 2186 373 2252 regno
396 2184 454 2229 suo
477 2163 520 2229 ad
541 2165 697 2229 unitatem
718 2162 794 2230 fidei
817 2162 994 2230 catholicae
1015 2162 1237 2246 reduceretur;
1260 2161 1348 2249 quod
1369 2161 1396 2225 si

59 2264 110 2330 vel
132 2267 170 2332 in
194 2277 361 2354 posterum
382 2289 552 2353 possemus
573 2267 740 2353 perficere,
762 2265 841 2331 nihil
863 2275 949 2332 certe
964 2265 1136 2332 iucundius
1151 2277 1206 2330 aut
1224 2263 1397 2351 optabilius

60 2367 156 2434 nobis
180 2369 254 2436 fieri
275 2391 372 2458 posse
392 2393 499 2458 neque
521 2391 580 2435 nos
608 2369 683 2435 ullis
711 2370 825 2436 studiis
848 2379 881 2436 et
903 2369 1072 2436 conatibus
1099 2368 1273 2434 defuturos.
1308 2367 1397 2456 qnod

62 2481 175 2538 antem
200 2495 288 2538 nunc
310 2482 427 2559 agatur
449 2472 490 2539 de
520 2472 831 2540 excommunicanda
858 2495 917 2539 seu
943 2472 1102 2560 privanda
1128 2470 1208 2537 ser·
1230 2470 1330 2552 illius,
1362 2471 1397 2535 id

63 2574 160 2642 nobis
183 2598 392 2664 naquaquam
412 2577 517 2642 videri
540 2575 721 2642 consultum
744 2574 785 2642 ob
808 2575 925 2641 arduas
948 2597 1072 2658 cauam,
1095 2575 1198 2661 primo
1221 2573 1308 2661 quod
1330 2575 1397 2639 isti·

62 2679 196 2746 asmodi
219 2681 508 2746 excommunicatio
531 2688 564 2746 et
583 2680 723 2767 privatio
746 2679 824 2744 nihil
846 2701 979 2766 prorsus
1001 2679 1154 2745 momenti
1174 2676 1228 2742 rel
1249 2676 1395 2744 utilitatis

63 2779 208 2850 allatura
229 2793 315 2850 esset
337 2784 493 2850 ecclesiae
515 2781 694 2850 catholicae
715 2783 858 2870 ipsisque
881 2780 1048 2849 catholicis
1078 2783 1133 2870 qui
1154 2777 1263 2846 adbuc
1283 2781 1318 2845 in
1339 2778 1395 2845 illo

62 2906 164 2972 regno
190 2885 321 2973 degunt,
345 2886 403 2952 sed
424 2887 531 2972 potius
553 2887 834 2952 subministratum
855 2887 1023 2952 materiam
1044 2895 1078 2951 et
1099 2907 1230 2951 oausam
1247 2885 1395 2949 maximis

64 2997 95 3052 et
115 2987 368 3056 luctuosissimis
391 2988 588 3075 reipublicae
611 2989 714 3056 chr-⁸
741 2988 880 3056 motibus
902 2998 1000 3077 atque
1021 3011 1182 3055 armorum
1194 2987 1394 3071 tumultibus,

63 3091 191 3158 utalia
212 3091 298 3158 mala
319 3091 446 3159 silentio
468 3101 718 3179 praetereamus.
749 3115 833 3180 quae
861 3093 1203 3161 excommunicationis
1230 3102 1263 3156 et
1291 3093 1396 3176 priva·

64 3194 160 3260 tionis
185 3197 345 3262 sententia
366 3195 491 3261 etiamsi
512 3196 643 3279 feratur,
666 3195 789 3261 nullum
813 3218 971 3283 apparere
993 3197 1026 3260 in
1048 3205 1115 3260 toto
1139 3193 1216 3260 orbe
1232 3193 1325 3260 Ohr¹¹⁰
1340 3217 1393 3258 re-

66 3318 140 3381 gem
164 3307 224 3366 aut
243 3299 423 3386 principem
446 3299 502 3386 qui
524 3307 590 3363 tam
612 3321 712 3384 gare
735 3309 768 3364 et
788 3299 1005 3385 periculosum
1028 3321 1108 3365 onus
1124 3297 1307 3385 exequendi
1322 3319 1395 3362 eam

66 3403 260 3468 sententiam
283 3412 489 3489 suscepturus
506 3403 555 3467 sit
579 3401 667 3489 quod
688 3403 716 3467 si
731 3403 802 3486 quis
815 3403 963 3487 opinetur
977 3401 1012 3468 id
1026 3403 1168 3467 facturos
1184 3422 1256 3468 esre
1271 3399 1394 3482 Gallos,

69 3504 95 3568 ie
122 3516 236 3574 nostra
266 3508 427 3574 sententia
453 3505 590 3589 fallitur,
619 3528 692 3571 cum
721 3527 842 3592 magna
868 3525 945 3591 pars
972 3504 1099 3570 Gallias
1128 3505 1243 3572 eodem
1270 3504 1397 3571 laboret

66 3610 182 3678 morbo
205 3621 238 3678 et
259 3610 373 3678 isdem
403 3611 527 3678 irretita
554 3611 595 3674 sit
621 3609 804 3676 haeresium
833 3608 972 3696 laqueis,
1001 3631 1081 3697 quos
1108 3609 1227 3676 flustra
1255 3608 1396 3676 creditur

66 3731 157 3779 arma
180 3713 336 3780 adversus
352 3713 494 3780 eiusdem
509 3713 674 3800 religionis
690 3712 864 3800 complices
880 3723 1094 3800 suscepturos.
1118 3736 1178 3779 rex
1192 3736 1270 3781 vero
1286 3711 1398 3780 cur-⁸·

68 3836 142 3882 cum
166 3817 260 3884 Ssr⁰¹
280 3827 383 3884 matre
410 3841 470 3883 sua
492 3819 671 3906 ceterisque
699 3817 865 3884 catholicis
893 3818 985 3902 regni
1012 3817 1097 3881 illius
1119 3817 1316 3904 proceribus,
1344 3827 1393 3883 ut-

68 3937 198 4009 cunque
224 3920 287 3988 hoc
315 3930 461 4010 tempore
489 3943 562 3987 cum
591 3921 679 3987 dicta
706 3921 799 3986 Sere·
825 3921 939 4007 regina
966 3919 1106 4006 Angliae
1136 3923 1200 3987 sint
1228 3921 1393 3988 discordes

66 4035 198 4113 propter
219 4035 347 4113 portum
370 4023 532 4114 quendam
553 4025 595 4092 ab
617 4024 733 4110 Anglis
756 4040 957 4108 occupatum,
987 4025 1063 4111 quia
1083 4033 1192 4088 tamur
1214 4045 1300 4091 nuno
1323 4047 1392 4092 ver·

70 4137 182 4196 santur
201 4131 236 4195 in
258 4129 457 4214 matatibus,
481 4129 644 4194 discmffla
664 4128 721 4193 illa
741 4126 836 4193 facilc
858 4127 976 4214 poterit
998 4128 1148 4214 componi
1176 4136 1208 4192 et
1228 4129 1393 4216 principes

69 4227 133 4316 ipsi
152 4234 237 4300 inter
257 4256 293 4300 se
313 4233 523 4302 reconciliari.
547 4243 579 4300 et
601 4233 745 4321 quisquis
768 4227 897 4298 demum
925 4231 1007 4296 foret
1033 4240 1186 4297 executor
1211 4231 1395 4299 istiusmodi

72 4339 251 4404 sententiae
272 4337 629 4420 excommunicatoriae,
651 4338 678 4402 is
701 4343 787 4402 certe
810 4345 1018 4422 suscepturus
1040 4344 1126 4402 esset
1145 4357 1299 4422 magnum
1313 4357 1395 4424 pons

69 4432 127 4504 dus
149 4450 183 4506 et
204 4449 376 4527 catanien,
398 4441 567 4508 habiturus
589 4464 658 4507 rem
679 4462 754 4506 cum
775 4441 883 4508 multis
909 4441 1041 4527 regibus
1067 4463 1108 4506 ac
1132 4439 1333 4528 principibus
1360 4450 1396 4508 or

69 4545 256 4626 praesertim
284 4568 358 4612 cum
386 4545 558 4612 Germanis
586 4545 762 4612 catholicae
789 4547 952 4632 religionis
980 4546 1191 4628 adversariis,
1225 4565 1246 4608 a
1273 4545 1397 4634 quibua

71 4665 129 4732 cpe
150 4657 183 4714 et
204 4646 324 4716 anxilio
352 4650 467 4736 regina
492 4671 551 4736 pro
574 4659 687 4716 mutua
707 4649 919 4738 intelligentia
948 4671 1033 4738 quas
1059 4652 1106 4736 eis
1134 4650 1305 4718 intercedit
1335 4654 1393 4718 vix

72 4745 303 4836 dentibueretnr,
327 4754 404 4841 qnia
418 4753 611 4840 suspicaturi
626 4763 733 4820 essent
747 4777 767 4819 a
782 4754 869 4820 dicta
883 4757 995 4842 regina
1009 4753 1079 4821 fieri
1094 4756 1219 4822 initium
1235 4755 1395 4823 delendae

72 4851 231 4941 religionis
254 4877 350 4944 quam
371 4856 569 4943 profitentur,
592 4857 668 4923 inde
690 4856 851 4923 flammam
872 4861 905 4922 in
928 4880 1003 4924 suos
1018 4881 1147 4947 quoque
1162 4861 1302 4947 parietes
1318 4881 1395 4925 eon-

72 4955 256 5044 rolaturam,
280 4981 376 5048 quarn
398 4959 445 5024 illi
466 4961 573 5048 potins
588 4961 622 5026 iu
635 4961 751 5026 vicinis
765 4961 901 5028 aedibus
914 4963 1177 5048 restinguendam
1192 4986 1290 5052 quam
1304 4963 1392 5030 domi

73 5079 145 5129 uuae
167 5063 402 5152 expectandam
423 5063 610 5130 iudicarent
634 5085 731 5152 quarn
751 5063 922 5134 ridiculum
945 5075 1052 5132 autam
1074 5077 1107 5133 ct
1125 5066 1293 5154 indignum
1316 5089 1392 5138 aue
