3460 5826
1354 493 1415 556 457

101 676 203 744 literas
227 677 301 744 illas
324 701 406 767 quas
428 680 470 746 ad
492 679 569 746 ΒΜ
591 679 633 744 D.
656 677 700 746 N.
724 680 800 747 dare
823 679 1033 760 decrevimus,
1059 680 1104 746 ita
1124 689 1160 746 ut
1182 680 1223 745 de
1244 679 1306 746 illis
1328 681 1415 768 ipsos

101 783 327 850 commissarios
352 791 385 850 et
407 793 550 850 oratores
572 792 698 850 nostros
720 783 782 850 hoc
805 782 875 850 loco
896 783 1027 850 uberius
1049 782 1214 849 informari
1235 783 1340 848 minus
1363 807 1417 850 ne·

11 965 12 968 Ἴ
98 888 244 952 cesserit
267 896 343 952 sunt
363 897 472 952 autem
494 886 620 953 articuli
641 889 695 952 isti
716 895 896 976 sequentes,
919 889 1069 952 nimirum
1091 896 1128 953 ut
1148 886 1345 973 impediatur
1357 886 1414 952 ab·

98 991 198 1076 ruptio
220 988 274 1056 rel
297 993 466 1078 suspensio
489 989 626 1074 concilii,
659 1001 696 1056 ut
716 991 926 1078 provideatur
947 987 1036 1079 quod
1059 989 1194 1058 concilio
1216 989 1417 1078 relinquatur

97 1113 151 1158 sua
170 1089 313 1177 libertas,
337 1094 418 1160 adeo
441 1103 563 1160 utnon
585 1094 687 1159 solum
710 1094 837 1182 legatis,
860 1117 972 1160 verum
985 1095 1105 1160 nostris
1127 1103 1159 1159 et
1181 1093 1315 1159 aliorum
1340 1116 1416 1181 quc·

96 1215 153 1282 que
176 1219 289 1283 regum
312 1197 493 1264 oratoribus
515 1200 675 1285 integrum
698 1199 739 1262 sit
761 1221 905 1286 eaquae
926 1199 1109 1264 necessaria
1130 1206 1205 1262 sunt
1226 1199 1259 1262 in
1281 1197 1416 1263 concilio

94 1319 285 1385 proponere,
313 1310 347 1366 et
375 1311 412 1365 nt
437 1301 583 1387 patribus
611 1301 713 1367 libera
741 1304 944 1388 permittatur
970 1323 1034 1367 non
1063 1299 1159 1366 modo
1191 1300 1334 1383 dicendi,
1358 1300 1416 1366 sed

10 1393 11 1398 ’
93 1403 184 1467 etiam
207 1402 402 1476 decernendi
424 1403 573 1487 facultas,
596 1427 637 1470 nc
659 1403 783 1471 scilicet
808 1407 843 1468 in
864 1405 961 1470 rebus
985 1403 1112 1470 concilii
1134 1425 1266 1470 necesse
1288 1405 1330 1468 sit
1352 1404 1415 1470 Ro·
1513 1451 1516 1460 -

94 1525 174 1570 mam
195 1526 379 1585 recurrere,
402 1508 490 1572 'item
515 1516 552 1572 ut
578 1508 694 1572 acriter
723 1517 876 1594 urgeatur
898 1507 1132 1574 reformationis
1154 1508 1334 1594 negocium,
1358 1506 1415 1573 ad·

93 1606 156 1672 dita
177 1611 332 1696 quapiam
355 1611 613 1692 comminatione,
636 1631 752 1697 nempe
774 1609 953 1676 timendum
975 1631 1047 1676 esse
1070 1611 1112 1676 de
1131 1610 1348 1677 celebratione
1369 1611 1415 1675 fu-

90 1719 159 1776 tura
175 1711 385 1779 conciliorum
407 1711 614 1780 nationalium
636 1723 669 1779 et
690 1713 761 1780 aliis
776 1713 1087 1798 inconvenientibus,
1102 1715 1165 1779 uisi
1186 1715 1219 1780 in
1241 1713 1291 1780 hie
1314 1715 1413 1780 omni·

91 1813 394 1899 inescamur,
425 1818 501 1884 item
524 1817 565 1884 de
587 1817 790 1884 admonendo
812 1839 936 1884 summo
966 1817 1120 1904 pontifice
1147 1825 1182 1881 ut
1208 1819 1346 1904 ipsemet
1373 1817 1417 1883 ad

92 1918 264 1984 concilium
291 1920 400 1986 veniat
427 1941 501 1987 cum
527 1920 690 1987 oblatione
711 1943 771 1986 nos
792 1943 922 2009 quoqne
945 1920 1091 1986 similiter
1118 1919 1161 1986 ad
1191 1921 1226 1985 id
1248 1943 1319 1986 esse
1339 1944 1415 1989 ven·

88 2031 183 2087 turos.
207 2021 416 2108 quamobrem
430 2023 529 2088 iidem
542 2027 641 2089 nostri
658 2035 800 2090 oratores
814 2035 846 2090 et
861 2026 1070 2092 commissarii
1087 2024 1127 2090 dc
1141 2024 1207 2100 iam
1218 2025 1412 2090 enumeratis

9 2127 10 2184 t
88 2124 230 2191 articulis
253 2124 435 2192 ulteriorem
464 2149 485 2192 a
513 2129 606 2193 nobis
627 2129 885 2194 informationem
907 2137 939 2194 et
960 2127 1188 2194 resolutionem
1210 2149 1274 2194 non
1297 2149 1414 2216 expec-
1490 2148 1497 2160 ·

9 2261 10 2266 ι
88 2227 211 2312 tabunt,
230 2229 288 2294 sed
310 2250 443 2316 operam
466 2231 543 2296 dare
559 2231 725 2297 debebunt
739 2243 775 2296 ut
788 2231 948 2298 voluntati
970 2231 1045 2297 huic
1064 2241 1193 2298 nostrae
1217 2232 1324 2318 quoad
1347 2234 1415 2298 eius

88 2353 242 2420 nmquam
263 2331 333 2397 fieri
356 2335 475 2419 poterit
496 2333 642 2399 satisfiat.

8 2503 9 2520 p
189 2437 292 2501 Porro
315 2438 397 2502 inter
420 2437 523 2529 dictos
546 2435 698 2502 articulos
722 2439 776 2525 qui
800 2437 892 2504 uobis
920 2445 956 2503 ut
983 2437 1235 2504 demonstratum
1267 2448 1316 2504 est
1344 2461 1415 2526 pro·

8 2529 10 2580 l
87 2539 183 2623 positi
206 2539 307 2623 fuere,
329 2540 475 2606 nonnulli
497 2551 572 2606 sunt
593 2541 648 2606 alii
671 2543 726 2629 qui
748 2543 1048 2628 impraesentiarum
1070 2541 1112 2606 ad
1134 2562 1243 2606 curam
1266 2551 1299 2608 et
1314 2543 1416 2610 solici-

87 2641 234 2708 tudinem
257 2645 400 2731 ipscrum
423 2655 587 2710 oratorum
609 2653 641 2710 et
664 2646 957 2711 commissariorum
980 2657 1162 2711 nostrorum
1192 2669 1255 2712 non
1278 2647 1417 2734 pertine-

87 2745 177 2830 bunt,
203 2746 244 2812 de
268 2747 385 2836 quibus
408 2747 537 2834 ipsimet
559 2769 617 2814 suo
639 2757 782 2836 tempore
804 2759 982 2814 statuemus
997 2746 1031 2812 id
1047 2748 1133 2836 quod
1149 2749 1417 2816 consultissimum

88 2851 155 2916 fore
179 2851 360 2931 videbitur,
388 2849 503 2938 utputa
530 2851 586 2916 ubi
609 2854 774 2939 quaeritur
795 2873 838 2917 an
861 2863 893 2916 et
915 2851 1076 2939 quomodo
1099 2851 1235 2940 praelati
1263 2852 1418 2920 Germani

87 2955 172 3019 serio
194 2975 311 3020 rursus
333 2957 397 3018 sint
418 2955 461 3020 ad
483 2956 587 3042 ipsum
610 2954 782 3020 concilium
797 2955 964 3038 invitandi,
988 2956 1065 3020 item
1080 2977 1123 3020 au
1138 2956 1264 3022 sublato
1280 2957 1418 3023 concilio

88 3056 266 3124 debeamus
289 3079 429 3123 unacum
452 3058 585 3145 reliquis
607 3058 740 3145 regibus
764 3057 930 3124 catholicis
953 3079 1093 3145 pernes
1122 3060 1211 3146 ipsos
1240 3069 1418 3126 conventus

87 3159 403 3248 aliquos‘celebrare
425 3161 460 3225 in
482 3161 600 3246 quibus
623 3171 778 3228 tractetur
800 3161 841 3226 de
862 3161 977 3227 mediis
1005 3161 1048 3226 ad
1070 3162 1325 3228 conservandam
1347 3162 1419 3230 reli·

87 3266 222 3349 gionem
244 3265 435 3330 necessariis
458 3285 632 3351 eorumque
655 3265 808 3352 deinceps
836 3263 1036 3332 confirmatio
1066 3287 1086 3330 a
1114 3287 1238 3330 summo
1267 3267 1419 3353 pontifice

88 3367 283 3453 postuletur.
305 3377 434 3455 praeter
455 3367 515 3433 hos
537 3366 592 3432 alii
615 3389 744 3455 quoqne
767 3377 842 3432 sunt
863 3370 919 3455 qui
941 3368 1091 3434 dicuntur
1112 3370 1177 3434 iam
1199 3369 1241 3434 ab
1263 3372 1343 3457 ipsis
1365 3391 1419 3458 pa-

87 3473 194 3537 tribus
219 3471 347 3536 concilii
369 3474 500 3536 irasmi
532 3481 565 3536 et
592 3473 626 3538 in
654 3494 752 3559 opere
782 3474 935 3556 existere,
970 3471 1121 3538 videlicet
1142 3473 1182 3538 dc
1206 3473 1419 3542 reformandis

88 3575 302 3642 electionibus
325 3576 551 3662 episcoporum
573 3585 607 3641 et
627 3575 849 3662 praelatorum
871 3583 904 3642 et
926 3575 1057 3642 similes.
1086 3576 1126 3640 de
1153 3578 1193 3640 iis
1222 3587 1366 3644 oratores
1388 3593 1420 3646 et

88 3680 302 3744 commissarii
324 3680 425 3744 nostri
448 3678 595 3743 similiter
616 3678 696 3743 nihil
724 3678 891 3745 habebunt
921 3677 1009 3766 quod
1037 3701 1123 3745 nunc
1152 3691 1266 3768 agant,
1296 3684 1357 3747 nisi
1384 3694 1420 3748 ut

88 3805 144 3847 eos
168 3781 259 3869 apud
280 3792 390 3868 patres
414 3781 541 3848 concilii
564 3783 650 3848 omni
672 3782 778 3848 studio
801 3795 833 3848 et
855 3782 1026 3868 diligentia
1047 3795 1266 3870 promoveant

195 3884 277 3950 Sunt
297 3895 467 3971 praeterea
489 3884 545 3950 alii
568 3887 623 3974 qui
646 3886 829 3973 dependent
858 3888 1006 3952 afuturo
1034 3897 1152 3953 eventu
1180 3898 1212 3954 et
1239 3891 1272 3953 in
1302 3889 1419 3977 quibus
1493 3897 1495 3902 '

89 3988 262 4055 consilium
286 3990 478 4076 capiendum
501 3993 562 4056 erit
584 4013 627 4056 ex
649 4013 683 4058 re
705 4000 783 4055 nata
806 3998 839 4053 ct
860 3989 900 4056 iis
925 4014 1008 4078 quae
1039 3991 1191 4080 deinceps
1221 4011 1419 4081 consequen·

88 4103 152 4176 tur,
177 4094 205 4156 si
225 4113 366 4180 namque
389 4114 532 4158 summus
554 4093 701 4180 pontifex
723 4092 820 4176 plane
841 4093 929 4160 uolet
950 4117 1064 4181 regum
1087 4095 1268 4162 oratoribus
1291 4098 1419 4184 permit-

89 4207 160 4262 tere
184 4195 319 4262 liberam
341 4197 543 4284 proponendi
565 4197 760 4262 facultatem.
783 4196 848 4262 alia
868 4207 946 4262 tnnc
969 4202 1030 4263 erit
1051 4200 1195 4266 ineunda
1222 4201 1276 4264 via
1298 4209 1331 4265 et
1352 4210 1419 4267 teu-

90 4299 236 4382 tandum,
259 4321 301 4365 an
323 4299 380 4365 illa
400 4301 502 4366 verba
524 4302 631 4389 posita
653 4303 685 4366 in
708 4303 813 4388 primo
843 4301 971 4368 concilii
993 4301 1135 4383 decreto,¹
1157 4303 1282 4369 scilicet
1303 4325 1419 4390 propo·

90 4401 246 4468 uentibus
268 4401 384 4490 legatis
407 4413 465 4470 etc.
488 4404 573 4469 hanc
594 4406 893 4492 interpretationem
916 4405 1036 4472 habere
1058 4405 1214 4489 debcant,
1243 4417 1279 4472 ut
1299 4406 1418 4473 intelli·

91 4517 211 4594 gantur
234 4508 330 4572 etiam
354 4507 396 4572 de
417 4506 468 4573 his
491 4529 575 4595 quae
598 4519 742 4575 oratores
765 4509 817 4574 vel
838 4521 947 4598 patres
968 4511 1048 4598 ipsis
1070 4509 1135 4575 R¹¹²¹¹
1161 4510 1278 4597 legatis
1299 4533 1419 4598 propc-

92 4611 201 4677 nenda
223 4609 437 4677 exhibuerint.
461 4633 538 4678 casu
560 4633 725 4699 veroque
749 4613 804 4678 8²⁸
830 4615 900 4679 eius
928 4613 980 4679 vel
1008 4613 1196 4702 simpliciter
1225 4617 1420 4680 concesserit

92 4713 277 4780 huiusmodi
299 4713 505 4801 proponendi
523 4713 708 4780 facultatem
730 4714 782 4780 vel
807 4717 902 4781 etiarn
923 4717 1220 4804 interpretationem
1234 4719 1419 4784 iamdictam

94 4817 270 4899 admiserit,
292 4818 498 4883 manifestum
521 4824 569 4884 est
589 4818 684 4884 uobis
713 4821 872 4905 integrum
894 4819 963 4886 fore
984 4837 1165 4906 proponere
1195 4837 1419 4908 quaecumque

94 4920 187 4988 nobis
214 4923 317 5006 magis
348 4921 542 4988 videbuntur
568 4921 793 5006 accommoda,
825 4925 966 4990 maxime
995 4922 1171 4990 secuudum
1200 4943 1272 4990 eum
1301 4923 1419 4991 librum

95 5027 152 5117 qui
172 5027 238 5094 iam
260 5037 356 5094 autea
377 5024 419 5093 de
446 5025 598 5094 mandato
620 5036 729 5096 nostro
753 5037 928 5118 conceptus
961 5035 994 5096 ct
1025 5027 1068 5096 ad
1099 5027 1189 5118 ipsos
1222 5033 1365 5096 oratores
1387 5037 1420 5096 et

146 5163 264 5216 ticket,
277 5175 298 5212 a.
313 5163 377 5212 M.
391 5163 489 5215 mustis.
1190 5150 1225 5204 30
