3498 5830
844 927 1039 1010 LXXVI.

515 1145 593 1220 Der
622 1144 753 1221 Kaisar
781 1168 827 1220 an
855 1147 987 1220 seinen
1016 1142 1158 1220 Orator
1185 1147 1219 1219 in
1250 1145 1362 1237 Rom3

700 1301 807 1365 Wien,
825 1302 865 1352 28
882 1299 1070 1350 November
1089 1301 1178 1350 1560.

785 1483 857 1537 Areo
878 1481 912 1538 Α.
959 1481 1097 1554 original.

379 1657 432 1722 Ex
460 1659 560 1724 literis
588 1663 651 1724 tuis
675 1683 755 1747 quas
785 1661 837 1728 dic
867 1663 887 1727 9
909 1664 1087 1748 praesentis
1115 1663 1234 1728 mensis
1259 1660 1301 1727 ad
1324 1685 1383 1728 nos
1407 1662 1524 1728 dedisti
1557 1663 1606 1725 in·

277 1759 469 1844 telleximuS,
494 1761 571 1848 quid
604 1764 661 1829 tibi
685 1775 750 1828 tum
775 1759 911 1831 ΕΗΒ.
934 1765 974 1830 N.
1003 1767 1036 1829 in
1063 1767 1199 1850 negocio
1222 1764 1349 1832 concilii
1378 1765 1420 1830 ad
1448 1788 1506 1830 nos
1530 1767 1607 1830 seri-

277 1860 419 1927 bcndum
442 1867 646 1931 commiserat
669 1878 701 1931 ct
724 1867 802 1955 quid
824 1877 860 1932 tu
881 1869 1023 1933 vicissim
1048 1867 1088 1933 8¹¹
1114 1871 1183 1932 eius
1209 1869 1426 1954 responderis,
1452 1878 1548 1955 atque
1572 1867 1607 1932 id

278 1974 368 2030 tuum
390 1991 581 2054 responsum
602 1969 744 2056 benigne
762 1993 840 2036 sane
855 1971 1040 2057 probamus,
1064 1973 1217 2059 quoniam
1238 1971 1272 2036 id
1294 1980 1424 2037 nostrae
1447 1970 1608 2035 voluntati

279 2079 311 2134 et
337 2070 524 2136 resolutioni
553 2074 669 2138 totiens
693 2076 820 2161 scriptis
844 2085 876 2140 et
903 2074 1003 2140 literis
1026 2074 1208 2140 declaratae
1233 2085 1483 2142 consentaneum
1506 2064 1607 2138 fuisse

279 2173 573 2239 animadvertimus.
612 2187 644 2240 et
677 2179 752 2264 quia
780 2201 867 2242 nunc
894 2181 1032 2265 primurn
1067 2177 1184 2244 allatae
1219 2189 1294 2243 sunt
1326 2178 1419 2245 nobis
1447 2177 1559 2242 literae
1588 2199 1609 2240 a

279 2299 355 2361 rege
389 2276 652 2344 christianissimo
688 2281 804 2365 quibus
839 2280 933 2347 Sertat
961 2305 1021 2346 sua
1061 2305 1133 2348 sese
1162 2282 1307 2347 declarat
1335 2281 1422 2368 quod
1462 2281 1503 2346 de
1535 2279 1608 2345 loco

279 2378 424 2444 Tridenti
447 2381 636 2467 neutiquam
657 2406 678 2447 a
698 2383 791 2448 nohis
808 2383 968 2450 dissentiri
983 2385 1072 2469 velit,
1097 2383 1270 2451 dummodo
1294 2384 1465 2450 concilium
1486 2407 1608 2449 novum

280 2483 451 2565 indicatur,
482 2487 662 2570 postposita
685 2488 925 2552 continuatione
946 2490 1073 2573 prioris,
1102 2488 1264 2554 voluimus
1287 2488 1345 2554 tibi
1369 2511 1442 2553 cum
1465 2486 1515 2551 his
1537 2489 1609 2550 mit-

280 2595 348 2652 tere
371 2585 554 2672 exemplum
577 2587 701 2652 illarum
726 2589 900 2675 literarum,
924 2601 960 2656 ut
982 2589 1040 2656 Sffl⁰
1055 2591 1097 2656 D.
1112 2591 1153 2656 V.
1177 2591 1211 2656 id
1233 2593 1362 2658 nomine
1384 2599 1496 2656 nostru
1516 2613 1609 2677 prae-

282 2699 388 2754 sentes
411 2713 450 2755 ac
473 2691 538 2755 ΒΜ·
555 2693 623 2756 eius
646 2715 757 2757 rursus
779 2717 937 2782 perquam
960 2704 1145 2761 reverenter
1176 2716 1263 2778 ores,
1297 2704 1333 2760 ut
1363 2695 1503 2780 benigne
1532 2715 1608 2759 con-

180 2884 182 2888 .
282 2793 423 2858 siderate
439 2803 504 2858 tam
521 2794 640 2860 afflicto
658 2797 738 2860 etin
754 2795 823 2862 dies
838 2799 942 2882 magis
956 2798 1125 2885 magisque
1141 2797 1348 2864 decrescente
1365 2797 1610 2862 christianitatis

283 2905 365 2960 statu
384 2897 462 2963 velit
488 2900 552 2962 iam
575 2898 705 2963 tandem
730 2909 862 2986 propter
883 2902 1092 2986 gravissimas
1115 2922 1231 2966 causas
1254 2909 1286 2965 et
1307 2901 1448 2966 rationes
1473 2923 1554 2988 quas
1577 2911 1612 2966 et

273 3001 409 3088 'scriptis
423 3011 557 3088 etperte
568 3004 675 3088 ipsum
684 3001 723 3068 S'i
744 3005 812 3069 eius
828 3005 957 3089 saepius
964 3003 1208 3088 declaravimus,
1222 3005 1329 3088 potius
1345 3005 1388 3070 ad
1402 3004 1609 3069 irldicendum

204 3118 206 3124 ’
282 3104 323 3170 de
337 3106 462 3190 integro
478 3104 647 3170 concilium
660 3128 757 3193 quam
765 3105 808 3172 ad
814 3105 988 3172 tollendam
1000 3108 1166 3173 novissimi
1173 3107 1351 3172 Tridentini
1366 3109 1611 3194 suspensionem

280 3207 434 3274 inclinare
443 3217 540 3294 atque
554 3207 760 3292 descendere,
772 3212 963 3295 praesertim
975 3233 1048 3276 cum
1060 3233 1165 3298 neque
1174 3210 1290 3276 Sermum
1303 3221 1454 3296 nepotem
1465 3220 1611 3276 nostrum

280 3333 389 3396 regem
413 3311 606 3378 catholicum
629 3335 649 3376 a
669 3312 764 3378 nobis
787 3322 819 3377 et
841 3314 904 3378 iam
933 3313 1120 3400 dictorege
1149 3313 1429 3396 christianissimo,
1453 3322 1611 3399 quantum

281 3413 411 3502 quidem
433 3415 601 3503 hucusque
624 3437 820 3502 cognoscere
842 3418 1014 3502 potuimus,
1037 3419 1070 3480 in
1093 3417 1155 3482 hac
1170 3426 1263 3503 parte
1279 3416 1498 3482 dissensurom
1517 3415 1614 3502 plane

283 3538 458 3605 speremus.
481 3542 557 3586 nam
572 3527 670 3607 prout
684 3541 726 3584 ex
741 3518 913 3586 multorum
929 3519 1130 3588 sermonibus
1145 3529 1178 3586 et
1192 3520 1390 3606 argumentis
1406 3541 1614 3607 nequaquam

160 3633 164 3644 “
283 3622 429 3688 obscuris
466 3621 617 3709 colligere
646 3620 737 3705 licet,
767 3644 836 3709 vquo
864 3624 977 3688 maiori
1012 3632 1130 3689 conatu
1152 3621 1209 3688 8²⁸⁸
1233 3622 1266 3690 S.
1296 3623 1529 3688 continuationi
1562 3623 1617 3686 isti

285 3726 448 3809 institerit,
483 3747 522 3792 eo
545 3726 699 3794 maiorem
722 3746 851 3812 quoque
875 3727 1091 3812 suspicionem
1119 3724 1289 3812 praebebit
1316 3725 1454 3808 mundo,
1490 3723 1557 3790 8²⁰m
1581 3725 1615 3790 S.

284 3853 304 3894 a
325 3827 462 3895 concilio
484 3851 617 3915 prorsus
639 3827 813 3896 abhorrere
836 3837 869 3893 et
890 3829 1048 3894 eiusmodi
1065 3827 1270 3894 difficultates
1293 3827 1403 3894 dedite
1425 3849 1525 3914 opera
1546 3828 1616 3892 inii-

285 3957 369 4017 cere,
391 3943 515 3998 uttam
538 3940 686 3998 sanctum
708 3940 774 3996 tam
796 3933 885 4018 pium
908 3941 1040 4019 tamque
1062 3933 1280 3998 necessarium
1303 3931 1494 4013 institutum,
1518 3951 1615 4016 gene·

285 4036 361 4104 ralis
385 4036 509 4102 seilicet
531 4033 659 4102 concilii
681 4033 932 4102 celebrationem
958 4035 1130 4122 impediat,
1163 4037 1353 4120 praesertim
1383 4057 1456 4100 cum
1486 4056 1530 4098 ex
1552 4055 1617 4100 me·

284 4141 416 4206 moratis
449 4139 548 4206 literis
585 4139 672 4224 regis
706 4139 961 4204 christianissimi
994 4139 1163 4204 manifeste
1195 4148 1363 4224 appareat,
1397 4136 1485 4204 nullo
1519 4137 1617 4204 mode

286 4244 415 4310 facilius
448 4241 698 4310 celebrationem
729 4241 900 4308 sationalis
924 4241 1051 4308 concilii
1073 4240 1390 4327 inestimataque
1412 4239 1617 4305 incommoda

287 4370 370 4435 quae
394 4345 615 4435 superioribus
637 4345 802 4412 mensibus
825 4344 866 4410 S¹i
891 4346 961 4410 eius
988 4353 1101 4432 perte
1123 4344 1299 4430 significari
1321 4342 1491 4424 voluimus,
1521 4365 1617 4429 prae-

286 4451 394 4516 caveri
416 4473 523 4537 pcsse,
547 4471 644 4536 quam
665 4451 742 4514 novi
764 4448 949 4532 indictione,
983 4470 1120 4536 quorum
1149 4449 1291 4512 omniurn
1319 4449 1432 4534 utique
1455 4444 1524 4510 S¹⁰¹²²
1548 4446 1618 4510 eius

286 4576 345 4640 pro
368 4551 523 4638 singulari
546 4553 614 4618 eius
635 4551 809 4639 prudentia
829 4553 950 4638 pietate
974 4559 1007 4615 et
1036 4552 1070 4615 in
1091 4573 1158 4616 rem
1189 4551 1396 4616 christianam
1426 4549 1533 4614 studio
1561 4548 1617 4615 be-

286 4659 419 4742 nignam
440 4657 601 4721 rationem*
620 4653 741 4721 habere
765 4654 888 4720 deceat.

390 4759 488 4840 Quod
510 4761 624 4824 attinet
651 4759 693 4823 ad
716 4759 780 4824 alia
800 4759 948 4845 negocia,
980 4780 1045 4824 non
1068 4765 1117 4824 est
1140 4757 1227 4846 quod
1249 4755 1309 4822 tibi
1331 4758 1506 4843 quicquam
1530 4777 1618 4820 corn-

289 4864 463 4945 mittamus,
491 4864 553 4927 nisi
581 4872 617 4926 ut
639 4861 913 4949 quemadmodum
934 4861 1103 4949 hucusque
1125 4861 1229 4925 fecisti
1253 4883 1312 4924 nos
1335 4858 1497 4924 derebus
1520 4859 1618 4923 omni·

288 4967 351 5032 hus
373 4987 456 5054 quae
479 4967 512 5031 in
540 4966 608 5031 dies
631 4965 726 5031 isthic
748 4975 920 5032 occurrunt
943 4964 1136 5032 creberrime
1158 4965 1310 5029 certiores
1333 4962 1451 5029 reddas
1474 4972 1506 5026 et
1527 4985 1618 5050 prac-
