3450 5818
605 755 837 842 CLXXIII.

380 975 764 1052 Reformaticnatihett
794 973 865 1050 dea
893 973 1069 1069 Ksiaera3

642 1128 708 1179 Mai
728 1130 818 1179 1662.

504 1309 612 1366 Wiener
637 1309 816 1365 Coadlccteo.
842 1308 964 1382 Ooaoept.

391 1423 498 1478 Weuer
518 1420 734 1491 Hofbs'bla'otheir.
767 1421 844 1477 Zroea'
865 1419 1077 1491 Reinschra'jteo.

427 1534 499 1588 Arce
524 1533 559 1589 Ε.
585 1531 737 1604 Gepiefitr
758 1533 894 1604 Prospero
916 1529 1038 1590 d'Arca

174 1713 397 1781 sacratissime
419 1714 603 1800 imperator,
626 1711 877 1778 clementissime
899 1711 1037 1778 domine.
1059 1712 1222 1780 Articulos
1238 1735 1293 1779 eos
1309 1737 1391 1804 quos

93 1817 135 1880 1³²¹
168 1819 199 1883 in
220 1817 349 1885 Christo
371 1826 480 1904 patres
503 1815 556 1882 8¹¹¹
578 1816 620 1881 D.
642 1815 681 1880 N.
704 1815 803 1902 legati
825 1817 1008 1904 caeterique
1030 1816 1080 1881 3⁴¹¹
1102 1825 1135 1880 et
1148 1815 1211 1881 vr..
1231 1827 1343 1904 patres
1361 1819 1396 1883 in

93 1921 209 1987 mndho
223 1919 412 1988 Tridentino
427 1920 617 2007 congregati
632 1919 673 1985 de
687 1919 914 1986 reformatione
930 1919 1086 1985 ecclesiae
1101 1932 1340 2008 proposuerunt
1353 1961 1395 1972 -

31 2021 32 2028 '
93 2023 123 2088 N.
136 2024 273 2112 deputati
295 2024 339 2091 ad
352 2021 622 2091 consultationem
645 2022 686 2088 de
702 2021 845 2088 articulis
867 2021 1103 2088 reformationis
1124 2023 1159 2087 in
1173 2023 1310 2091 concilio
1325 2023 1395 2090 'I'ri-

31 2067 33 2196 ν
93 2125 204 2195 dentinc
226 2128 418 2217 propositis:
778 2148 837 2192 eus
852 2127 957 2193 cinem
980 2124 1122 2192 ehemsls
1137 2125 1210 2192 dem
1225 2126 1260 2194 O.
1276 2127 1397 2194 Hosius

93 2230 251 2318 gehtrigen
265 2229 381 2298 Codex
394 2228 631 2296 verdffeutlicht
645 2231 678 2294 in
693 2228 872 2296 Scheihorn
888 2231 1096 2295 amoenitates
1121 2233 1149 2314 1,
1172 2231 1269 2296 501-
1280 2233 1341 2298 575
1358 2259 1398 2290 =

39 2335 49 2374 ⁸
93 2333 131 2398 Ie
144 2335 212 2401 Plat
231 2336 263 2417 5,
287 2335 465 2402 232—269.

209 2525 252 2578 Im
268 2523 367 2578 Archiv
382 2524 426 2574 ihr
436 2529 486 2576 tsi.
508 2521 668 2578 Geschiehte
684 2525 727 2588 4⁵,
747 2525 830 2576 1-se
848 2523 917 2578 habe
930 2524 974 2575 ich
994 2523 1159 2576 anaihhriich
1176 2525 1221 2578 dia
1232 2527 1400 2595 Entatehung

150 2611 194 2662 dea
210 2611 311 2664 Libelis
330 2609 467 2678 dargelegt
483 2609 537 2660 und
555 2609 677 2676 augleich
695 2609 739 2660 die
758 2611 900 2662 Varianten
918 2627 952 2662 au
970 2610 1022 2662 den
1035 2611 1186 2678 hisberigeu
1202 2613 1330 2665 Drusken
1341 2628 1399 2665 ver-

31 2723 33 2816 ?
148 2697 273 2748 aeichnet.
291 2694 429 2763 Vghauch
442 2695 570 2746 Reimann
583 2697 610 2746 in
621 2695 868 2765 Forschuugensur
881 2697 1026 2748 deutschen
1039 2697 1199 2749 Geschichte
1217 2700 1241 2763 8,
1255 2702 1401 2756 liu-186,

31 2829 32 2832 ,
150 2783 194 2834 Ich
210 2782 370 2834 wiederhcle
387 2782 445 2832 hier
470 2797 519 2833 mu
545 2782 597 2832 den
613 2781 789 2848 Hauptinhalt
813 2782 859 2834 der
877 2781 929 2833 deu
947 2781 1075 2835 Oratoren
1099 2799 1142 2834 am
1160 2785 1194 2834 20
1212 2785 1267 2835 Mai
1293 2787 1400 2837 hetreffs

151 2869 195 2919 des
203 2868 304 2920 libelis
314 2867 452 2920 ertheiiteu
463 2867 623 2919 instruction
635 2867 767 2935 (concept
783 2869 811 2919 in
826 2868 876 2920 den
889 2869 1061 2920 Concilacten
1070 2869 1124 2920 und
1138 2867 1220 2936 Copia
1232 2872 1260 2921 in
1272 2872 1341 2923 Areo
1354 2873 1402 2938 A):

213 2955 289 3008 uren
305 2953 439 3021 Empiang
465 2951 513 3006 der
530 2954 591 3006 dem
608 2954 703 3006 Ooacil
725 2955 895 3022 vergelegtsn
919 2955 1122 3008 Reformartilrel
1145 2956 1215 3008 habe
1238 2957 1286 3008 der
1308 2957 1403 3010 Kaisar

151 3044 252 3110 einiger
275 3041 411 3110 gelehrten
434 3041 562 3095 hommes
588 3041 642 3092 und
660 3041 846 3095 katholiachen
863 3042 994 3096 Minucrn
1020 3043 1071 3093 den
1094 3043 1208 3110 Anihag
1231 3046 1351 3112 gegeben
1378 3048 1405 3097 in

151 3128 299 3196 Erwtgung
316 3145 350 3180 au
366 3127 458 3180 mahen
475 3127 531 3180 und
548 3127 602 3178 ihm
618 3144 653 3178 au
670 3143 766 3194 sapen,
784 3127 903 3180 walchen
919 3128 1027 3182 Antheil
1045 3145 1074 3180 er
1092 3145 1127 3181 an
1145 3130 1206 3182 dem
1223 3130 1405 3184 Reiormrrark

153 3215 262 3268 nahmen
279 3215 381 3278 hinne,
406 3214 453 3265 des
467 3213 535 3278 jetat
558 3231 602 3264 um
620 3230 650 3266 ac
675 3214 805 3281 ihghcher
831 3215 1019 3282 durchgefflhrt
1042 3216 1147 3268 werden
1163 3217 1266 3281 istunc,
1294 3217 1407 3270 dadam

153 3300 314 3352 Vernehmen
323 3299 393 3352 nach
406 3299 453 3351 der
461 3301 544 3368 Papst
553 3299 613 3350 dem
623 3299 716 3351 concil
728 3299 799 3351 velle
813 3299 917 3352 Gewalt
929 3302 994 3352 iiber
1007 3301 1049 3351 die
1062 3300 1168 3353 Reform
1182 3319 1215 3353 au
1227 3303 1408 3356 beschliessen

153 3387 300 3455 sugmtehe.
324 3387 502 3453 Posteaquam
523 3396 587 3437 vero
600 3387 844 3454 dictorumpiorum
862 3385 1021 3438 eruditorum
1040 3393 1067 3438 et
1084 3385 1275 3440 catholicorum
1293 3391 1408 3440 virorum

154 3475 221 3540 piam
237 3489 329 3526 mnam
348 3479 376 3524 et
393 3467 618 3540 diligentissimam
636 3473 854 3525 deliberationem
872 3475 1032 3540 accepimus,
1054 3489 1113 3526 eam
1130 3478 1279 3526 nimature
1298 3475 1408 3526 consilio

154 3575 186 3612 ac
201 3561 335 3628 sapienter
352 3560 451 3612 factam
468 3576 522 3612 non
532 3559 612 3612 modo
625 3558 769 3612 clementer
779 3560 958 3626 probavimus,
975 3575 1067 3612 rernm
1079 3562 1159 3613 etiam
1171 3562 1276 3613 omnino
1289 3563 1409 3627 patribus

153 3648 179 3697 in
190 3648 304 3699 concilio
323 3648 494 3698 existentibus
511 3662 559 3712 per
575 3662 625 3697 roa
640 3646 840 3713 proponendam
858 3645 1084 3702 decrevimus...
1102 3648 1192 3714 itaque
1208 3648 1284 3700 rubia
1296 3649 1409 3716 henigne

154 3740 231 3802 atque
259 3749 381 3800 expresse
407 3734 567 3800 iniungimus
592 3737 622 3784 ut
643 3735 727 3800 primo
750 3749 855 3801 quoque
879 3738 998 3800 tempore
1023 3730 1084 3782 Rae·
1111 3734 1289 3786 cardinalibus
1315 3735 1410 3801 legatis

155 3821 317 3886 caeterisque
334 3815 390 3871 ΒΜ·
413 3833 446 3869 ac
463 3817 525 3868 vae·
547 3820 666 3886 patribus
684 3827 857 3872 memoratum
881 3823 1007 3888 seriptum
1032 3827 1149 3873 nostrum
1167 3823 1272 3873 nomine
1299 3836 1331 3871 ac
1349 3823 1409 3873 loco

154 3915 241 3961 nostro
255 3946 262 3961 .
275 3945 282 3959 .
295 3945 302 3959 .
316 3907 470 3960 exhiheatis,
482 3899 527 3957 ’Ζιι
540 3907 631 3974 signer
641 3905 813 3959 lniormation
825 3907 941 3959 erhalten
954 3907 992 3959 aie
1004 3908 1126 3975 augleich
1137 3908 1229 3959 sieben
1242 3907 1292 3960 auf
1299 3907 1342 3957 die
1356 3905 1406 3958 Re·

157 3996 221 4046 iorm
232 3993 389 4061 heahghche
401 3993 540 4045 Schriften.
561 3993 589 4044 iu
602 3999 685 4044 erater
696 3995 772 4046 Liuia
785 3994 872 4045 haben
884 3996 922 4046 sie
930 3993 998 4059 jetzt
1010 3995 1090 4046 dahin
1104 4012 1136 4046 nn
1148 3995 1249 4049 withan
1261 3994 1315 4046 und
1323 3994 1410 4046 haben

157 4081 213 4134 sieb
233 4098 267 4134 su
285 4082 345 4135 dem
364 4081 466 4134 Behufe
492 4081 540 4142 mit
556 4079 627 4130 aileu
644 4079 871 4147 gleichgeainnten
889 4081 987 4134 Vitem
1013 4081 1068 4133 aud
1086 4082 1218 4134 Oratcrsn
1240 4098 1274 4132 aa
1290 4085 1408 4133 varstan·

159 4169 243 4236 digan,
270 4169 331 4220 dass
350 4168 397 4220 das
415 4167 509 4220 concil
527 4167 585 4218 sich
603 4167 818 4220 ausschlieaslieh
841 4170 889 4220 ruit
906 4169 955 4225 dar
971 4169 1079 4224 Reform
1096 4170 1272 4236 heachhitige:
1300 4169 1414 4236 quodsi

159 4273 219 4308 vero
237 4259 358 4308 obtinere
381 4255 553 4325 nequiveritis
579 4261 609 4304 ut
626 4253 712 4306 solum
734 4256 926 4310 reformationis
953 4261 1093 4326 negocium
1121 4257 1296 4324 adpraesens
1323 4259 1408 4308 conti·

159 4353 259 4412 uretur,
276 4347 435 4399 mactatione
453 4345 486 4400 de
504 4347 672 4416 dogmatibus
689 4367 772 4418 usque
790 4352 852 4403 dum
870 4352 935 4402 illud
952 4368 1058 4418 prorsus
1075 4350 1180 4402 finiatur
1201 4350 1291 4416 dilata,
1309 4353 1335 4402 in
1358 4367 1409 4418 quc

160 4437 245 4486 tamen
263 4433 423 4502 perficiendo
450 4451 554 4487 omnem
582 4451 689 4503 operam
716 4437 842 4490 adhibere
861 4443 888 4489 et
905 4455 995 4489 omnes
1012 4443 1113 4488 vestros
1142 4443 1252 4488 conatus
1279 4435 1413 4488 intendere

103 4521 108 4531 '
160 4521 268 4588 debetis,
286 4527 351 4576 trane
368 4525 425 4590 pari
443 4523 579 4589 diligenth
595 4525 622 4574 in
640 4536 672 4575 ac
688 4525 823 4575 elaborare
841 4524 980 4590 debebitis,
999 4529 1029 4575 ut
1046 4524 1140 4574 saltem
1157 4523 1235 4574 simui
1253 4523 1286 4574 de
1304 4527 1416 4588 utroque

161 4615 293 4676 hasim
304 4625 399 4677 nempe
412 4611 446 4662 de
457 4609 642 4665 reformatione
655 4617 682 4662 et
695 4610 728 4661 de
739 4612 914 4678 dogmatibus,
926 4627 977 4662 nee
986 4611 1095 4663 aiterum
1105 4611 1182 4662 alteri
1191 4615 1362 4678 postponatur
1372 4645 1378 4661 .
1389 4643 1396 4659 .
1408 4645 1415 4659 .

226 4699 277 4757 Dia
295 4697 458 4764 Abundung
476 4697 561 4750 dieser
579 4699 740 4752 hntrnctton
766 4697 822 4748 und
839 4698 888 4750 dea
905 4698 1006 4750 Libeila
1032 4703 1187 4765 verahgerte
1205 4698 1262 4750 sich
1289 4712 1333 4748 um
1351 4696 1415 4748 awai

163 4783 241 4854 Tage,
260 4785 349 4836 isdem
367 4784 409 4834 die
428 4783 734 4851 Gesandteudepeschen
750 4801 812 4836 rom
832 4787 864 4836 12
888 4785 944 4836 und
968 4787 1000 4834 13
1023 4785 1078 4839 hisi
1100 4784 1255 4838 Perdinaud
1272 4784 1366 4836 Aniass
1384 4799 1417 4836 au

166 4870 213 4922 deu
230 4873 353 4923 weitcren
372 4869 533 4938 Weisungen
551 4871 577 4921 in
595 4870 640 4921 Νι.
662 4869 796 4921 CLXXIV
814 4871 907 4936 gabon.

653 5045 857 5062 -.natm-umanu-

153 5104 256 5148 arctat
273 5117 293 5152 a.
308 5107 338 5148 G.
351 5107 374 5150 d.
388 5107 483 5152 conciis.
