3532 5832
924 657 997 739 III.

605 872 829 949 instruction
857 874 920 948 lltr
947 875 1066 950 Franz
1092 897 1167 951 von
1195 875 1357 965 Thurm;

746 1027 938 1094 Augsburg,
957 1027 1088 1078 result
1108 1029 1198 1079 1559.

603 1207 739 1262 Romanu.
765 1206 954 1280 Glciciizes'tipc
975 1208 1117 1278 Abecirifl
1138 1209 1186 1264 des
1211 1209 1348 1280 Concepit.

413 1383 585 1450 instructio
599 1407 710 1450 carum
723 1408 831 1450 rerum
843 1408 924 1473 quas
938 1386 1055 1452 nobilis
1068 1385 1172 1452 fidelis
1184 1384 1278 1450 nobis
1296 1383 1432 1452 dilectus
1446 1385 1644 1453 Franciscus

311 1486 395 1552 liber
415 1487 495 1552 baro
520 1487 559 1552 de
582 1488 677 1552 Turni
699 1497 809 1553 noster
831 1488 1031 1554 consiliarius
1054 1499 1086 1555 et
1100 1488 1188 1577 apud
1199 1489 1449 1554 illustrissimum
1465 1489 1643 1556 dominium

312 1588 472 1654 Venatum
494 1599 602 1655 orator
623 1591 752 1656 nomine
774 1599 884 1656 nostro
904 1591 1026 1658 Romae
1049 1615 1146 1679 agere
1162 1602 1195 1659 et
1215 1594 1333 1680 exequi
1350 1591 1483 1658 debebit
1495 1595 1642 1660 ineven-

312 1700 381 1756 tum
404 1715 467 1780 quo
491 1692 562 1759 ΒΜ
589 1693 631 1759 D.
654 1694 694 1758 N.
716 1717 758 1760 ex
780 1693 842 1758 hac
864 1693 1005 1760 humana
1026 1697 1095 1760 vita
1117 1695 1274 1762 decedere
1297 1697 1477 1782 contigerit.

413 1795 493 1861 Cum
518 1819 561 1862 ex
582 1797 718 1861 diversis
739 1795 818 1862 locis
841 1797 883 1862 ad
904 1819 964 1862 nos
979 1798 1138 1884 perlatum
1153 1800 1204 1882 sit,
1226 1799 1445 1864 beatissimum
1463 1800 1496 1862 in
1512 1799 1643 1865 Christo

311 1906 436 1983 patrem
465 1899 508 1964 D.
535 1899 672 1965 Paulum
693 1899 743 1964 IV
765 1900 876 1964 divina
896 1899 1102 1987 providentia
1123 1912 1255 1967 sanotae
1277 1903 1442 1966 Romanae
1465 1911 1497 1966 et
1511 1904 1641 1968 univer·

310 1999 386 2064 salis
410 1999 565 2068 eeclesiae
588 2025 746 2068 summum
768 2003 963 2091 pontificem,
987 2002 1152 2070 dominum
1167 2015 1312 2070 nostrum
1324 2004 1639 2090 reverendissimum,

311 2103 353 2168 ab
376 2103 485 2191 aliquo
506 2114 651 2194 tempore
667 2105 803 2172 diversis
819 2108 922 2173 morbi
937 2107 1109 2194 generibus
1126 2107 1228 2194 affligi
1243 2117 1275 2174 ct
1290 2109 1467 2191 extenuari,
1491 2109 1537 2172 ita
1552 2109 1644 2196 quod

312 2207 490 2272 timendum
513 2210 569 2292 sit,
593 2233 634 2275 ne
657 2208 714 2274 8⁸⁸⁸
737 2211 806 2275 cius
828 2220 934 2276 aetate
957 2211 1114 2295 confecta,
1136 2212 1260 2278 viribus
1282 2211 1458 2295 exhaustis,
1482 2211 1641 2277 diuturni-

312 2312 376 2374 oris
398 2310 594 2377 valetudinis
615 2313 820 2379 incommoda
835 2316 993 2380 sustinere
1018 2314 1136 2397 valeat,
1159 2314 1297 2401 ideoque
1319 2315 1411 2380 nobis
1438 2337 1497 2400 pro
1514 2317 1642 2381 ratione

311 2416 454 2480 caesarei
475 2417 575 2480 nostri
596 2417 737 2480 muneris
759 2415 939 2500 incumbat,
968 2440 1095 2483 omnem
1118 2441 1250 2505 operam
1274 2427 1306 2482 et
1328 2417 1526 2504 diligentiam
1550 2417 1642 2483 adbi-

310 2515 404 2601 bere,
442 2517 550 2603 quoad
579 2519 649 2583 eius
676 2541 736 2604 per
761 2542 821 2584 nos
849 2519 918 2584 fieri
941 2530 1054 2606 queat,
1078 2530 1114 2584 ut
1136 2523 1164 2585 si
1187 2509 1227 2585 Si
1247 2523 1331 2605 eius,
1355 2520 1443 2610 quod
1465 2520 1508 2586 D.
1531 2519 1570 2586 O.
1594 2521 1641 2584 M.

310 2619 417 2687 adhuc
446 2619 620 2687 clementer
646 2631 792 2688 avertere
815 2622 980 2710 dignetur,
1002 2624 1187 2688 humanitus
1210 2624 1332 2711 aliquid
1355 2622 1519 2706 acciderit,
1544 2623 1575 2690 S.
1599 2625 1639 2690 R.

309 2733 342 2789 et
363 2725 554 2789 universalis
585 2723 721 2791 ecclesia
744 2727 776 2789 in
797 2735 887 2790 tenta
908 2727 1072 2813 religionis
1094 2737 1224 2794 nostrae
1246 2727 1424 2794 catholicae
1447 2727 1638 2794 confusione

311 2836 343 2892 et
364 2826 605 2915 perturbatione
633 2829 752 2894 diutius
781 2828 889 2895 debito
912 2829 1020 2896 idonei
1043 2830 1132 2917 digni
1154 2854 1193 2896 ao
1216 2831 1404 2897 sufficientis
1425 2833 1565 2918 pastoris
1589 2855 1640 2897 so-

309 2929 386 2995 latio
408 2954 474 2996 non
498 2931 698 3016 destituatur,
722 2954 761 2998 ac
782 2942 954 3020 propterea
976 2956 1102 2998 summa
1124 2936 1301 3000 necessitas
1322 2935 1474 3021 requirat,
1498 2957 1558 2999 nos
1581 2933 1639 2999 ha-

308 3033 386 3100 bere
407 3035 442 3099 in
464 3034 550 3099 alma
571 3035 651 3102 urbe
672 3036 863 3122 prudentem
886 3047 919 3101 et
939 3039 1078 3125 peritum
1091 3047 1260 3122 oratorem,
1283 3039 1338 3124 qui
1353 3037 1427 3102 ΒΜ·
1451 3037 1493 3100 D.
1508 3037 1551 3101 D.
1567 3059 1639 3102 car-

310 3135 434 3203 dinales
462 3159 526 3204 non
554 3137 657 3204 solum
685 3138 764 3226 quid
793 3141 833 3204 sit
860 3141 894 3203 in
923 3139 985 3204 hac
1006 3150 1099 3227 parte
1121 3141 1219 3206 officii
1242 3163 1354 3205 eorum
1375 3141 1504 3205 nomine
1526 3149 1638 3206 nostro

311 3239 499 3325 admoneat,
529 3242 586 3308 sed
614 3244 711 3308 etiam
740 3241 780 3308 de
808 3251 918 3308 nostro
947 3242 989 3308 ad
1011 3243 1249 3330 procurandam
1272 3242 1449 3308 catholicae
1471 3242 1638 3328 religionis

308 3353 438 3411 nostrae
458 3347 615 3411 unitatem
637 3345 743 3411 studio
767 3347 919 3412 certiores
941 3346 1066 3431 reddat,
1090 3349 1118 3410 is
1133 3356 1240 3411 autem
1255 3356 1363 3412 orator
1378 3369 1420 3410 ex
1436 3346 1511 3410 aula
1525 3355 1638 3412 nostra

310 3468 463 3513 caesarea
490 3450 524 3513 in
553 3458 711 3535 tempore,
746 3450 830 3514 sicut
851 3471 984 3516 necesse
1007 3450 1106 3533 foret,
1142 3448 1220 3514 illue
1241 3451 1409 3536 pervenire
1431 3472 1497 3513 non
1517 3459 1638 3537 posset,

311 3552 565 3617 existimavimus
593 3575 665 3617 eam
693 3575 803 3616 curam
833 3561 865 3618 et
895 3555 1095 3640 provinciam
1123 3555 1242 3618 nemini
1264 3555 1383 3618 rectius
1407 3574 1502 3639 quam
1526 3574 1637 3638 supra·

311 3654 474 3719 nominato
498 3656 617 3720 oratori
638 3663 748 3720 nostro
764 3654 953 3720 demandari
968 3679 1074 3743 posse.
1098 3678 1195 3743 quam
1211 3657 1349 3743 primum
1364 3657 1474 3741 itaque
1491 3655 1531 3720 de
1546 3653 1639 3720 obitu

311 3755 343 3820 S.
366 3755 418 3821 Sl·
438 3758 625 3824 nunciatum
647 3757 752 3841 firerit,
776 3757 864 3844 quod
886 3767 972 3824 certe
994 3759 1139 3825 Venetiis
1161 3759 1429 3846 paucissimorum
1444 3757 1568 3822 dierum
1584 3758 1638 3822 vel

310 3857 461 3925 horarum
484 3863 588 3948 spatio
611 3863 805 3940 innotescat,
839 3871 975 3949 accepta
1002 3862 1043 3927 ab
1065 3861 1141 3926 Ill¹²¹⁰
1162 3861 1372 3926 Venetiarum
1399 3860 1482 3926 duce
1508 3861 1640 3925 licentia

311 3964 338 4027 si
360 3972 487 4050 tempus
509 3963 624 4042 tulerit,
647 3963 765 4030 relictis
787 3964 885 4030 rebus
908 3964 1067 4046 omnibus,
1089 3988 1149 4052 per
1170 3965 1343 4052 dispositos
1365 3987 1465 4052 equos
1487 3975 1543 4028 aut
1558 3963 1639 4028 alias

312 4066 603 4154 quomodocunque
626 4067 761 4132 celerius
777 4069 895 4155 poterit
909 4078 995 4133 terra
1009 4069 1131 4133 marive
1145 4069 1282 4133 Romam
1303 4090 1476 4154 properare
1499 4067 1639 4133 debebit

311 4193 375 4256 qno
398 4192 472 4234 cum
494 4169 675 4257 appulerit,
699 4173 844 4258 inprimis
867 4173 1038 4238 conveniet
1052 4169 1238 4258 singillatim
1261 4193 1371 4238 omnes
1394 4169 1573 4236 cardinales
1596 4170 1639 4235 ad

312 4295 393 4360 quos
409 4273 517 4339 literas
533 4273 660 4340 anobis
676 4276 875 4364 conscriptas
890 4275 1058 4340 habiturus
1070 4284 1128 4359 est,
1152 4297 1271 4361 eosque
1283 4274 1438 4362 appositis
1454 4275 1549 4339 etiam
1572 4270 1639 4338 ido-

309 4378 379 4442 neis
395 4377 601 4463 argumentis,
625 4401 698 4442 cum
713 4379 937 4445 testificatione
952 4401 1095 4444 summae
1110 4386 1240 4443 nostrae
1263 4379 1296 4442 in
1318 4399 1373 4442 eos
1394 4376 1638 4443 benevolentiae

311 4502 350 4544 ae
377 4479 516 4545 fiduciae
548 4503 696 4546 necnon
727 4483 945 4569 praesentium
966 4481 1312 4547 turbulentissimorum
1343 4503 1383 4545 ac
1404 4479 1636 4568 periculosissi-

310 4605 436 4648 morum
456 4591 638 4671 temporum
660 4584 859 4674 aliorumque
882 4608 965 4673 quae
989 4584 1119 4649 adrem
1141 4583 1249 4649 facere
1270 4583 1424 4649 videntur
1447 4606 1636 4649 commemo-

313 4687 445 4770 ratione,
474 4685 616 4752 breviter
643 4685 683 4753 de
717 4711 816 4754 causa
838 4711 916 4754 suae
938 4688 1109 4774 legationis
1138 4685 1325 4752 informabit
1347 4696 1379 4752 et
1401 4686 1443 4752 ad
1465 4687 1548 4754 hanc
1570 4688 1638 4753 uni·

311 4812 439 4856 versam
468 4791 691 4856 tractationem
714 4790 942 4878 praeparabit,
981 4815 1036 4856 eos
1067 4791 1254 4879 praesertim
1284 4791 1339 4876 qui
1367 4790 1460 4856 nobis
1489 4801 1521 4855 et
1543 4791 1637 4858 serm

312 4893 543 4979 Hispaniarum
566 4895 635 4980 regi
658 4894 779 4960 addicti
802 4919 873 4961 esse
888 4894 1094 4978 videbuntur,
1116 4903 1153 4958 ut
1166 4881 1249 4958 bunt
1271 4893 1452 4958 cardinales
1468 4893 1632 4977 Germani,

313 4995 461 5084 Hispani,
485 4995 526 5062 de
549 4995 665 5084 Carpo,
688 4997 894 5082 Mantuanus,
918 4998 958 5063 de
980 4997 1126 5082 Medicis,
1149 4995 1306 5080 Famesii,
1330 4995 1582 5063 Sanctae-florae
1603 5005 1636 5061 et
