3468 5820
314 539 376 605 ιιι

318 751 419 816 eupra
434 727 608 796 oonoilium
624 753 665 796 an
682 729 856 796 oonoilium
871 752 969 818 supra
982 753 1111 819 papam.
1134 765 1175 782 -
1197 730 1249 798 IX
1271 755 1313 798 an
1336 733 1587 800 existimandum
1610 737 1655 801 sit

316 843 423 919 patres
441 831 569 898 concilii
584 832 739 898 hactenus
756 833 968 900 sufficientem
982 833 1134 900 habuisse
1149 834 1330 902 libertatem
1349 837 1488 903 dicendi.
1509 875 1543 884 -
1557 838 1589 902 X
1606 863 1651 904 an

317 958 457 1024 aequum
480 937 521 1001 ait
542 945 579 1002 ιιι
599 947 743 1022 potestas
767 935 1003 1004 determinandi
1026 960 1170 1024 eaquae
1192 940 1226 1003 in
1249 940 1386 1008 oonoilio
1414 951 1649 1028 proponuntur,

316 1038 504 1125 eimplioiter
526 1040 614 1127 apud
641 1042 747 1126 ipsum
776 1038 947 1104 concilium
975 1051 1150 1106 remaneat
1178 1078 1221 1092 —
1248 1043 1298 1108 XI
1327 1066 1369 1110 an
1398 1044 1650 1132 permittendum

315 1153 351 1207 ut
373 1141 472 1228 legati
505 1143 667 1230 pontificis
698 1166 757 1230 pro
786 1143 982 1210 resolutione
1016 1146 1157 1210 omniurn
1191 1168 1302 1212 eorum
1335 1169 1419 1236 quae
1447 1150 1480 1212 in
1509 1148 1650 1214 eoncilio

315 1254 494 1312 tractantur
517 1271 644 1334 semper
665 1247 707 1312 ad
731 1271 890 1312 summum
911 1247 1096 1334 pontificem
1118 1260 1294 1315 recurrant.
1317 1287 1358 1298 --
1380 1251 1447 1316 XII
1470 1273 1512 1316 an
1535 1253 1567 1316 in
1590 1275 1649 1315 ne·

316 1351 409 1436 goeio
432 1350 597 1438 religionis
619 1350 652 1416 hi
697 1350 917 1416 tantummodo
940 1351 1069 1416 articuli
1090 1353 1293 1438 proponendi
1316 1355 1379 1420 sint
1402 1355 1443 1421 de
1466 1353 1585 1443 quibua
1602 1355 1648 1420 in-

316 1463 364 1518 ter
387 1452 562 1521 catholicoe
586 1464 618 1519 et
639 1454 842 1520 adversarios
865 1465 916 1520 est
938 1457 1166 1522 controversia.
1189 1491 1230 1504 -
1253 1455 1338 1522 XIII
1361 1468 1573 1545 posteaquam
1589 1457 1648 1522 Hi·

316 1558 409 1642 spani
432 1567 465 1623 et
480 1557 568 1624 Galli
591 1560 721 1644 saepius
743 1556 846 1622 multa
867 1559 1013 1623 iniieiunt
1028 1581 1113 1644 quae
1128 1560 1236 1645 potius
1252 1559 1415 1627 adrerum
1432 1560 1653 1626 turbationem

317 1683 414 1747 quam
437 1663 673 1748 promotionem
696 1671 843 1749 spectare
866 1661 1032 1746 videntur,
1056 1662 1135 1750 quid
1155 1661 1206 1728 Mu
1235 1661 1268 1728 S.
1292 1665 1324 1730 in
1346 1664 1409 1730 hao
1431 1687 1466 1730 re
1488 1663 1653 1750 agendum

317 1765 367 1830 eit.
391 1801 432 1814 -·
454 1765 537 1830 XIV
561 1765 600 1830 de
624 1767 719 1831 unico
743 1765 871 1831 oonoilii
894 1768 1076 1833 secretario·

450 1954 485 2004 Je
509 1954 688 2006 rahlrsiehere
714 1956 767 2006 und
791 1955 944 2022 wichtigere
967 1955 1072 2023 Fragen
1101 1959 1128 2008 in
1153 1958 1204 2008 den
1223 1956 1448 2024 Verhendlungen
1472 1957 1518 2008 dea
1543 1956 1652 2010 concils

384 2039 563 2106 ausgeworien
582 2041 698 2104 wurden,
718 2042 793 2092 desto
811 2041 886 2092 mehr
905 2042 1029 2108 empland
1040 2043 1194 2094 Fordinand
1213 2043 1260 2094 des
1272 2045 1426 2096 Beriiirsniss
1439 2043 1497 2095 siolr
1509 2045 1553 2094 bei
1566 2045 1652 2096 Theo·

385 2125 464 2192 logen
481 2127 536 2178 und
555 2127 702 2179 Politikern
721 2127 790 2178 Rath
809 2143 842 2177 an
861 2127 976 2179 erholen.
1007 2129 1038 2180 ln
1056 2132 1142 2180 seiner
1159 2129 1288 2181 nltehsten
1305 2129 1464 2197 Umgebnng
1481 2129 1593 2180 wurden
1613 2129 1652 2180 (lie

386 2211 567 2264 Conferenzen
587 2214 634 2264 der
651 2215 806 2280 Theologen
826 2217 856 2278 (s.
875 2215 919 2266 Nr.
940 2214 1087 2266 ccxxxn
1107 2215 1192 2282 sequ.)
1211 2215 1380 2284 fortgosatrt3
1398 2217 1452 2267 und
1472 2233 1525 2267 wer
1536 2231 1591 2268 ron
1605 2218 1651 2267 den

391 2299 678 2350 Vertreuensmitnnem
697 2301 744 2350 des
762 2300 952 2352 Kaieersnieht
963 2301 989 2350 in
1001 2301 1102 2353 Person
1115 2301 1293 2352 theilnehmen
1310 2303 1416 2365 konute,
1436 2303 1483 2352 der
1499 2303 1593 2354 wurde
1611 2319 1652 2352 mn

386 2383 550 2436 schriftlioho
570 2385 724 2436 Gutaehten
741 2400 921 2453 angegangen.
953 2387 1036 2437 Unter
1059 2387 1110 2437 den
1135 2386 1304 2454 Rathgebern
1329 2389 1376 2439 der
1397 2388 1508 2440 lststem
1532 2390 1582 2440 Art
1599 2391 1652 2439 tritt

387 2470 457 2522 auoh
471 2471 540 2536 jetat
557 2470 656 2522 wieder
675 2471 791 2538 Gieuger
808 2475 835 2523 in
855 2473 907 2524 den
924 2473 1120 2540 Vordergrnud.
1145 2475 1182 2524 Er
1199 2479 1298 2525 museto
1317 2474 1418 2526 ‹lamals
1435 2475 1468 2526 Κ.
1488 2475 1651 2526 iluimilian

391 2573 437 2608 aur
455 2557 527 2608 Seite
545 2558 629 2621 stehn,
648 2558 763 2609 welcher
780 2564 879 2610 anstatt
896 2561 983 2610 seinse
1001 2561 1095 2610 Vetera
1113 2575 1155 2612 em
1174 2563 1207 2611 23
1226 2561 1300 2611 Milia
1319 2560 1370 2611 (len
1388 2560 1512 2626 Lanrltag
1529 2563 1558 2612 in
1577 2561 1651 2610 Wisn

388 2643 498 2694 eriiffnet
515 2645 602 2708 hatte,
620 2645 675 2695 und
700 2645 799 2696 konnte
825 2645 936 2697 deshelb
961 2647 1008 2696 der
1028 2646 1180 2713 Einladung
1204 2647 1273 2698 nach
1297 2647 1446 2698 Innsbrnok
1470 2647 1544 2697 nieht
1569 2647 1650 2713 Folge

387 2729 487 2781 leisten.
516 2729 551 2781 So
578 2732 640 2782 liess
658 2731 712 2781 ihm
730 2733 882 2783 Ferdiuand
910 2733 953 2782 die
971 2739 1135 2799 gasemmten
1158 2733 1332 2784 Couoilaeten
1356 2731 1404 2783 der
1427 2731 1525 2783 letzten
1543 2733 1651 2783 Monate

387 2815 529 2876 ausenden,
549 2815 610 2866 dass
629 2833 657 2866 er
674 2817 743 2868 naoh
761 2819 915 2884 Berethnng
932 2820 980 2868 rnit
992 2817 1052 2870 dem
1064 2819 1168 2886 Konige
1183 2821 1256 2870 asine
1269 2820 1396 2885 Meinung
1407 2819 1475 2870 tiber
1486 2819 1540 2869 alle
1552 2819 1651 2869 sehwe·
1721 2873 1722 2876 Ἴ

386 2901 493 2951 benden
516 2901 621 2967 Fragen
644 2903 749 2968 abgebe
768 2903 915 2970 (Concepte
933 2920 995 2956 rom
1020 2905 1265 2956 17.23.24Mtrz
1287 2907 1315 2956 in
1338 2905 1390 2956 den
1414 2905 1444 2959 O.
1463 2905 1505 2970 A.)
1525 2905 1579 2955 Die
1597 2919 1650 2955 ane

384 2986 514 3037 riulione
536 2988 655 3038 Antwort
672 2989 727 3040 oa
746 3002 794 3040 aus
811 2973 898 3052 wien,
917 2993 950 3040 aa
967 2989 1041 3056 upru
1059 2990 1141 3057 (oeg.
1160 2991 1236 3058 iure.)
1256 2993 1361 3058 besept:

453 3092 510 3142 Der
527 3092 623 3142 Kaieer
640 3093 689 3142 itbt
705 3108 755 3144 nur
773 3094 846 3143 seina
863 3093 964 3145 Rechte
983 3109 1030 3144 aus
1049 3095 1103 3145 und
1122 3094 1210 3146 erfiillt
1228 3095 1300 3145 seine
1313 3093 1418 3158 Pllieht,
1436 3111 1513 3146 wenn
1525 3109 1555 3145 er
1567 3093 1649 3161 gleich

389 3176 440 3228 don
458 3177 581 3243 Ktiuigen
599 3177 646 3227 der
664 3177 751 3228 Juden
770 3179 825 3228 und
852 3179 904 3229 rien
923 3179 1091 3230 christlichen
1115 3181 1227 3232 Kaisern
1251 3198 1304 3232 ron
1328 3181 1485 3234 Constantin
1508 3182 1551 3232 bie
1575 3181 1648 3246 Sigis-

387 3263 468 3314 muud
485 3264 543 3314 sich
561 3263 607 3314 der
625 3264 805 3316 todtlrranlren
823 3266 922 3316 Kirrhe
940 3269 1075 3330 annimmt,
1101 3267 1180 3318 daran
1198 3267 1298 3318 Diener
1315 3283 1376 3319 vom
1394 3268 1501 3319 wahren
1520 3265 1648 3318 christon·

389 3350 462 3400 thum
481 3351 515 3400 ab
534 3351 562 3399 in
580 3350 774 3402 eehmthliehes
793 3351 972 3402 Heidenthnm
997 3353 1125 3404 verialleu
1148 3352 1206 3404 sind
1233 3353 1288 3404 nnd
1311 3353 1516 3422 selbstsiishtige
1541 3355 1648 3406 Zwsclre

387 3436 533 3503 veriolgen.
552 3436 607 3487 Aul
622 3437 665 3488 die
683 3437 878 3489 vortrefliiehen
896 3439 986 3489 Brieis
1004 3453 1037 3490 an
1057 3438 1107 3490 (ιιι
1125 3440 1210 3505 Papst
1232 3441 1267 3490 ist
1288 3440 1357 3505 jetat
1375 3441 1417 3492 dia
1435 3442 1559 3493 hntrrort
1575 3441 1648 3492 abru-

386 3527 501 3586 wnrten,
528 3523 629 3573 welche
647 3524 759 3576 Morene
777 3525 956 3590 iiberbringen
973 3525 1030 3580 soll.
1062 3525 1114 3576 Die
1131 3525 1349 3592 nacmssiegmde
1371 3527 1459 3594 Frage
1476 3529 1525 3591 ist,
1552 3528 1646 3579 obdas

387 3607 481 3660 Oonoil
506 3608 654 3675 anigeltist‚
679 3609 781 3676 verlegt
805 3611 869 3660 oder
892 3612 941 3660 wie
966 3610 1055 3662 bisher
1077 3611 1210 3664 eworhlos
1233 3613 1389 3679 iortgesetrt
1406 3614 1513 3666 werden
1532 3616 1590 3668 soll.
1619 3615 1646 3664 In

388 3695 494 3745 keinem
513 3695 588 3745 Falle
607 3693 678 3745 steht
696 3695 756 3745 dem
774 3695 858 3760 Papst
876 3694 923 3746 das
941 3695 1027 3747 Reeht
1045 3713 1085 3758 zu,
1104 3698 1226 3749 desselbe
1246 3700 1440 3768 eigenmiichtig
1457 3717 1490 3751 ru
1507 3702 1646 3754 schlieasen
1721 3741 1722 3768 p

389 3781 454 3832 oder
472 3795 505 3830 zu
523 3780 655 3846 verlegen.
676 3780 725 3831 Am
744 3779 914 3833 rithlicheten
933 3785 967 3832 ist
990 3799 1018 3832 es
1037 3784 1213 3835 lorinusetaeu
1240 3785 1280 3836 bis
1303 3801 1337 3835 ιιι
1361 3788 1445 3837 eiuem
1471 3794 1554 3853 goten
1576 3785 1645 3838 Ende

386 3869 442 3918 und
471 3883 504 3918 zu
531 3867 590 3918 dem
617 3868 720 3918 Behuie
748 3869 877 3920 nuntohet
906 3869 972 3920 elles
1002 3871 1171 3922 auiznbieten
1203 3870 1263 3922 dees
1294 3887 1322 3922 es
1349 3871 1511 3940 vollstiimlig
1542 3871 1646 3924 besneht

385 3954 481 4006 werde.
681 3953 754 4020 Opus
781 3954 901 4020 proiecto
934 3956 1013 4006 inerit
1037 3971 1082 4007 eas
1106 3959 1172 4008 inire
1195 3959 1326 4022 rationes,
1362 3961 1457 4024 quibus
1481 3973 1545 4028 pars
1567 3959 1643 4010 altera

385 4047 440 4093 tarn
458 4042 494 4093 ad
512 4042 716 4107 comparendum
735 4043 761 4092 iu
780 4042 893 4094 concilio
918 4057 996 4108 quam
1021 4045 1099 4094 etiam
1124 4043 1211 4094 sidem
1234 4044 1378 4110 parendum
1396 4047 1546 4110 permoveri
1562 4047 1642 4111 quaet.

387 4128 438 4179 hoe
457 4133 546 4180 autem
565 4143 597 4179 eo
615 4128 704 4178 forsan
722 4126 801 4178 modo
819 4127 876 4179 fieri
894 4141 982 4193 posse,
1001 4129 1022 4178 si
1042 4127 1068 4178 S.
1082 4129 1142 4179 Mu·
1154 4130 1195 4191 V„
1215 4133 1369 4182 exammatia
1382 4131 1500 4182 articulis
1512 4147 1578 4200 quor
1589 4143 1640 4198 pare

388 4217 472 4267 altera
491 4215 525 4266 do
543 4215 704 4268 instituendo
732 4219 759 4264 et
787 4215 945 4266 celebrando
971 4216 1085 4266 coneilio
1109 4217 1161 4266 iam
1180 4215 1243 4267 olim
1261 4217 1395 4281 Augustas
1415 4223 1441 4267 et
1463 4233 1549 4284 nuper
1570 4217 1638 4266 Num·

389 4303 466 4369 burgi
485 4301 587 4360 obtulit,
607 4315 667 4352 eum
686 4301 737 4351 8²⁰
754 4302 789 4352 D.
807 4301 839 4354 N.
861 4303 944 4368 egerit
961 4317 994 4353 ao
1012 4303 1046 4354 ab
1064 4301 1134 4353 illins
1153 4297 1191 4353 Su
1211 4317 1259 4354 eeu
1277 4303 1389 4355 concilio
1407 4304 1592 4370 impetraverit,
1613 4303 1637 4350 ut

387 4389 414 4438 ln
432 4387 512 4438 licitis
530 4389 624 4438 saltem
648 4392 674 4438 et
695 4387 813 4438 honestis
830 4401 891 4453 pars
916 4387 1001 4438 altera
1018 4387 1198 4452 exaudiretur3
1224 4389 1294 4439 sieut
1317 4390 1386 4440 enim
1410 4387 1518 4456 quidam
1543 4390 1634 4440 illornn

388 4475 558 4527 articulorum
584 4474 802 4526 meonnessibiles
828 4474 958 4539 videntur,
985 4476 1023 4526 ita
1050 4489 1114 4526 sane
1140 4473 1281 4527 nonnullos
1298 4476 1395 4528 rationi
1413 4481 1440 4526 et
1457 4478 1583 4543 aequitati
1598 4472 1635 4524 ad-

388 4561 495 4612 modum
514 4577 646 4613 consonos
670 4576 728 4612 esso
751 4561 842 4627 negari
864 4562 909 4610 rix
931 4565 1032 4625 potest,
1055 4559 1140 4612 veluti
1163 4566 1225 4612 enut
1247 4562 1353 4612 ιιιιιιιιι
1371 4561 1405 4614 do
1423 4561 1498 4614 selvo
1518 4560 1635 4614 οοιιιιιιιι

389 4649 458 4712 parti
477 4649 552 4699 alteri
571 4646 605 4698 ad
624 4649 707 4697 instar
724 4647 877 4698 Basilieueis
897 4646 1002 4697 concilii
1019 4648 1046 4697 in
1065 4647 1226 4713 amplissime
1242 4647 1327 4698 forma
1344 4647 1545 4714 praestando..
1561 4687 1567 4700 .
1583 4646 1634 4696 item

389 4731 422 4782 de
440 4731 563 4785 libertate
580 4736 608 4784 in
627 4733 740 4785 concilio
758 4750 812 4784 non
830 4733 909 4784 morlo
928 4732 1033 4783 dicandi
1061 4734 1108 4784 sed
1137 4735 1215 4784 etiam
1234 4733 1393 4786 decernendi
1409 4733 1579 4800 praestande;
1604 4726 1632 4778 ed

393 4818 445 4869 hoa
471 4835 505 4870 ne
531 4821 559 4868 in
577 4818 696 4885 qnalibet
714 4833 796 4870 eausa
818 4819 929 4870 Romam
953 4835 1000 4884 pro
1026 4819 1161 4871 decisione
1183 4826 1333 4871 recurratur
1358 4820 1473 4886 ideoque
1500 4819 1632 4886 bipartitum

393 4906 534 4956 concilium
552 4906 631 4956 simul
650 4911 676 4956 et
693 4906 775 4957 semel
793 4905 894 4957 Romae
916 4909 943 4955 et
960 4905 1079 4956 'l'ridenti
1104 4921 1157 4957 uon
1180 4908 1237 4956 siue
1260 4907 1334 4973 gravi
1357 4905 1485 4957 seandalo
1503 4905 1632 4957 celebretur

389 5005 576 5059 eaeremmque
594 4992 754 5058 synodorum
772 4994 899 5044 autoritas
917 5005 1023 5056 prorsus
1042 4997 1197 5055 enervetur3
1220 4994 1284 5044 item
1300 4993 1375 5043 utin
1392 4998 1448 5044 tem
1466 5005 1554 5044 orasse
1569 4999 1629 5054 pm·
1721 5043 1722 5054 ,

391 5075 502 5132 latorum
520 5081 602 5131 nostri
621 5078 704 5129 seculi
722 5079 870 5146 ignorantia
885 5093 939 5130 non
956 5083 1011 5128 tam
1029 5077 1119 5146 plnres
1136 5095 1216 5152 quarn
1233 5079 1358 5136 meliores
1372 5080 1400 5130 ιιι
1413 5079 1529 5132 oonoilio
1540 5074 1630 5128 vincam
1721 5055 1722 5100 3
