3498 5818
113 716 325 784 vehementer
347 739 430 803 opus
451 715 602 796 habeant,
626 713 859 784 elaborandum
882 717 943 782 erit
964 717 1052 804 apud
1073 727 1181 805 patres
1203 718 1238 784 in
1259 717 1395 786 concilio
1416 731 1453 788 ut

112 818 169 886 illa
191 820 284 886 omni
305 819 457 886 ulteriore
477 827 624 886 morast
651 820 856 886 cunctatione
884 821 1065 908 postposita
1092 821 1216 909 ubique
1245 819 1390 888 locorum
1421 831 1453 889 et

113 934 275 990 terrarum
298 925 483 992 instituatur
504 943 544 990 ac
559 923 700 990 maxime
715 925 749 988 in
764 921 948 1008 Germania,
971 923 1028 992 ubi
1043 926 1112 990 sine
1127 922 1272 1011 periculo
1286 925 1453 992 amittendi

114 1030 253 1114 exiguas
275 1026 334 1094 bas
362 1025 541 1094 catholicae
568 1023 734 1112 religionis
760 1025 914 1114 reliquias
947 1026 1068 1094 diutim
1096 1028 1217 1094 differri
1243 1051 1310 1095 non
1337 1036 1451 1113 potest.

112 1133 146 1196 in
169 1153 211 1198 ea
233 1153 314 1196 vero
337 1128 553 1196 instituendae
571 1127 808 1196 reformationis
823 1128 1056 1196 consultatione
1070 1153 1276 1220 nequaquam
1291 1141 1454 1218 postrema

113 1255 192 1298 cura
214 1243 250 1298 et
272 1231 442 1299 solicitudo
464 1240 594 1318 patrum
618 1252 691 1296 esse
714 1229 847 1298 debebit
867 1233 1070 1299 restaurandi
1103 1234 1272 1302 ministerii
1302 1233 1453 1300 ecclesia·

113 1337 204 1419 stici,
236 1357 280 1400 ne
309 1334 434 1402 sufficet
455 1333 576 1400 diutius
598 1355 673 1398 cum
694 1342 785 1400 tanto
807 1332 973 1420 religionis
995 1333 1174 1402 catholicae
1196 1359 1235 1404 ac
1256 1335 1455 1424 reipublicae

114 1438 314 1504 christianae
339 1438 531 1504 detrimento
553 1459 593 1502 ac
614 1443 664 1502 tot
684 1434 822 1501 millium
843 1439 1024 1504 animarum
1045 1440 1168 1506 iactum
1188 1439 1360 1527 parochiae
1381 1461 1454 1526 sug-

113 1551 228 1627 gestus
257 1550 292 1606 et
320 1537 452 1606 scholae
481 1539 629 1608 desertae
659 1547 691 1606 et
714 1537 877 1606 desolatae
899 1539 1131 1629 relinquantur,
1155 1542 1233 1630 quin
1255 1543 1319 1608 imo
1343 1565 1454 1610 omnes

114 1645 332 1730 cogitationes
354 1652 386 1709 et
408 1665 504 1710 curae
525 1650 652 1729 patrum
675 1663 713 1708 eo
737 1651 966 1710 convertantur
987 1653 1023 1710 ut
1044 1645 1205 1712 maximus
1226 1646 1288 1712 iste
1309 1645 1455 1712 defectus

115 1770 180 1833 quo
204 1747 251 1812 ad
272 1768 427 1833 praesens
454 1743 638 1832 respublica
665 1743 840 1812 christiana
866 1745 994 1812 laborat
1014 1746 1204 1814 idoneorum
1227 1757 1260 1814 et
1281 1747 1453 1815 catholico·

113 1871 187 1914 rum
208 1848 428 1936 parochorum
451 1848 714 1914 concionatorum
738 1856 771 1914 et
784 1859 1031 1935 praeceptorum
1045 1850 1150 1938 primo
1166 1872 1295 1938 quoque
1309 1859 1455 1936 tempore

116 1953 282 2018 sarciatur
307 1961 341 2018 et
363 1951 568 2018 seminarium
599 1947 765 2016 hominum
788 1952 843 2038 qui
865 1951 908 2018 ad
930 1950 989 2018 has
1010 1951 1193 2018 sanctones
1216 1952 1454 2020 ecclesiasticas

115 2057 305 2142 promoveri
328 2063 448 2143 queant
468 2061 687 2140 praeparetur.
711 2075 795 2140 quae
817 2056 925 2120 omnia
947 2077 1020 2122 oum
1040 2055 1212 2123 videantur
1226 2077 1299 2124 esse
1313 2055 1457 2123 remedia

119 2159 268 2226 sanando
284 2157 362 2224 buic
376 2154 649 2243 periculosissimo
660 2153 788 2222 vulneri
798 2178 838 2222 ac
849 2179 951 2244 prope
965 2159 1142 2226 inveterato
1158 2157 1242 2224 malo
1256 2156 1456 2245 reipublicae

119 2262 320 2328 christianae
341 2259 437 2326 valde
459 2257 685 2326 convenientia
708 2268 740 2324 et
761 2269 1004 2345 praesentanea,
1026 2260 1123 2328 iidem
1146 2270 1289 2328 oratores
1312 2283 1352 2328 ac
1372 2283 1456 2328 ccm-

116 2367 259 2430 missarii
280 2365 383 2430 nostri
404 2362 565 2432 curabunt
588 2383 627 2426 ea
647 2361 793 2447 patribus
809 2363 994 2452 ubicunque
1008 2386 1043 2430 se
1059 2364 1185 2431 dederit
1199 2366 1326 2432 occasio
1342 2361 1456 2430 sedulo

119 2467 288 2534 inculcare
309 2489 349 2532 ac
370 2486 430 2554 pro
453 2487 514 2534 sna
533 2465 654 2551 pietate
675 2465 795 2531 instare
818 2474 851 2530 ct
872 2485 997 2552 urgere,
1020 2488 1062 2532 ne
1084 2465 1192 2532 surdis
1213 2465 1345 2532 auribus
1363 2487 1455 2553 prae·

120 2579 288 2638 tereantnr
308 2591 350 2634 ac
370 2576 616 2656 postponantur.

224 2674 328 2740 Porro
359 2693 432 2738 cum
461 2670 555 2738 nobis
581 2692 641 2757 pro
668 2670 793 2736 ratione
821 2672 964 2738 muneris
992 2673 1093 2738 nostri
1125 2672 1270 2740 caesarei
1291 2668 1459 2740 incumbat

122 2780 196 2843 iura
219 2785 254 2841 et
276 2774 408 2840 decreta
430 2776 513 2840 sacri
536 2773 572 2838 R.
595 2773 721 2859 imperii
742 2794 803 2860 pro
824 2773 950 2840 viribus
971 2776 1070 2841 tutari
1092 2796 1133 2840 ac
1155 2772 1327 2840 defendere
1349 2794 1457 2860 neque

124 2903 183 2946 nos
206 2875 384 2965 imperialis
400 2877 502 2944 nostri
517 2875 614 2945 officii
630 2875 739 2940 debito
754 2895 890 2964 usquam
906 2866 1019 2944 deesse
1033 2875 1182 2960 velimus,
1203 2877 1458 2945 existimavimus

121 2992 299 3071 propterea
334 2987 479 3046 oratores
512 3000 553 3044 ac
586 2978 821 3044 commissarios
854 2987 980 3046 nosnos
1013 2981 1196 3046 necessario
1228 2977 1458 3061 adnroncndos,

122 3097 159 3152 nt
182 3087 211 3150 si
234 3083 364 3171 qnando
388 3080 680 3150 ammadverterent
704 3079 828 3167 aliquid
859 3082 893 3146 in
921 3079 1207 3150 deliberationibus
1239 3091 1273 3147 et
1301 3078 1459 3146 consulta·

123 3187 268 3256 tionibus
290 3194 418 3275 patrnm
440 3185 473 3250 in
494 3183 637 3253 medium
660 3181 779 3250 adferri
801 3193 834 3250 et
855 3185 971 3269 agitari
994 3185 1082 3272 quod
1104 3185 1179 3272 paci
1200 3183 1351 3270 religioni
1365 3183 1459 3248 datae

125 3291 222 3359 etde
246 3313 285 3356 ea
306 3291 340 3354 in
362 3297 555 3375 perpetuum
578 3294 691 3354 sancte
712 3284 931 3373 inviolateque
954 3287 1117 3353 amanda
1138 3288 1225 3352 initis
1247 3288 1331 3352 inter
1352 3307 1412 3350 nos
1427 3295 1461 3351 et

125 3396 211 3462 sacri
233 3393 272 3459 R.
295 3392 421 3480 imperii
444 3389 573 3458 ordines
595 3386 783 3456 caccabus
804 3409 987 3476 repugnare
1014 3399 1071 3455 aut
1097 3390 1255 3478 derogare
1285 3387 1459 3472 videretur,

127 3519 169 3564 ne
190 3497 324 3562 nomine
345 3517 385 3562 ac
405 3492 478 3560 loco
499 3501 610 3560 nocuo
632 3492 667 3556 in
687 3490 721 3558 id
744 3492 954 3576 consentiant,
977 3491 1036 3558 sed
1057 3493 1165 3578 potius
1188 3490 1460 3560 commodioribus

128 3621 227 3690 quam
248 3607 402 3686 poterunt
422 3593 600 3663 rationibus
617 3591 697 3660 illud
712 3593 890 3680 impediant
904 3603 937 3660 et
951 3603 1178 3681 praecaveant.
1199 3603 1368 3682 praeterea
1382 3614 1460 3680 que·

128 3705 217 3769 niam
240 3700 319 3768 nihil
341 3709 392 3766 est
412 3699 552 3781 suavius,
576 3695 656 3762 nibil
672 3695 732 3764 deo
749 3695 992 3784 acceptabilius,
1014 3696 1095 3764 nibil
1110 3696 1250 3766 afflictae
1265 3698 1461 3766 christianae

128 3803 330 3894 reipublicae
351 3801 461 3868 utilius
482 3799 535 3865 vel
557 3801 661 3886 magis
683 3801 901 3866 neceesarium
922 3799 1007 3866 alma
1020 3823 1113 3888 pace,
1136 3802 1179 3868 ad
1194 3824 1292 3890 quam
1307 3799 1461 3868 tuendam

134 3919 165 3976 et
194 3905 423 3976 stabiliendam
452 3903 618 3990 hucusque
647 3901 801 3989 quicquid
821 3903 984 3990 potuimus
1007 3903 1132 3972 consilii
1154 3925 1273 3991 operae
1295 3911 1328 3970 et
1349 3901 1462 3968 auxilii

130 4009 339 4091 contulimus,
372 4029 438 4073 non
468 4003 529 4072 abs
557 4027 592 4070 re
621 4025 789 4072 censemus
816 4003 879 4070 hoc
906 4027 1036 4095 quoque
1057 4005 1130 4073 loco
1154 4017 1297 4074 oratores
1320 4015 1352 4072 et
1374 4027 1461 4071 corn·

131 4113 296 4180 mimarios
319 4119 445 4179 nosnos
467 4107 509 4174 de
530 4108 639 4172 animo
662 4116 696 4172 et
716 4115 823 4174 mente
845 4117 956 4174 nostra
984 4109 1122 4176 edocere
1142 4112 1253 4198 eisque
1281 4111 1458 4196 iniungere,

131 4227 165 4283 ut
187 4217 216 4282 si
239 4213 379 4304 quando,
404 4210 490 4300 quod
512 4211 593 4277 deus
615 4231 673 4296 pro
697 4231 756 4276 sua
776 4211 933 4276 immensa
953 4211 1153 4298 benignitate
1174 4222 1315 4294 avertat,
1338 4214 1372 4280 in
1387 4235 1461 4280 con·

133 4319 205 4385 cilio
229 4315 354 4404 aliquid
376 4313 534 4381 incideret
554 4311 640 4378 unde
661 4311 826 4380 videretur
855 4314 1020 4383 imminere
1044 4313 1222 4400 periculum
1245 4316 1358 4384 orituri
1380 4316 1463 4380 inter

133 4445 226 4512 reges
249 4428 433 4507 potentatus
454 4440 494 4483 ac
516 4416 678 4504 principes
695 4415 889 4482 christianae
903 4415 1103 4505 reipublicae
1118 4417 1203 4502 belli,
1227 4427 1342 4483 utnon
1357 4425 1464 4483 cessat

133 4523 266 4592 humani
289 4520 418 4610 generis
441 4521 645 4588 adversarius
667 4515 850 4584 hominibus
873 4519 1024 4608 inquietis
1046 4542 1158 4585 ansam
1174 4519 1417 4586 subministrare
1432 4527 1464 4584 et

133 4628 376 4694 incitamentum
398 4624 476 4690 dare
498 4621 542 4690 ad
563 4619 806 4688 disturbandum
830 4624 935 4688 ocium
958 4632 990 4688 et
1012 4622 1164 4690 serendas
1187 4622 1366 4690 discordias
1390 4645 1464 4688 san·

135 4729 330 4817 guinemque
353 4726 561 4792 christianum
582 4721 795 4806 tundendum,
822 4723 887 4810 ipsi
914 4734 1057 4790 oratores
1086 4726 1298 4793 commissarii
1321 4735 1353 4790 et
1374 4747 1463 4790 man·

137 4829 252 4897 datarii
274 4830 376 4896 nostri
399 4827 594 4894 eiuscemodi
622 4824 760 4890 sinistris
787 4824 930 4890 consiliis
952 4849 1025 4893 sese
1047 4831 1133 4894 omni
1155 4837 1273 4894 conatu
1298 4834 1464 4914 opponant

139 4941 170 4998 et
190 4931 353 5020 publicam
377 4934 516 5022 quietem
539 4938 571 4995 et
594 4923 800 4993 concordiam
822 4928 970 4994 omnibus
992 4929 1095 4996 modis
1125 4940 1157 4996 et
1187 4929 1310 4995 viribus
1340 4929 1374 4993 in
1396 4929 1463 4993 uni·

140 5057 231 5102 verso
255 5035 428 5112 christiano
451 5034 528 5101 orbe
551 5050 742 5098 conservare
764 5027 893 5098 firmare
916 5043 949 5098 et
970 5055 1150 5122 propagare
1173 5031 1336 5098 adiuvent.
