3532 5832
322 463 362 526 tt

386 653 573 704 Continuation
599 651 645 701 des
668 649 774 699 trithem
798 646 904 698 concils
928 646 987 696 dem
1010 646 1107 710 Papste
1139 647 1312 709 beistimmte,
1339 645 1412 696 hatte
1438 660 1467 694 er
1493 642 1575 694 sehon
1613 656 1673 690 am

387 742 421 790 24
438 736 501 790 Joni
528 737 575 800 (ib.
602 738 666 796 5583
692 735 747 800 vgl.
775 733 843 784 ench
866 731 1005 798 Dbllinger
1022 733 1101 785 Beitr.
1122 734 1145 795 1,
1175 731 1236 797 337)
1264 732 1324 782 dem
1346 732 1440 804 Kaiser
1465 728 1672 796 gesehriebeu.

386 828 442 877 Der
459 825 547 890 Konig
569 841 621 874 von
645 820 807 872 Frankreieh
833 820 953 884 dagegen
976 819 1166 870 beantwortete
1192 819 1236 869 die
1259 817 1424 884 papstlichen
1446 816 1673 882 Propositionen

387 913 415 964 iu
432 911 580 962 dhnliohem
600 909 679 960 Sinus
696 910 746 958 wie
763 905 914 960 l'erdioand
932 905 982 971 (Le
1001 905 1061 956 Plnt
1078 908 1103 970 4,
1122 908 1173 958 626
1191 905 1245 957 und
1262 905 1365 960 Pallav.
1383 907 1407 968 2,
1427 903 1495 970 142).

886 1103 1088 1116 m-

881 1336 1087 1422 XXXIX.

655 1559 796 1634 Hosius
836 1578 881 1631 an
925 1556 1056 1630 Kaiaer
1090 1555 1320 1646 ferdinand5

748 1712 855 1776 wien,
875 1711 997 1762 20-27
1014 1709 1096 1761 Juni
1116 1711 1204 1760 1560.

681 1891 863 1950 montana
881 1891 1020 1966 Orr'pioot
1035 1891 1102 1948 ohne
1122 1890 1312 1962 Uatmclrift.

633 2073 735 2141 Sacra
757 2083 789 2140 et
812 2075 1017 2140 serenissima
1039 2095 1192 2139 caesarea
1213 2071 1282 2137 ΜΨ

634 2187 666 2244 et
687 2177 815 2243 domine
838 2177 965 2245 domine
988 2177 1243 2244 clementissime.

428 2309 489 2375 Est
516 2308 606 2397 quod
628 2332 724 2396 agam
748 2331 821 2374 eum
845 2307 877 2374 S.
900 2309 957 2374 Ml·
970 2319 1079 2374 vestra
1100 2332 1165 2375 non
1187 2319 1254 2376 tam
1275 2319 1321 2376 ut
1333 2311 1478 2393 nuntius,
1502 2332 1605 2396 quam
1632 2319 1672 2374 ut

330 2436 414 2478 unus
437 2437 479 2480 ex
496 2412 648 2479 fidelibus
663 2423 696 2478 et
710 2412 939 2478 addictissimis
954 2412 994 2478 V.
1010 2412 1075 2478 Ml·
1092 2414 1310 2497 servitoribus,
1329 2413 1457 2501 qualem
1473 2413 1514 2478 ab
1528 2413 1673 2480 ineunte

333 2527 439 2588 aetate
461 2541 513 2584 me
537 2540 668 2604 semper
682 2539 752 2582 sum
768 2517 932 2604 professus
948 2517 980 2580 in
995 2516 1081 2582 hune
1097 2540 1200 2604 usque
1217 2517 1312 2601 diem,
1327 2541 1388 2584 nee
1404 2541 1545 2605 unquam
1561 2516 1671 2582 alium

334 2621 500 2688 declarare
522 2645 573 2686 me
593 2619 701 2686 velim.
717 2643 779 2707 ego
803 2628 835 2684 et
849 2621 881 2684 in
897 2618 1012 2685 Ser¹¹¹¹m
1026 2619 1125 2686 filiam
1142 2621 1183 2686 V.
1199 2620 1264 2686 Ma·
1282 2621 1481 2690 Elisabetam
1497 2620 1672 2687 dominam

329 2715 437 2790 meam
459 2724 751 2806 clementissimam,
776 2745 859 2810 quae
882 2733 956 2790 ante
984 2722 1092 2810 plures
1120 2746 1222 2790 annos
1250 2727 1282 2790 in
1306 2725 1432 2792 Christo
1456 2724 1670 2807 obdormivit,

321 2827 428 2894 ‘fidem
446 2837 478 2893 et
493 2827 731 2894 observantiam
744 2848 841 2912 quam
856 2828 946 2912 potui
961 2828 1137 2893 maximam
1159 2851 1286 2915 semper
1307 2829 1534 2913 demonstravi,
1555 2851 1672 2914 neque

332 2930 444 2996 dubito
468 2931 546 3018 quin
568 2953 653 3016 quae
676 2938 823 3015 superest
844 2928 961 3008 adbuc,
993 2939 1025 2994 et
1046 2932 1169 2996 utinam
1191 2931 1246 2996 diu
1267 2931 1345 2996 Μιοιῐι
1367 2932 1452 2997 illius
1474 2932 1553 2997 deus
1575 2933 1669 2998 ineo·

331 3034 451 3100 lumem
475 3043 655 3116 conservet,
678 3031 772 3098 Seru·
794 3033 908 3118 regina
937 3031 1112 3099 catherina
1145 3035 1275 3100 domina
1307 3059 1380 3101 mea
1414 3036 1670 3101 clementissima

331 3138 416 3203 idem
437 3137 479 3202 V.
502 3135 555 3202 Ml
586 3135 627 3201 de
656 3159 708 3202 me
730 3137 947 3203 testimonium
971 3139 1011 3202 sit
1035 3137 1164 3222 datura,
1194 3139 1281 3226 quod
1310 3162 1438 3228 semper
1458 3163 1511 3205 me
1531 3139 1667 3205 fidelem

332 3243 446 3328 suique
469 3240 768 3307 observatissimum
791 3241 981 3306 servitorem
996 3251 1029 3308 et
1044 3241 1210 3307 subditum
1226 3243 1267 3307 sit
1282 3253 1427 3330 experta.
1450 3251 1571 3308 etcum
1590 3251 1668 3306 ante

332 3369 433 3410 annos
457 3343 617 3410 undeoem
640 3352 800 3409 oratorem
823 3367 954 3429 agerem
977 3344 1065 3432 apud
1088 3345 1164 3409 Μιεπιι
1187 3345 1228 3411 V.
1251 3344 1341 3411 Seru*
1368 3347 1454 3430 regis
1477 3347 1549 3426 mei,
1573 3343 1667 3409 nulla

333 3447 397 3512 alia
420 3447 459 3512 de
482 3470 517 3513 re
539 3447 585 3514 fui
607 3449 711 3532 magis
735 3446 899 3529 sollicitus,
924 3469 1021 3534 quam
1048 3457 1085 3512 ut
1107 3470 1191 3535 quae
1214 3470 1341 3534 semper
1368 3449 1428 3512 fuit
1451 3457 1483 3512 et
1511 3457 1559 3512 est
1582 3449 1668 3511 inter

333 3550 412 3615 Μιθιιι
435 3550 476 3615 V.
500 3559 532 3615 et
547 3549 665 3640 Ser-m
675 3573 785 3636 regem
800 3571 907 3614 meum
924 3551 1079 3633 amicicia,
1103 3573 1143 3615 ea
1157 3573 1222 3616 uon
1236 3549 1332 3615 modo
1349 3551 1533 3616 conservari
1548 3571 1665 3616 verum

333 3655 430 3721 etiam
453 3655 565 3738 augeri
586 3660 698 3739 posset
725 3661 758 3718 et
785 3651 985 3739 amplificari.
1013 3663 1227 3740 posteaquam
1254 3676 1331 3719 vero
1354 3665 1488 3719 vocatus
1519 3677 1539 3718 a
1560 3653 1664 3718 Paulo

333 3757 382 3822 IV
404 3756 506 3823 felicis
529 3755 761 3821 reeordationis
776 3755 911 3821 Romam
933 3757 1018 3838 veni,
1042 3779 1125 3842 quae
1146 3737 1242 3822 fuerit
1263 3755 1347 3821 illius
1364 3755 1404 3821 de
1419 3757 1475 3821 Μιο
1488 3757 1528 3822 V.
1546 3759 1663 3844 opinio,

332 3883 399 3926 non
420 3845 602 3946 ignoraturi
626 3883 698 3924 eam
713 3883 773 3944 ego
790 3868 946 3946 quantum
960 3859 1051 3944 potui
1074 3881 1116 3923 ex
1139 3860 1245 3924 animo
1261 3857 1344 3924 illius
1368 3858 1505 3924 evellere
1521 3859 1664 3924 conabar

336 3973 368 4028 et
389 3954 478 4049 apud
501 3952 611 4028 omne's
633 3962 708 4027 ΒΜ·
736 3963 881 4028 dominos
904 3959 1085 4026 cardinales
1108 3961 1169 4026 hoe
1192 3961 1232 4026 de
1255 3960 1287 4027 S.
1315 3961 1371 4026 M⁸⁶
1384 3962 1425 4027 V.
1448 3964 1663 4028 testimoninm

335 4065 469 4149 dabam,
501 4065 588 4152 quod
611 4075 695 4131 esset
718 4067 798 4130 eitra
821 4064 1055 4129 dubitationem
1077 4064 1176 4129 ullam
1207 4062 1399 4130 christianus
1427 4064 1605 4131 catholicus
1633 4073 1663 4127 et

335 4169 534 4234 orthodoxus
556 4192 615 4233 rex
638 4179 669 4234 et
681 4169 864 4254 imperator.
888 4177 920 4232 et
942 4189 1152 4254 quoscunque
1167 4166 1397 4252 praesentabat
1412 4169 1592 4254 episcopos,
1609 4189 1661 4231 eos

334 4295 393 4358 pro
415 4271 499 4336 virili
521 4294 607 4352 mea,
641 4294 837 4359 quamquam
859 4270 993 4347 frustra,
1016 4292 1087 4333 sum
1110 4269 1265 4334 adiuvare
1288 4281 1436 4354 conatus,
1466 4281 1501 4336 ut
1523 4272 1590 4337 voti
1613 4270 1658 4332 sui

266 4459 267 4462 Ἴ
336 4385 500 4462 compotes
523 4373 735 4440 efficerentur.
759 4396 831 4440 cum
855 4374 963 4459 itaque
986 4394 1114 4458 semper
1135 4372 1197 4438 hae
1219 4373 1283 4438 fide
1306 4384 1338 4436 et
1358 4371 1565 4439 observantia
1587 4393 1661 4457 erga

336 4477 369 4543 S.
392 4479 470 4543 Μιιιιι
499 4479 540 4544 V.
562 4478 687 4562 fuerim,
711 4477 808 4543 offieii
830 4477 893 4540 mei
916 4496 987 4540 esse
1009 4477 1122 4561 putavi
1143 4487 1179 4540 ut
1202 4477 1297 4541 etiam
1320 4499 1407 4542 nune
1428 4476 1566 4542 eandem
1587 4497 1660 4558 erga

336 4581 424 4646 illam
447 4581 655 4648 declararem.
684 4584 807 4646 interea
829 4589 938 4644 tamen
961 4578 1108 4664 supplico
1130 4579 1183 4644 Μιι
1206 4578 1245 4644 V.
1276 4589 1311 4642 ut
1332 4601 1372 4644 ea
1401 4601 1484 4665 quae
1506 4577 1658 4666 profiscis-

338 4693 454 4750 cuntur
477 4707 496 4748 a
516 4708 568 4749 me
590 4687 623 4749 in
646 4686 799 4771 optimam
821 4690 947 4769 partem
971 4683 1119 4768 accipere
1141 4681 1228 4766 velit,
1253 4705 1327 4747 eum
1341 4705 1406 4747 non
1422 4681 1552 4747 aliunde
1568 4699 1659 4768 quam

338 4811 380 4853 ex
403 4785 558 4873 singulari
581 4809 659 4873 ergo
680 4787 770 4852 illam
789 4785 899 4850 studio
922 4795 954 4848 et
977 4784 1184 4851 observantia
1205 4785 1460 4872 proficiscantur.

438 4889 512 4954 Non
535 4911 606 4954 sum
627 4892 655 4954 is
678 4891 732 4976 qui
754 4887 851 4954 velim
873 4909 1006 4952 -rem
1030 4887 1276 4974 expendendam
1297 4886 1459 4974 relinquat
1483 4886 1535 4975 [=
1561 4881 1656 4952 Bush-

339 4993 400 5060 01t2
423 4995 453 5078 a,
476 4991 670 5081 ers-esrp
