3512 5838
631 691 883 780 CCLXXX.

370 993 449 1068 Der
476 992 610 1068 Kalasr
635 1011 682 1066 an
711 988 773 1066 dia
801 987 1139 1078 Oonclloratoren3

401 1147 602 1213 hamburg,
624 1145 723 1200 sunu
741 1147 759 1196 d
777 1141 973 1212 September
998 1145 1089 1196 1508.

602 1328 740 1386 moena
765 1327 890 1400 concept.

185 1509 239 1578 Zu
275 1510 338 1576 den
371 1508 437 1575 ihm
471 1532 524 1575 am
557 1509 600 1576 20
628 1507 758 1596 August
793 1507 973 1594 gesandten
1006 1529 1113 1576 neuen
1144 1506 1413 1574 Reformartikeln

85 1611 239 1680 bemerkt
261 1635 305 1697 er,
327 1634 396 1677 was
418 1635 454 1677 er
475 1635 516 1676 an
540 1607 614 1678 dem
637 1612 666 1678 2.
690 1612 721 1678 3.
746 1611 796 1678 14.
821 1611 869 1677 19.
895 1621 1109 1678 ausausetaen
1131 1611 1198 1678 hat
1284 1609 1339 1676 Ad
1366 1632 1414 1676 re·

80 1714 171 1806 liqua
196 1717 307 1804 capita
330 1716 437 1781 omnia
458 1737 523 1780 non
545 1713 702 1780 habemus
725 1713 813 1780 aliud
837 1713 925 1802 quod
948 1713 1105 1794 dieamus,
1139 1715 1198 1782 sed
1219 1736 1278 1802 pro
1306 1723 1416 1780 nostra

87 1828 181 1906 parte
205 1817 303 1886 facile
326 1841 364 1886 sa
386 1818 593 1902 admittimus,
616 1817 679 1884 illis
701 1827 809 1884 umen
833 1820 980 1905 exeeptis
1003 1839 1096 1906 quae,
1121 1839 1195 1884 cum
1216 1819 1304 1905 prior
1326 1815 1415 1884 libel·

82 1919 131 1987 lus
154 1922 201 1988 ad
225 1946 285 1990 nos
308 1921 425 1990 allatus
448 1932 542 2002 esset,
565 1923 683 2008 partim
710 1921 903 2009 corrigenda
932 1921 1050 2008 partim
1072 1944 1150 1987 vero
1173 1921 1318 1988 tollenda
1340 1942 1416 1988 cen·

83 2026 219 2111 suimus,
244 2027 339 2092 sicuti
362 2048 405 2091 ex
427 2025 528 2091 literis
550 2027 668 2090 nostris
681 2073 688 2089 .
702 2074 730 2092 ..
754 2026 966 2112 cognovistis3
989 2024 1031 2091 ab
1054 2046 1094 2092 ea
1113 2046 1244 2112 nanque
1260 2027 1420 2090 sententia

82 2129 115 2192 in
139 2151 208 2218 qna
230 2139 299 2195 tum
321 2129 441 2196 fuimus
454 2180 461 2192 .
474 2178 501 2193 ..
526 2151 612 2194 nune
635 2150 764 2217 quoque
788 2137 919 2216 propter
940 2126 1101 2216 legitimas
1124 2137 1156 2194 et
1170 2138 1321 2214 urgentes
1344 2151 1417 2194 cau·

84 2253 136 2296 sas
160 2233 322 2300 dimoveri
344 2255 409 2298 non
432 2253 614 2320 possumus.
638 2243 781 2300 ceterum
802 2232 865 2298 boc
886 2231 958 2298 loco
979 2253 1041 2298 nec
1063 2231 1143 2298 illud
1164 2231 1313 2300 volumus
1328 2232 1418 2298 dissi-

84 2337 211 2404 mulare
236 2336 324 2427 quod
348 2337 381 2402 in
403 2337 544 2424 priorem
567 2333 714 2402 libellum
741 2336 978 2402 reformationis
1009 2337 1157 2401 coniecta
1183 2336 1313 2402 fuerunt
1341 2359 1418 2425 qua·

84 2448 159 2507 tuor
183 2441 303 2528 capita,
326 2448 441 2528 utputa
465 2439 514 2504 12.
536 2437 587 2504 29.
611 2439 663 2504 30.
686 2439 738 2522 38,
762 2461 845 2528 quae
868 2461 943 2506 cum
966 2448 1077 2506 sancte
1104 2439 1225 2505 fuerint
1246 2440 1420 2505 constituta

86 2552 118 2608 et
140 2553 264 2610 statum
287 2541 483 2608 Germaniae
506 2544 669 2628 attingant
691 2545 784 2630 eique
807 2565 873 2609 non
887 2564 1003 2630 parum
1018 2542 1175 2630 prodesse
1194 2552 1323 2630 queant,
1347 2563 1420 2607 oon·

88 2647 218 2713 iectura
239 2668 305 2711 non
327 2646 530 2732 assequimur
558 2667 616 2710 cur
644 2647 678 2710 in
700 2646 763 2713 ista
791 2645 1018 2712 reformatione
1041 2647 1104 2711 sint
1131 2667 1263 2732 prorsus
1291 2646 1419 2730 omissa,

86 2750 305 2838 volumusque
326 2748 463 2836 proinde
486 2757 521 2812 ut
543 2750 630 2814 omni
653 2748 760 2815 studio
783 2749 889 2836 agatis
912 2771 953 2815 ne
977 2749 1085 2837 capita
1107 2748 1163 2815 illa
1179 2748 1304 2815 silentio
1320 2747 1420 2816 invol-

88 2863 274 2922 vantur...

195 2954 290 3022 Nach
312 2955 491 3021 Eintreffen
515 2955 572 3021 der
594 2953 749 3021 Berichte
772 2978 847 3022 vom
869 2955 912 3022 24
933 2955 1000 3022 und
1021 2956 1064 3023 29
1086 2957 1231 3044 August:
1347 2956 1422 3023 Non

88 3060 336 3150 expectavimus
358 3059 431 3124 ΒΜ·
454 3058 527 3124 illos
550 3057 676 3146 legatos
697 3059 792 3125 vobis
815 3071 881 3126 tam
897 3061 1052 3127 acerbum
1074 3082 1266 3148 responsum
1289 3061 1421 3127 daturos

89 3163 200 3232 firisse.
224 3185 298 3228 nam
323 3161 477 3249 quioquid
506 3183 566 3228 nos
597 3184 671 3227 cum
698 3162 759 3227 ΒΜ
777 3161 814 3230 Ο.
837 3163 972 3230 Morene
1001 3174 1034 3229 et
1061 3186 1135 3230 eum
1167 3162 1238 3230 aliis
1262 3163 1304 3230 de
1325 3162 1423 3230 rebus

92 3266 224 3334 concilii
247 3267 381 3354 egimus,
404 3263 579 3350 benignam
603 3287 731 3353 semper
746 3263 952 3332 adhibuimus
965 3266 1158 3334 modestiam
1173 3289 1234 3332 nec
1250 3268 1424 3354 quicquam

93 3373 204 3436 conati
227 3391 338 3435 sumus
360 3365 414 3434 vel
437 3367 614 3434 acrioribus
638 3367 839 3434 sermonibus
861 3369 915 3435 vel
937 3369 1096 3436 violenter
1119 3379 1312 3457 extorquere
1335 3369 1423 3457 quod

95 3483 183 3539 esset
206 3473 370 3538 aratione
394 3480 426 3535 et
448 3471 610 3558 aequitate
632 3469 772 3536 alienum
795 3481 840 3555 et,
869 3469 945 3537 licet
965 3471 1060 3538 facile
1089 3473 1249 3540 credimus
1277 3473 1309 3536 id
1338 3471 1425 3560 quod

93 3575 271 3642 affirmavit
293 3575 367 3640 ΒΝ·
388 3573 544 3640 Moronus
567 3573 607 3640 de
630 3572 701 3639 aliis
724 3575 827 3661 magis
851 3598 948 3663 quam
972 3575 1013 3642 de
1035 3576 1129 3642 nobis
1151 3598 1223 3642 esse
1239 3575 1326 3642 dicta
1340 3598 1425 3663 quae

92 3680 126 3745 in
156 3681 265 3767 capite
291 3679 529 3746 reformationis
562 3679 727 3766 principes
750 3677 912 3746 seculares
935 3689 1149 3747 concernente
1172 3679 1425 3766 compraehensa

95 3793 181 3868 sunt,
206 3782 365 3870 siquidem
387 3779 490 3868 probe
512 3780 607 3847 nobis
630 3783 752 3848 conscii
774 3805 884 3848 sumus
907 3781 988 3848 nihil
1003 3805 1115 3848 eorum
1131 3782 1173 3848 ad
1188 3805 1247 3848 nos
1262 3785 1424 3868 pertinere

94 3889 151 3976 qui
175 3885 430 3952 ecelesiasticam
452 3882 636 3950 libertatem
657 3906 825 3972 nunquam
845 3886 1041 3950 tentavimus
1071 3884 1271 3950 labefactare
1291 3885 1346 3953 vel
1369 3908 1423 3972 op·

94 3991 250 4078 primore,
280 3987 339 4053 sed
361 3987 468 4074 potius
498 3986 634 4052 eandem
663 3987 811 4053 omnibus
838 3988 962 4053 viribus
988 3987 1087 4054 tutari
1115 3996 1213 4076 atque
1250 3987 1425 4056 defendere

96 4093 285 4176 studuimus,
309 4091 467 4157 tamensi
490 4091 563 4178 quis
585 4099 714 4178 putaret
736 4100 792 4155 aut
815 4090 938 4156 diceret
959 4113 1018 4156 nos
1047 4113 1120 4156 cum
1150 4089 1347 4157 adversariis
1369 4113 1424 4156 ca·

97 4195 237 4278 thelicae
258 4194 423 4282 religionis
446 4202 558 4258 contra
580 4192 690 4259 sedem
713 4192 925 4280 apostolicam
948 4195 1151 4280 conspirasse
1172 4202 1229 4260 aut
1244 4191 1367 4282 aliquid
1382 4193 1425 4260 ad

97 4299 289 4366 turbandam
323 4296 451 4365 concilii
484 4294 666 4364 libertatem
689 4294 808 4379 moliri,
842 4298 869 4360 is
897 4296 1041 4384 profecto
1073 4297 1247 4363 maximam
1276 4297 1426 4362 iniuriam

97 4401 193 4469 nobis
217 4401 412 4468 faceret...
435 4399 523 4488 quod
546 4408 653 4466 autem
675 4407 742 4464 tam
764 4421 897 4486 gravem
920 4399 1091 4466 articulum
1118 4421 1177 4486 pro
1199 4409 1292 4486 parte
1314 4408 1425 4465 nostra

97 4505 295 4572 noluerimus
324 4504 433 4570 statim
463 4502 634 4569 admittere
661 4511 694 4567 et
722 4503 816 4590 quasi
843 4500 948 4568 obviis
975 4499 1058 4567 ulnis
1081 4501 1251 4590 amplecti,
1283 4502 1318 4567 id
1340 4512 1426 4569 certe

99 4632 193 4676 nemo
217 4631 315 4698 aegre
338 4608 422 4675 ferre
443 4628 505 4672 nec
526 4607 559 4672 in
582 4605 744 4672 sinistram
771 4613 896 4692 partem
925 4627 1040 4694 rapere
1063 4603 1170 4688 debet,
1199 4627 1272 4671 cum
1293 4606 1372 4670 talia
1393 4606 1428 4671 iu

101 4735 139 4779 eo
170 4713 275 4800 capite
301 4719 525 4800 proponantur
556 4731 640 4798 quae
668 4717 743 4774 sunt
769 4707 866 4796 plane
895 4730 983 4774 nova
1011 4716 1043 4773 et
1071 4715 1190 4773 statum
1218 4731 1258 4775 ac
1286 4707 1425 4797 quietem

101 4815 243 4882 universi
265 4811 352 4881 (lirr'l
381 4813 469 4880 orbis
491 4824 523 4880 et
545 4813 687 4878 maxime
708 4821 836 4878 noemae
864 4820 897 4878 et
926 4811 1010 4880 sacri
1031 4810 1070 4875 R.
1093 4811 1219 4898 imperii
1241 4833 1427 4899 regnorum-

104 4939 167 5007 que
196 4925 229 4984 et
256 4915 469 4984 dominiorum
496 4925 680 4984 nostrorum
710 4938 750 4981 ac
775 4913 911 4980 aliorum
939 4935 1053 5002 regum
1076 4921 1109 4978 et
1130 4913 1315 5003 principum
1337 4936 1428 4979 secu-

104 5017 218 5087 larium
250 5018 417 5088 libertates
440 5020 646 5087 eminentiam
674 5027 708 5086 et
734 5019 806 5084 iura
838 5027 1046 5086 concernunt.
1081 5042 1194 5087 verum
1222 5017 1352 5107 quidem
1381 5028 1430 5089 est
