3468 5820
328 487 389 554 est

322 699 360 744 se
382 686 418 742 ut
439 675 482 742 de
505 699 542 742 eo
566 676 710 762 episcopi
733 676 905 742 sententias
928 695 1003 740 suas
1027 674 1151 751 dicant;
1177 673 1271 740 simul
1294 677 1390 741 etiam
1412 697 1478 740 non
1499 697 1572 740 esse
1595 695 1669 739 no-

325 803 401 845 vum
425 779 577 863 ostendit,
606 778 742 865 siquod
769 778 966 844 conscientia
994 781 1110 866 cuique
1134 779 1283 862 dictaret,
1307 801 1372 844 non
1393 778 1671 866 proponentibus

327 881 408 966 aliis,
439 905 496 968 pro
520 882 712 969 aequisque
735 881 776 946 ad
800 881 1049 948 examinandum
1072 891 1266 969 proponeret
1291 891 1323 946 et
1347 883 1393 948 sic
1416 881 1669 948 conscientiam

326 1008 416 1050 suam
440 994 628 1051 exoneraret
659 995 755 1072 atque
786 985 871 1050 omni
901 1007 935 1049 se
964 985 1163 1051 dubitatione
1190 983 1352 1052 liberaret.
1389 985 1511 1072 placuit
1541 983 1668 1050 multis

327 1091 393 1154 eius
416 1090 581 1154 sententia.
627 1110 699 1153 cum
735 1110 813 1153 vero
849 1088 882 1152 in
918 1087 968 1154 his
1005 1091 1161 1174 angustiis
1190 1090 1304 1154 iterum
1334 1087 1512 1172 haererent,
1551 1086 1668 1174 legati

324 1193 413 1258 aiunt
447 1190 527 1256 nihil
555 1213 625 1256 esse
655 1213 693 1256 ea
722 1190 762 1256 de
788 1214 823 1256 re
852 1189 1055 1256 statuendum
1085 1191 1124 1256 dc
1154 1214 1218 1278 qua
1245 1191 1332 1257 nulla
1360 1193 1444 1256 inter
1472 1190 1667 1257 catholicos

325 1303 357 1359 et
383 1293 562 1360 haereticos
591 1295 808 1360 controversia
838 1294 1007 1378 existeret3
1031 1294 1117 1382 quod
1150 1295 1176 1359 si
1207 1294 1440 1360 demonstretur
1468 1293 1667 1360 haereticos

324 1420 444 1483 negare
468 1408 594 1462 nostros
618 1397 786 1484 episcopos
810 1420 828 1460 a
852 1396 978 1462 Christo
1009 1397 1169 1466 institutos
1192 1420 1279 1474 esse,
1309 1407 1377 1462 turn
1404 1419 1482 1462 vero
1508 1397 1667 1462 facturos

324 1523 358 1566 se
380 1510 416 1565 ut
448 1511 560 1567 contra
586 1503 674 1587 ipsos
703 1509 869 1566 statuatur.
904 1500 966 1566 hoc
992 1508 1099 1564 autem
1127 1523 1165 1566 eo
1193 1500 1343 1566 dicebant
1371 1499 1457 1588 qnod
1486 1508 1665 1587 putarent,

268 1651 272 1661 .
322 1623 387 1668 non
419 1625 516 1690 posse
547 1606 580 1669 in
601 1603 832 1669 haereticorum
866 1602 955 1667 libris
984 1601 1056 1668 loca
1088 1604 1224 1670 inveniri
1257 1603 1372 1691 quibus
1404 1603 1438 1668 id
1468 1603 1663 1698 doceretur.

326 1705 458 1772 sedhic
480 1729 609 1795 quoque
631 1706 723 1772 aliter
745 1729 813 1772 rem
834 1705 954 1771 habere
976 1704 1212 1773 intellexerunt.
1235 1730 1309 1772 nam
1331 1707 1460 1772 fueram
1486 1729 1529 1771 ex
1552 1707 1662 1792 patri·

326 1809 388 1876 bus
409 1810 508 1897 aliqui
532 1811 587 1897 qui
609 1812 721 1896 paucis
747 1819 822 1897 post
848 1809 962 1875 diebus
990 1810 1032 1875 ad
1063 1821 1190 1877 eentum
1220 1809 1292 1876 loca
1319 1821 1351 1876 et
1379 1834 1417 1877 eo
1445 1809 1585 1897 amplius
1611 1835 1662 1876 ex

325 1912 468 1979 Luthero
492 1923 524 1978 et
545 1911 616 1980 aliis
638 1913 807 1978 haereticis
838 1924 1080 2000 excerpserunt,
1115 1915 1147 1978 in
1181 1912 1298 2000 quibus
1326 1913 1494 1979 manifeste
1523 1923 1661 1980 nostros

328 2018 495 2104 episcopos
518 2016 595 2081 nihil
618 2015 801 2081 aliudesse
832 2036 930 2102 quam
960 2018 1074 2080 summi
1102 2016 1263 2103 pontificis
1291 2014 1399 2082 larvas
1429 2025 1461 2081 et
1483 2025 1661 2083 creaturas

327 2119 389 2206 ipsi
413 2121 548 2185 creatori
571 2120 690 2184 similes
711 2119 849 2185 blaterat
871 2127 904 2182 et
925 2121 1095 2207 episcopos
1130 2118 1329 2207 simplicibus
1351 2119 1576 2186 sacerdotibus
1600 2144 1660 2186 ae-

327 2233 412 2308 quat,
446 2221 666 2288 Hieronimum
699 2231 731 2287 et
760 2221 1010 2288 Chriscstomum
1034 2231 1066 2288 et
1087 2222 1168 2286 alios
1196 2223 1366 2289 nonnullos
1388 2233 1513 2289 veteres
1542 2233 1657 2309 patres

325 2324 409 2392 male
437 2324 684 2412 interpretando.
729 2326 779 2391 his
801 2325 881 2390 locis
904 2349 977 2390 cnm
1000 2327 1064 2390 iam
1087 2335 1271 2392 tenerentur
1301 2326 1480 2392 cardinales
1502 2349 1565 2392 nec
1590 2351 1658 2415 quo

327 2451 361 2494 se
391 2440 552 2495 verterent
581 2429 751 2512 haberent,
785 2452 825 2495 ne
855 2429 932 2517 quid
964 2439 1074 2495 contra
1100 2430 1239 2516 priorem
1270 2453 1360 2496 suam
1389 2430 1575 2518 opinionem
1605 2432 1656 2496 di-

328 2557 400 2601 cere
429 2543 635 2621 cogerentur,
664 2556 730 2598 non
757 2532 905 2616 dubitant
932 2533 1090 2598 affirmare
1118 2531 1320 2598 audientibus
1341 2534 1539 2620 gravisumis
1564 2535 1656 2615 viris,

326 2636 403 2703 nihil
437 2636 499 2701 illia
534 2636 615 2703 loeis
637 2634 727 2700 aliud
757 2658 853 2723 quam
886 2636 1027 2702 convitia
1061 2646 1093 2700 et
1127 2636 1298 2702 maledieta
1326 2639 1488 2703 contineri.
1534 2637 1654 2704 horum

328 2742 497 2804 autoritate
527 2749 559 2804 et
586 2749 674 2806 metu
701 2741 836 2826 permoti
869 2737 958 2803 multi
993 2740 1135 2826 episcopi
1163 2739 1235 2804 Itali
1264 2741 1350 2804 omui
1379 2763 1414 2806 se
1447 2741 1554 2826 potius
1586 2741 1654 2828 dig·

327 2846 426 2908 nitate
455 2842 585 2930 spoliari
613 2867 710 2930 quam
739 2853 850 2908 contra
879 2865 988 2908 eorum
1017 2844 1208 2908 sententiam
1242 2847 1412 2932 quicquam
1449 2843 1558 2912 dicere
1588 2869 1653 2911 ma·

327 2946 462 3029 luerunt,
486 2968 550 3012 non
572 2949 656 3012 enirn
677 2946 870 3033 ignorabant
892 2945 1017 3012 illorum
1041 2969 1075 3012 se
1098 2970 1213 3012 manus
1243 2948 1373 3012 dimisso
1409 2947 1545 3014 concilio
1577 2951 1653 3014 effu·

328 3071 404 3135 gere
426 3072 490 3114 non
511 3071 617 3135 posse.
639 3049 704 3114 huc
727 3049 903 3116 accedebat
926 3049 1012 3138 quod
1034 3051 1297 3136 intemperantius
1320 3053 1415 3117 etiam
1438 3075 1534 3139 quam
1558 3064 1654 3116 antea

328 3153 362 3216 in
392 3151 585 3218 residentiae
617 3155 806 3218 tractatione
835 3163 865 3218 et
893 3151 994 3218 oculis
1018 3163 1050 3218 et
1077 3163 1143 3218 toto
1174 3153 1265 3219 vultu
1294 3153 1546 3238 indignationem
1572 3179 1652 3241 prae

329 3279 363 3320 se
386 3255 531 3320 ferebant
563 3256 661 3342 legati
684 3267 716 3322 et
736 3279 890 3342 persaepe
925 3259 1018 3320 etiam
1053 3280 1108 3322 eos
1135 3267 1244 3344 patres
1274 3279 1354 3345 quos
1377 3257 1416 3323 de
1440 3257 1548 3322 divino
1581 3258 1650 3323 iure

330 3358 491 3423 locuturos
504 3358 731 3423 existimabant
753 3353 995 3445 interpellarent
1017 3369 1058 3440 et,
1076 3362 1222 3446 quamvis
1238 3361 1378 3426 maxime
1394 3359 1436 3424 ad
1450 3363 1651 3447 propositum

328 3461 542 3548 loquerentur,
565 3459 783 3526 admonebant
804 3471 910 3527 tamen
934 3485 989 3526 eos
1012 3472 1047 3527 ut
1062 3485 1102 3528 ne
1117 3486 1137 3526 a
1150 3464 1314 3549 proposito
1331 3474 1555 3549 evagarentur.
1574 3462 1650 3528 illud

329 3565 424 3628 etiam
446 3564 514 3628 risu
537 3563 669 3650 dignum
691 3563 874 3650 frequenter
896 3563 1066 3630 accidebat
1088 3575 1132 3648 ut,
1156 3587 1228 3630 cum
1244 3567 1381 3651 primum
1397 3565 1496 3654 aliqui
1518 3589 1555 3630 os
1577 3590 1648 3652 ape-

328 3667 428 3731 rirent
450 3667 553 3730 etius
576 3667 719 3730 divinum
742 3665 951 3753 appellarent,
975 3667 1015 3731 D.
1038 3667 1136 3753 legati
1159 3691 1224 3732 non
1245 3679 1377 3754 possent
1392 3668 1453 3733 sibi
1469 3681 1648 3756 temperare

330 3771 422 3856 quin,
458 3779 630 3856 antequam
663 3768 877 3856 intelligerent
905 3793 967 3857 quo
992 3793 1095 3837 sermo
1128 3771 1293 3854 evaderet,
1322 3774 1429 3836 statim
1459 3771 1648 3860 interloque-

330 3881 447 3950 rentur,
473 3895 534 3958 quo
557 3872 678 3937 fiebant
700 3871 857 3937 interdum
883 3883 916 3938 ut
938 3875 1033 3939 etiam
1056 3897 1133 3939 suae
1162 3875 1309 3940 factionis
1337 3874 1520 3940 hominihus
1549 3877 1644 3962 impe·

331 3975 472 4040 dimento
495 3985 610 4040 essent
634 3975 742 4062 itaque
766 3998 838 4040 eum
862 3976 902 4041 de
924 3976 1042 4042 haere
1071 3979 1178 4042 acrius
1209 3977 1455 4064 disceptaretur,
1485 3979 1527 4042 D.
1557 3978 1647 4065 legati

331 4078 371 4143 de
394 4099 481 4143 more
504 4100 561 4142 suo
585 4081 730 4164 quintum
754 4078 919 4144 doctrinae
942 4091 1039 4167 caput
1061 4080 1101 4145 de
1123 4089 1323 4146 sacramento
1348 4080 1468 4145 ordinis
1492 4091 1525 4146 et
1556 4083 1646 4168 septi-

330 4203 417 4246 mum
441 4204 480 4246 ac
502 4191 660 4246 octavum.
674 4204 829 4249 canonem
851 4183 985 4248 Romam
1007 4185 1145 4267 mittunt,
1170 4205 1251 4271 quae
1274 4184 1382 4248 omnia
1403 4183 1448 4246 ibi
1467 4185 1648 4248 examinata

331 4297 364 4348 et
385 4293 507 4348 mutata
529 4293 611 4359 sunt
635 4283 741 4350 multis
764 4285 897 4351 adiectis
927 4309 1012 4373 quac
1039 4287 1130 4351 novis
1154 4285 1410 4350 contentionibus
1439 4307 1572 4351 causam
1602 4287 1647 4350 tri·

331 4385 476 4452 buerunt.
499 4388 532 4450 in
556 4387 672 4474 quibus
696 4411 769 4452 cum
792 4387 878 4453 Galli
901 4388 996 4474 longe
1031 4411 1128 4475 snpra
1162 4388 1288 4453 concilii
1316 4391 1522 4453 autoritatem
1550 4389 1646 4476 ponti·

331 4489 424 4556 ficem
446 4489 551 4554 efferri
573 4499 605 4554 et
626 4492 660 4554 in
681 4493 752 4576 ipso
775 4514 901 4556 omnem
923 4491 1153 4578 plenitudinem
1180 4493 1347 4578 potestatis
1377 4490 1546 4574 collocari,
1580 4514 1646 4556 eon·

333 4591 440 4656 cilium
462 4603 568 4658 autem
591 4595 658 4658 eius
680 4593 817 4680 pedibus
839 4594 953 4660 subiici
985 4593 1292 4677 animadverterent,
1325 4614 1389 4658 non
1410 4603 1567 4680 putarunt
1592 4593 1644 4658 sibi

333 4694 579 4780 permittendum
602 4705 637 4760 ut
665 4705 730 4760 tam
759 4696 899 4782 indignis
927 4697 1031 4762 modis
1066 4697 1191 4762 concilii
1221 4697 1359 4782 dignitas
1387 4706 1593 4780 tractsuetur,
1619 4705 1645 4760 et

331 4796 503 4862 noluerunt
535 4806 571 4862 ut
601 4798 699 4865 ullum
739 4799 769 4866 ei
807 4800 948 4891 opinioni
981 4822 1078 4888 quam
1107 4801 1169 4886 ipsi
1198 4807 1308 4865 tenent
1335 4797 1569 4886 praeiudicium
1597 4797 1641 4863 ad·

332 4899 476 4972 ferretur.
