3532 5832
955 705 1004 788 V.

737 924 880 997 Tburm
907 943 954 996 an
982 922 1056 998 deo
1086 922 1237 1012 Kaleon

758 1075 848 1140 Rom,
865 1077 882 1128 b
900 1075 1093 1142 September
1117 1078 1207 1128 15⁶9.

621 1234 756 1288 Romanu.
782 1231 923 1303 original,
943 1232 973 1286 ia
994 1237 1084 1304 terpo:
1118 1235 1157 1288 15
1181 1233 1341 1305 September.

646 1413 860 1478 lnvictissime
881 1435 993 1480 caesar
1015 1435 1142 1501 semper
1163 1423 1310 1500 auguste,

646 1516 774 1582 domine
797 1516 926 1582 domine
949 1515 1204 1582 clementissime.

418 1656 538 1721 Nuntio
561 1655 602 1721 de
623 1655 784 1741 pontificis
806 1664 908 1720 morte
930 1663 1064 1741 accepto
1086 1655 1214 1720 circiter
1235 1655 1347 1722 horam
1370 1667 1517 1745 quartam
1540 1663 1645 1726 noetis

322 1781 405 1846 quae
439 1759 524 1824 diem
545 1758 642 1825 lunae
664 1760 853 1845 praecessit,
885 1757 940 1844 qui
963 1757 1022 1822 fuit
1043 1757 1084 1822 21
1108 1757 1320 1844 Augusti...
1344 1760 1459 1826 eodem
1481 1760 1533 1827 die
1556 1764 1644 1827 circa

317 1862 429 1929 horam
451 1863 641 1947 vigesimam
662 1870 811 1948 quartam
833 1862 942 1926 navim
964 1859 1171 1928 ascendi...

418 1964 608 2052 Eademque
639 1964 691 2030 die
721 1987 787 2052 qua
807 1965 943 2030 Romam
964 1964 1112 2050 perveni,
1142 1982 1224 2050 quae
1245 1964 1306 2029 fuit
1326 1964 1368 2032 28
1390 1965 1540 2052 Augusti,
1564 1968 1644 2032 R¹³¹¹¹²¹

316 2068 506 2134 Pacieccum
527 2069 672 2152 conveni,
696 2090 835 2156 quocum
856 2069 948 2132 iuxta
963 2068 1218 2132 commissionem
1233 2066 1292 2131 Ma.
1307 2067 1347 2133 V.
1363 2069 1533 2135 mactanda
1548 2093 1644 2156 agen·

316 2170 697 2259 daquetcommunicsvi,
721 2172 787 2258 qui,
810 2180 846 2237 ut
867 2172 901 2236 in
922 2171 1131 2236 instructione
1152 2169 1212 2236 Ma.
1232 2170 1274 2236 V.
1298 2171 1530 2258 comprehensa
1551 2175 1644 2258 sequi

316 2274 483 2359 deberem,
511 2274 589 2339 mihi
617 2274 783 2361 respondit
811 2295 917 2361 neque
944 2297 996 2340 me
1029 2271 1137 2359 aliquo
1166 2273 1262 2339 modo
1286 2297 1393 2340 errare
1415 2296 1512 2361 posse
1533 2297 1573 2340 ea
1596 2299 1643 2340 se·

317 2377 445 2464 quendo
468 2377 649 2444 affirmavit.
672 2385 786 2464 postca
808 2378 850 2442 ad
872 2377 953 2442 R'unm
974 2377 1153 2461 Moronum,
1178 2378 1233 2463 qui
1256 2385 1329 2442 ante
1345 2377 1521 2444 adventum
1535 2403 1642 2444 meum

321 2481 363 2547 ab
392 2481 540 2548 omnibus
578 2480 795 2547 cardinalibus
826 2504 844 2546 e
878 2489 982 2546 castro
1012 2481 1114 2546 sancti
1141 2479 1274 2568 Angeli,
1308 2481 1363 2547 ubi
1392 2481 1643 2568 custodiebatur,

321 2583 457 2652 eductus
478 2585 592 2670 fuerat,
615 2594 847 2672 postmortem
873 2594 980 2650 tamen
1002 2584 1171 2672 pontificis,
1195 2606 1246 2650 me
1269 2584 1398 2669 contuli,
1421 2585 1556 2652 redditis
1571 2585 1639 2652 lite-

318 2689 363 2754 ris
385 2711 588 2776 summopere
611 2689 641 2754 ei
662 2688 841 2775 gratrrlatus
864 2711 936 2753 sum
948 2690 1077 2754 nomine
1093 2687 1129 2754 O.
1144 2686 1204 2752 Ma.
1218 2688 1259 2754 V.
1276 2687 1317 2754 de
1332 2687 1521 2755 liberatione
1537 2711 1644 2755 sua...

323 2793 377 2878 qui
400 2792 449 2856 M*¹
481 2793 522 2859 V.
551 2792 673 2879 gratias
702 2794 767 2878 egit
789 2792 830 2857 de
852 2815 976 2857 summo
998 2793 1031 2857 in
1054 2813 1089 2856 se
1111 2790 1217 2857 studio
1240 2799 1273 2857 et
1294 2815 1417 2876 amore,
1442 2815 1541 2879 seque
1564 2816 1644 2859 sem·

320 2917 380 2980 per
399 2904 588 2981 rogaturum
611 2895 707 2962 deum
730 2894 769 2960 Ο.
793 2895 848 2978 Μ.,
870 2903 907 2959 ut
929 2894 1081 2980 dirigeret
1101 2901 1242 2960 mentem
1264 2917 1355 2960 suam
1369 2917 1483 2982 puram
1499 2905 1531 2962 et
1545 2898 1644 2964 since-

318 3019 387 3062 ram
418 2996 461 3064 ad
488 2999 677 3065 electionem
706 3000 782 3065 novi
803 2998 962 3086 pontificis
984 2995 1182 3084 faciendam,
1211 2997 1384 3064 affirmavit
1406 3005 1438 3064 et
1459 2997 1590 3065 tandem
1612 3002 1644 3065 in

324 3101 472 3166 omnibus
501 3101 598 3168 rebus
621 3125 656 3168 se
679 3086 951 3190 promptissimum
973 3102 1275 3189 paratissimumque
1298 3101 1447 3186 ostendit,
1470 3104 1526 3189 qui
1548 3105 1643 3169 etiam

320 3204 453 3271 consilio
479 3228 531 3270 me
559 3207 654 3288 iuvit,
685 3203 958 3292 quemadmodum
979 3227 1030 3271 me
1051 3227 1165 3290 regere
1186 3203 1346 3272 deberem.
1377 3208 1512 3272 caeteris
1535 3215 1642 3272 autem

318 3307 535 3376 cardinalibus
558 3307 669 3374 literae
697 3308 762 3373 Mt·
790 3308 831 3374 V.
863 3331 923 3395 per
943 3329 995 3373 me
1017 3306 1163 3374 redditae
1190 3307 1321 3373 merant
1341 3311 1455 3374 maiori
1477 3332 1520 3375 ex
1541 3319 1642 3396 parte,

321 3435 341 3477 a
368 3412 487 3500 quibus
509 3411 657 3478 omnibus
679 3433 744 3477 uno
768 3435 823 3478 ore
845 3413 969 3499 gratiae
991 3420 1084 3476 actae
1107 3419 1181 3476 sunt
1202 3410 1254 3475 M‘¹
1273 3411 1312 3477 V.
1336 3410 1376 3477 de
1398 3421 1464 3478 tam
1487 3414 1542 3500 pia
1563 3421 1639 3479 tam-

320 3537 383 3603 que
406 3514 582 3582 christiana
605 3514 838 3600 admonitione,
861 3517 945 3580 inter
967 3536 1047 3603 quos
1070 3513 1186 3580 multos
1208 3516 1312 3601 reperi
1335 3517 1391 3602 qui
1412 3515 1490 3580 Mssa
1511 3515 1553 3582 V.
1576 3539 1640 3581 ma-

317 3619 405 3685 ximo
434 3628 675 3707 prosequuntur
704 3641 813 3684 amore
835 3627 867 3684 et
889 3618 1058 3684 affectione
1087 3619 1207 3706 quique
1235 3616 1483 3685 obstinationem
1504 3619 1639 3706 praede·

314 3722 415 3788 functi
438 3723 599 3810 pontificis
622 3731 733 3788 contra
754 3721 832 3786 Μιοιῃ
856 3721 897 3788 V.
920 3719 982 3786 sibi
998 3743 1200 3806 summopere
1217 3719 1418 3807 displicuisse
1432 3721 1639 3789 affmmamnt.

318 3824 460 3913 dumque
482 3825 565 3892 haec
586 3848 726 3912 agerem,
752 3825 938 3911 supervenit
960 3823 1133 3890 cardinalis
1154 3823 1381 3908 Tridentinus,
1406 3827 1458 3890 cni
1479 3828 1641 3912 negotium

318 3931 457 4012 narravi,
481 3939 580 4018 utque
601 3928 679 3994 mihi
702 3930 788 3994 circa
809 3928 894 3994 hanc
916 3951 984 3995 rem
1006 3927 1084 4016 quid
1106 3930 1175 4015 ipse
1199 3929 1331 3994 sentiret
1352 3929 1522 3995 ostendere
1536 3928 1641 4012 vellet,

319 4034 444 4118 rogavi.
478 4033 600 4121 qui...
623 4032 700 4097 mihi
732 4031 901 4098 consilium
930 4030 1033 4116 dedit,
1062 4031 1151 4119 quod
1178 4033 1285 4097 statim
1314 4031 1513 4100 audientiam
1533 4041 1642 4119 petere

316 4134 487 4221 deberem,
516 4159 615 4224 quam
636 4157 697 4223 ego
720 4137 904 4222 opinionem
926 4159 999 4202 cum
1027 4135 1091 4200 R¹¹¹⁰
1113 4134 1269 4202 Paciecco
1292 4145 1324 4202 et
1345 4135 1480 4204 Morono
1503 4157 1641 4202 commu-

317 4241 433 4322 nicavi,
457 4262 539 4328 quos
562 4242 632 4306 eius
655 4261 726 4305 esee
749 4241 908 4326 opinionis
929 4240 1045 4326 reperi.

420 4343 538 4428 ltaque
561 4365 634 4408 cum
655 4341 756 4408 literis
777 4343 968 4426 novissimis,
992 4364 1074 4430 quas
1095 4342 1203 4408 attulit
1216 4343 1347 4408 nuntius
1362 4365 1382 4407 a
1396 4342 1453 4407 Ma
1467 4341 1509 4407 V.
1525 4343 1640 4407 missus

318 4469 360 4512 ex
382 4445 520 4512 Monaco
551 4444 671 4532 oppido
700 4444 760 4509 sub
794 4443 846 4510 die
868 4444 911 4510 25
933 4445 1086 4531 Augusti,
1115 4444 1168 4511 die
1202 4443 1351 4510 sabbathi
1381 4446 1553 4532 praeterito
1588 4447 1641 4532 qui

316 4550 416 4614 suita
438 4547 636 4635 Septembris
659 4549 817 4632 instantis,
841 4549 1010 4613 comitatus
1031 4547 1194 4616 nobilibus
1218 4550 1325 4614 curiae
1347 4549 1448 4636 ipsius
1463 4547 1641 4615 Tridentini

317 4651 543 4739 nonnullisque
565 4651 637 4716 aliis
658 4651 693 4716 in
707 4650 918 4717 cardinalium
934 4653 1216 4738 congregationem
1231 4652 1315 4736 veni,
1337 4653 1572 4740 impetrataque
1586 4674 1643 4738 per

316 4756 540 4822 Tridentinum
570 4753 766 4821 cardinalem
794 4753 973 4838 audientia,
1002 4755 1072 4820 Rm't
1096 4754 1314 4821 cardinalibus
1343 4756 1451 4820 omnia
1481 4776 1566 4842 quae
1585 4777 1643 4840 per

319 4860 397 4925 Mas
419 4857 459 4924 V.
491 4856 568 4923 mihi
597 4858 742 4922 iniuncta
768 4856 897 4922 fuenmt
924 4859 1075 4940 narravi,
1103 4867 1136 4923 et
1163 4866 1199 4923 ut
1226 4857 1340 4923 melius
1362 4858 1441 4944 ipsis
1463 4859 1589 4923 sincera
1611 4869 1641 4923 ct

316 4962 403 5029 bona
423 4983 515 5027 mens
537 4960 603 5027 Mt·
629 4959 669 5026 V.
693 4969 871 5044 constaret,
895 4960 1134 5049 comprehensis
1157 4961 1251 5026 ctiam
1267 4961 1300 5024 in
1322 4960 1481 5047 scriptura
1503 4959 1640 5048 quadam

317 5088 400 5153 quac
428 5067 461 5131 in
482 5065 691 5132 instructione
717 5063 782 5130 Ml·
812 5064 853 5130 V.
876 5065 1096 5150 continentur,
1124 5064 1308 5151 inscriptis
1334 5061 1445 5128 obtuli.
1478 5086 1499 5128 a
1525 5063 1640 5152 quibus
