3468 5820
75 716 243 785 lectiorum
263 727 391 808 patrum
413 721 469 808 qni
501 719 730 787 catechismum
758 729 791 786 et
816 718 1032 786 homiliarium
1059 721 1128 787 sive
1154 717 1302 807 postillae
1325 740 1398 788 con-

75 821 230 904 scribent;
251 826 344 890 tertie
367 823 530 912 deputatio
554 846 665 890 eorum
687 825 748 892 erit
770 823 887 914 quibus
902 823 1067 890 incumbet
1081 824 1222 912 legenda
1236 824 1400 891 breviaria

73 924 218 992 missalia
241 936 273 993 et
294 925 374 994 alios
397 927 554 994 eiusmodi
575 927 706 993 rituales
729 927 886 994 ecclesiae
908 927 1008 994 libros
1031 929 1205 995 reformare
1229 950 1268 995 ac
1290 951 1401 1016 repur-

72 1050 158 1114 gare,
183 1031 242 1118 qui
262 1029 373 1098 itidem
395 1033 478 1098 inter
499 1053 534 1098 se
555 1029 797 1118 deliberabunt,
824 1032 853 1098 ei
875 1043 908 1098 et
934 1032 1095 1124 quomodo
1124 1030 1320 1099 vernaculae
1342 1030 1400 1098 lin·

71 1153 154 1218 guae
176 1155 259 1199 usus
279 1135 314 1198 in
336 1133 453 1200 divinis
476 1134 589 1201 officiis
611 1135 771 1202 introduci
793 1135 921 1201 debeat
944 1174 984 1184 —
1008 1145 1123 1225 quarto
1147 1136 1193 1202 ait
1212 1135 1256 1200 D.
1279 1134 1400 1201 Letha-

70 1237 182 1322 riugue
207 1236 250 1301 D.
273 1237 470 1304 cardinalem
491 1239 711 1325 Navagerium
734 1239 775 1304 de
797 1237 1024 1306 reformatione
1047 1241 1203 1328 optimam
1226 1237 1287 1304 eibi
1308 1261 1399 1326 spem

69 1337 197 1424 fecisse,
222 1363 265 1406 ex
286 1363 349 1430 quo
372 1343 468 1409 etiam
489 1341 683 1409 intellexerit
705 1343 782 1408 Sm
804 1343 845 1407 D.
867 1343 906 1410 N.
930 1341 1031 1429 velle,
1053 1353 1089 1408 ut
1114 1345 1210 1410 etiam
1233 1343 1274 1408 de
1297 1339 1401 1407 cardi·

68 1441 192 1508 nulium
217 1453 322 1512 aetate
345 1445 498 1535 qualitate
532 1456 565 1512 et
596 1448 798 1534 promotione
830 1429 863 1512 in
896 1447 959 1514 hoc
988 1447 1124 1513 concilio
1147 1455 1278 1533 agetur3
1313 1444 1402 1533 quod

69 1555 180 1614 eutem
202 1546 267 1614 hoc
280 1549 452 1636 negocium
467 1548 510 1615 ad
525 1547 696 1617 concilium
712 1551 869 1636 reiecerit,
892 1561 1063 1639 propterea
1077 1550 1199 1616 factum
1214 1571 1285 1615 esse
1302 1547 1398 1634 quod,

68 1671 140 1716 cum
165 1651 349 1720 cardinales
369 1653 491 1720 Romae
515 1652 556 1720 da
578 1651 639 1718 hac
661 1653 890 1722 reformatione
917 1652 1094 1742 plurimum
1114 1653 1200 1720 inter
1222 1674 1258 1718 ee
1281 1649 1401 1718 dissen-

68 1752 125 1818 tire
150 1753 293 1838 videret,
326 1753 533 1821 vehementer
560 1755 700 1822 offensus
729 1758 778 1822 sit.
812 1794 853 1805 -
888 1762 999 1845 quinto
1023 1757 1064 1824 D.
1095 1755 1217 1843 legatos
1240 1755 1401 1822 affirmare

65 1852 145 1920 8²⁸³
168 1857 216 1924 D.
238 1857 277 1924 N.
302 1859 336 1924 in
358 1861 564 1926 concessione
587 1859 699 1926 calicis
721 1863 767 1926 ita
789 1861 965 1928 animatum
988 1883 1068 1942 esse,
1097 1870 1133 1926 ut
1155 1858 1303 1926 absoluto
1327 1883 1400 1926 con·

66 1958 140 2028 cilio
165 1963 279 2030 statim
302 1985 515 2032 concessurus
538 1966 587 2044 sit,
610 1966 641 2028 in
666 1963 802 2030 concilio
827 1975 933 2032 tamen
957 1988 998 2030 ne
1020 1963 1054 2030 id
1077 1964 1210 2030 concedi
1225 1965 1327 2050 possit
1349 1987 1401 2030 ve-

64 2063 239 2132 hementer
254 2065 380 2132 obstare
396 2067 570 2154 Hispanos.
593 2067 705 2134 ultimo
721 2077 828 2134 tamen
844 2070 890 2133 ait
903 2067 989 2134 idem
1004 2067 1045 2133 D.
1061 2067 1281 2154 Lethariugus
1296 2069 1401 2134 vereri

66 2191 111 2252 ee,
135 2193 181 2235 ne
205 2168 285 2236 haec
308 2171 415 2236 omnia
438 2170 572 2238 consilia
593 2170 716 2238 Rornae
738 2181 964 2258 pervertantur
986 2182 1019 2237 et
1035 2171 1074 2236 D.
1090 2171 1191 2258 legati
1207 2172 1398 2238 senteutiam

63 2284 197 2340 mutare
219 2283 377 2361 cogantur
391 2323 399 2340 .
415 2321 452 2340 ..

208 2413 297 2466 Sebon
315 2427 358 2465 am
375 2416 393 2466 4
408 2413 472 2465 Jnni
490 2411 582 2466 hatten
601 2414 644 2466 die
656 2413 876 2466 concitaratoren
895 2414 1026 2466 bericbtet
1044 2413 1105 2466 dese
1124 2414 1167 2466 die
1185 2414 1305 2480 Legaten
1321 2412 1401 2464 ibneu

134 2499 317 2566 varaprocheu
334 2500 438 2563 hatten,
461 2500 556 2552 sobald
583 2500 622 2552 als
639 2500 756 2566 moglich
775 2502 850 2552 sinen
868 2502 980 2552 eweiteu
997 2499 1120 2553 Secrettr
1137 2516 1171 2552 au
1188 2499 1331 2563 tamnen,
1354 2499 1402 2550 sed

136 2585 269 2638 emoti
287 2586 401 2654 aliquem
419 2589 464 2653 qui
482 2602 535 2639 uon
553 2589 587 2638 eit
605 2589 759 2653 episcopum
781 2603 835 2639 non
859 2589 925 2638 enim
952 2588 1048 2639 decere
1070 2593 1101 2638 ut
1118 2587 1226 2639 concilii
1242 2586 1401 2638 secretarius

135 2672 286 2740 episcopali
305 2672 432 2740 dignitate
449 2673 585 2738 praeditus
603 2675 645 2738 eit,
664 2689 724 2725 cum
742 2674 770 2724 id
786 2678 892 2740 praeter
909 2675 1045 2740 antiquam
1069 2671 1288 2726 consuetudinem
1312 2677 1339 2724 et
1361 2687 1401 2722 re-

135 2763 244 2825 ceptum
263 2765 290 2811 st
308 2764 461 2810 consuetam
480 2761 506 2810 in
525 2759 646 2812 conciliis
664 2775 763 2812 morem
782 2776 840 2812 esee
857 2760 986 2813 videatur.
1010 2761 1082 2827 quod
1105 2767 1193 2812 autern
1217 2762 1311 2826 isque
1330 2773 1400 2809 nunc

134 2851 248 2896 utuntur
265 2847 422 2898 secretarius
440 2846 509 2896 idem
528 2847 607 2897 etiem
626 2849 766 2914 spiscopus
785 2849 826 2910 sit,
844 2853 985 2914 propterea
1007 2847 1063 2898 fieri
1081 2847 1153 2914 quod
1171 2846 1241 2898 idem
1260 2845 1401 2911 superiori·

135 2933 190 2982 bue
213 2935 301 2997 annis,
325 2947 385 2982 cum
408 2931 525 2984 noudum
551 2935 692 3000 epiecopus
716 2940 798 2996 esset,
822 2934 899 2984 huius
923 2933 1030 2985 concilii
1060 2935 1217 2985 secretarins
1241 2933 1401 2984 constitutus

134 3019 225 3080 fuerit,
242 3033 313 3068 nuuc
330 3033 394 3068 vero
412 3023 551 3084 propterea
568 3021 596 3070 in
614 3019 702 3072 officio
721 3021 829 3071 relictus
847 3021 882 3070 sit
899 3019 971 3087 quod
989 3021 1086 3072 bonam
1105 3037 1190 3070 rerum
1208 3020 1391 3070 conciliarium

137 3104 263 3172 peritiam
280 3103 377 3154 lrabeat
395 3109 421 3154 et
438 3106 573 3170 praeteriti
592 3107 697 3158 concilii
716 3106 864 3156 Tridentini
882 3112 944 3157 acta
962 3106 1101 3172 diligenter
1119 3108 1311 3172 conscripserit.
1334 3121 1398 3156 non·

136 3191 202 3242 darn
219 3191 317 3240 scimus
334 3191 392 3256 quie
410 3191 444 3240 eit
461 3191 562 3242 iuturus
580 3193 602 3242 is
622 3208 698 3258 quem
717 3192 779 3243 huic
791 3193 988 3259 adiungendum
1001 3194 1139 3260 putabant.
1158 3194 1180 3242 si
1194 3195 1333 3258 episcopus
1345 3206 1399 3241 non

139 3278 199 3338 erit,
218 3274 265 3326 sed
283 3275 351 3326 alius
368 3277 463 3342 aliquis
480 3283 510 3327 ut
523 3277 649 3327 credibile
667 3283 707 3328 set
724 3277 857 3328 Romanus
876 3279 989 3340 curialia,
1009 3283 1081 3330 certe
1099 3284 1188 3329 nostro
1207 3275 1305 3329 iudicio
1324 3291 1401 3328 sanc·

136 3369 195 3413 tum
212 3361 264 3414 hoc
283 3362 389 3412 concilii
407 3365 592 3415 secretariatue
617 3363 732 3414 officinm
757 3365 850 3414 eadere
873 3379 928 3430 qua
950 3371 1030 3415 antee
1052 3365 1124 3430 apud
1148 3365 1233 3415 bonos
1250 3365 1401 3430 suspicione

136 3448 277 3500 laborabit
300 3477 325 3484 -
347 3447 440 3498 Iudam
460 3451 528 3500 eben
545 3449 646 3500 damale
664 3451 710 3500 der
729 3450 860 3517 bisherige
879 3452 1000 3501 Secretiir
1017 3451 1047 3502 Α.
1066 3450 1214 3501 Maesarelli
1226 3450 1338 3501 Bischos
1347 3465 1400 3500 von

137 3533 246 3586 Telesia
264 3535 316 3596 (ich
334 3537 461 3585 verweiee
478 3535 527 3586 eui
542 3537 585 3586 die
604 3550 656 3586 von
675 3536 727 3586 ibm
740 3536 957 3602 suigeaeichnete
968 3536 1024 3587 und
1037 3535 1104 3601 jetat
1115 3538 1142 3586 in
1154 3537 1233 3586 Wien
1245 3537 1288 3586 bei
1301 3534 1401 3587 Garold

137 3623 165 3672 in
183 3621 275 3672 Druck
295 3622 464 3672 arechisnens
483 3623 743 3688 Geschlltsordnung
761 3623 808 3677 dee
826 3623 933 3674 Concils
945 3639 997 3674 von
1010 3623 1111 3688 Trient)
1131 3623 1280 3688 erlrranlrte,
1305 3621 1400 3673 veraah

138 3715 228 3760 enaret
244 3709 270 3758 in
289 3709 337 3759 der
355 3709 549 3776 congregation
565 3727 627 3761 rom
647 3712 661 3760 'l
678 3710 742 3761 Juni
761 3709 808 3761 der
830 3711 861 3762 B.
879 3726 932 3760 von
957 3710 1119 3776 campanieu
1142 3711 1178 3762 bl.
1197 3711 1318 3761 Laurens
1335 3723 1399 3775 pro-

137 3795 267 3846 visoriech
291 3795 339 3846 das
361 3797 429 3846 Amt
456 3797 546 3848 Ueber
570 3797 613 3848 die
632 3797 765 3848 definitive
788 3798 939 3863 Beeetaung
961 3797 1094 3848 meldeten
1119 3797 1162 3848 die
1187 3797 1317 3850 Oratoren
1340 3794 1401 3846 dean

139 3881 235 3934 Kaisar
257 3897 300 3932 am
325 3882 358 3932 18
379 3882 458 3932 luni!
476 3881 575 3951 [iegati]
600 3885 710 3935 eandem
727 3884 816 3936 adhuc
834 3886 990 3935 seutentiam
1009 3887 1135 3944 retinent.
1160 3889 1190 3935 ut
1207 3885 1242 3935 ad
1265 3885 1400 3934 minimum

140 3969 207 4019 duos
226 3968 435 4032 ecclesiasticos,
464 3971 509 4036 qui
527 3977 615 4021 tamen
633 3973 751 4038 episcopi
769 3987 822 4022 non
839 3973 904 4034 sint,
932 3971 967 4022 ad
985 3971 1036 4023 hoc
1054 3987 1148 4022 munus
1167 3970 1298 4037 adlegent
1328 3968 1400 4036 quod

139 4059 229 4105 antem
246 4055 374 4104 hactenus
392 4055 491 4104 factum
510 4072 563 4107 non
575 4059 616 4120 sit,
636 4072 743 4108 causam
757 4057 845 4108 attulit
857 4059 1027 4122 gravissimus
1040 4061 1066 4108 et
1078 4059 1131 4108 iam
1142 4057 1294 4123 desperatus
1305 4055 1400 4122 prioris
1441 4111 1444 4118 ¹

139 4141 273 4193 secretarii
290 4141 406 4204 morbus,
425 4143 499 4192 cuiue
517 4143 604 4194 lamae
620 4144 659 4194 ita
678 4144 825 4194 consultum
844 4144 876 4192 D.
897 4143 1044 4195 cardinales
1063 4146 1180 4209 cupiunt,
1198 4149 1228 4194 ut
1245 4141 1353 4208 nequid
1367 4156 1399 4192 eo

140 4229 201 4279 rivo
226 4241 258 4279 ac
275 4227 382 4278 vidente
399 4238 447 4293 per
465 4228 575 4279 alierum
593 4232 792 4280 secretariorum
814 4229 995 4280 collectionem
1021 4229 1054 4280 ds
1079 4231 1134 4281 eins
1155 4228 1217 4280 tidai
1236 4234 1315 4294 atque
1332 4231 1399 4279 ints·

140 4313 242 4381 grttatie
260 4315 452 4366 existimatione
471 4314 608 4368 detrahere
626 4317 742 4368 voluisse
759 4317 906 4382 videantur,
924 4318 996 4384 qnod
1014 4321 1036 4368 si
1054 4317 1135 4377 tieret,
1155 4315 1221 4367 illud
1234 4317 1313 4367 etiem
1324 4330 1398 4381 prae·

140 4405 214 4452 terea
231 4401 336 4451 erenbe
353 4406 444 4467 posset
460 4406 491 4451 nt
507 4403 578 4467 prior
595 4405 751 4454 secretarius
770 4419 803 4454 ex
820 4403 872 4454 boc
891 4407 969 4455 etiam
989 4404 1059 4455 lacto
1070 4417 1193 4470 magnam
1205 4401 1351 4454 molestiam
1370 4408 1397 4455 et

139 4501 285 4539 moerorem
304 4485 461 4539 contrahens
480 4489 556 4539 citius
575 4495 601 4540 et
619 4489 750 4541 dolentius
769 4507 801 4540 ex
819 4491 870 4541 bac
882 4491 938 4541 vita
951 4491 1097 4542 decederet
1119 4517 1148 4526 -
1166 4490 1296 4544 Dennocb
1310 4492 1399 4544 wurde

140 4573 193 4624 ibrn
211 4575 239 4624 in
256 4574 347 4624 diesen
369 4573 460 4638 'lagen
483 4575 510 4624 in
535 4574 594 4626 dem
617 4575 765 4626 Veronaeer
787 4577 936 4627 canonicus
960 4577 992 4628 Δ.
1009 4577 1130 4627 Fumanc
1154 4577 1197 4626 sin
1219 4576 1337 4645 Adjuuct
1354 4597 1398 4648 ge·

140 4661 234 4726 geben,
252 4659 366 4710 welcher
383 4660 425 4709 die
444 4659 586 4711 Geecbtttte
605 4675 666 4711 vom
683 4663 717 4712 22
735 4662 799 4712 Juni
817 4675 851 4713 an
870 4665 993 4729 besorgte
1021 4662 1107 4728 (Sarpi
1126 4663 1184 4714 700.
1203 4665 1268 4732 ‘1063
1287 4665 1352 4719 Pell.
1371 4670 1396 4731 2,

141 4747 199 4798 ¹244.
217 4745 281 4809 rem
298 4745 397 4796 Beluae
416 4747 440 4807 3,
458 4745 526 4810 473).
552 4745 617 4797 Wae
635 4760 695 4798 man
712 4763 766 4798 von
785 4747 832 4798 der
848 4748 1071 4815 Zurerltesiglreit
1090 4747 1137 4800 der
1153 4747 1307 4803 Protokolle
1324 4752 1397 4816 hiala

142 4831 246 4898 gesteht
262 4831 345 4882 selbat
363 4831 428 4882 Pell.
446 4835 472 4896 2,
491 4833 543 4883 960
560 4833 616 4883 ein:
641 4833 666 4884 le
689 4841 751 4885 note
769 4836 878 4886 troncbe
896 4852 911 4887 e
929 4835 1019 4888 fallaci
1038 4836 1229 4906 de’aegretarii.
1254 4838 1324 4889 Dasa
1342 4839 1396 4889 ein·

140 4917 193 4970 mal
217 4918 260 4970 die
281 4917 482 4986 Anfzeicbnung
507 4935 559 4970 von
583 4919 702 4972 Fumeno
726 4921 773 4971 der
795 4923 842 4974 des
865 4923 987 4974 Biecbois
1010 4940 1063 4976 von
1088 4925 1250 4992 (lampenien
1277 4924 1392 4992 gradere

141 5004 323 5074 widmspmcb,
341 5003 405 5056 wird
422 5007 448 5056 in
466 5003 620 5058 Beccadelli
637 5010 664 5072 2,
683 5010 732 5059 185
751 5009 805 5060 und
822 5009 849 5058 iu
867 5009 1009 5061 blendham
1027 5013 1076 5063 621
1097 5012 1204 5064 eratthlt.

1192 5177 1243 5230 358
