3468 5820
1347 477 1406 542 tlt

89 659 278 728 consiliariis
300 659 549 726 deliberabimus
572 669 606 725 et
627 659 839 746 cogitabimus
865 662 981 750 quibus
1009 660 1188 729 rationibus
1210 663 1409 730 eiuscemodi

84 763 286 847 difficultates
307 764 466 830 removeri
489 773 521 828 et
542 761 698 850 explicari
720 773 887 850 poterunt,
916 775 951 830 ut
973 787 1056 854 quae
1079 764 1121 832 de
1148 767 1284 852 negocio
1308 767 1408 836 reior-

82 867 232 936 mationis
254 870 287 934 in
311 867 447 934 coneilio
478 875 674 950 statuentur,
708 870 832 954 possint
854 871 952 937 etiam
973 871 1007 935 in
1029 869 1203 936 Germania
1225 873 1408 938 executioni

84 971 243 1038 mandari.
266 980 299 1038 et
320 973 397 1059 quia
418 979 454 1036 tu
477 969 834 1057 Quinqueecolesiensis
856 974 942 1038 nosti
959 972 1161 1059 Hungariam
1184 975 1300 1041 eodem
1321 975 1407 1042 malo

79 1074 230 1142 laborare
264 1097 328 1161 quo
364 1074 491 1142 laborat
526 1072 660 1140 dustria
675 1121 784 1141 .....
821 1076 931 1164 utique
966 1075 1092 1144 illorum
1130 1077 1227 1142 etiam
1263 1077 1408 1146 fidelium

78 1177 316 1264 regnicolarum
338 1185 370 1244 et
400 1175 602 1244 subditorum
634 1187 816 1242 nostrorum
848 1177 944 1246 saluti
978 1181 1064 1246 omui
1097 1179 1249 1246 dilatione
1281 1191 1408 1251 remota

78 1280 360 1370 prospiciendum,
396 1289 429 1346 et
462 1279 601 1366 desuper
633 1301 705 1344 cum
731 1280 885 1368 praelatis
912 1285 1003 1370 regni
1031 1281 1116 1350 illius
1143 1286 1244 1349 nostri
1274 1285 1409 1352 consilia

77 1393 151 1450 sunt
173 1381 463 1466 communicanda,
484 1381 566 1449 illud
588 1380 683 1450 etiam
703 1383 798 1450 facile
821 1383 953 1472 colliges
975 1386 1008 1452 id
1029 1407 1188 1476 nusquam
1209 1387 1280 1456 fieri
1301 1409 1407 1476 posse,

80 1509 178 1576 quam
201 1489 239 1554 in
260 1489 331 1574 ipsa
352 1485 523 1574 Hungaria
543 1486 596 1554 vel
618 1486 732 1554 saltem
753 1488 786 1553 in
808 1486 1012 1558 dustria...

633 1967 860 2055 OOLXIV.

342 2187 438 2263 Brus
466 2187 540 2264 und
571 2185 804 2264 Drealrovics
831 2209 878 2264 an
906 2189 979 2264 den
1009 2190 1158 2287 Kaisar-3

553 2359 682 2422 Trieut,
702 2361 739 2411 18
756 2359 837 2410 duni
856 2361 944 2412 tuoe.

429 2539 566 2596 Romam.
592 2540 738 2610 Osipind;
759 2540 789 2594 io
813 2545 903 2610 tayo.-
925 2543 967 2596 22
989 2541 1068 2596 June.

186 2732 315 2802 Literas
337 2735 398 2802 M¹¹⁸
420 2735 461 2802 V.
485 2735 517 2804 S.
543 2735 596 2802 die
619 2739 660 2804 12
682 2737 772 2804 Junii
796 2738 888 2803 datas
912 2741 1095 2826 accepimus
1113 2790 1120 2804 .
1138 2791 1169 2804 ..
1200 2739 1239 2806 de
1261 2763 1412 2826 procura·

77 2839 207 2906 toribus
231 2840 351 2906 facmm
375 2850 423 2905 est
446 2840 535 2929 quod
557 2841 792 2928 metuebamue;
815 2865 889 2908 nam
912 2845 1038 2910 tametsi
1063 2841 1183 2908 dictum
1204 2843 1310 2910 fuerat
1332 2843 1408 2909 aD.

79 2941 202 3030 legatis
226 2942 408 3012 Germanos
431 2944 521 3010 vocis
545 2943 708 3010 decisivae
730 2943 916 3012 facultatem
930 2945 1107 3023 habituros,
1130 2956 1238 3014 tamen
1252 2946 1414 3015 totahaec

81 3070 133 3112 res
156 3049 297 3114 Romam
319 3048 421 3114 relata
443 3057 494 3113 est
514 3071 622 3135 neque
642 3048 769 3135 aliquid
798 3048 839 3114 de
867 3071 906 3115 ea
928 3050 1007 3114 certi
1030 3059 1204 3131 statuetur,
1227 3051 1413 3138 priusquam

79 3149 172 3216 illine
196 3150 401 3237 privilegium
413 3149 580 3232 habeatur,
604 3151 691 3239 quod
714 3173 801 3216 nunc
824 3152 952 3239 quidem
970 3162 1168 3238 expectatur.
1193 3149 1413 3242 deputationes

80 3253 170 3338 fient,
195 3255 241 3318 ita
262 3261 369 3318 tamen
393 3262 513 3319 utnon
538 3275 618 3342 quos
641 3257 799 3338 nationes,
824 3253 881 3320 sed
905 3278 985 3343 quos
1008 3254 1049 3320 D.
1073 3255 1172 3342 legati
1187 3255 1358 3343 selegerint
1372 3280 1414 3323 ex

81 3355 272 3423 nationibus
296 3357 337 3422 ad
362 3356 586 3444 deputationes
611 3368 855 3444 congregentur.
887 3357 928 3423 de
949 3357 1174 3424 reformatione
1198 3359 1347 3426 dixerunt
1369 3383 1414 3444 se,

83 3461 258 3528 collatione
291 3459 378 3526 facta
410 3459 472 3525 Ma.
493 3460 535 3525 V.
558 3457 590 3524 S.
623 3459 697 3526 libri
729 3471 761 3528 et
791 3461 1000 3527 articulorum
1034 3461 1253 3548 Hispanorum
1287 3474 1319 3530 et
1340 3462 1413 3529 Gal·

81 3562 221 3630 lieorum
245 3573 342 3652 atque
365 3587 476 3629 eorum
499 3566 595 3629 etiam
618 3585 699 3651 quos
721 3566 784 3651 ipsi
806 3565 909 3630 Roma
930 3564 1060 3646 habent,
1084 3565 1243 3651 generalis
1264 3567 1415 3632 reforma·

52 3659 68 3690 ⁶
82 3669 184 3732 tionis
207 3666 359 3733 articulos
381 3668 530 3755 patribus
552 3669 785 3754 proposituros,
813 3669 902 3754 prius
925 3678 1034 3733 tamen
1061 3679 1204 3733 nostram
1227 3672 1416 3736 sententiam

86 3771 127 3836 de
151 3769 302 3836 omnibus
325 3772 497 3858 exquirent
526 3780 562 3834 ut
589 3769 725 3858 polliciti
748 3779 831 3836 sunt.
866 3769 906 3836 de
928 3771 989 3836 Mu.
1005 3771 1045 3837 V.
1070 3769 1101 3838 S.
1136 3771 1280 3838 discessu
1308 3773 1418 3840 dolent

86 3873 221 3962 quidem
244 3896 354 3940 omnes
360 3923 370 3957 ,
402 3872 458 3937 sed
481 3896 554 3938 cum
582 3896 634 3940 res
663 3874 709 3938 ita
736 3872 915 3960 postulent,
945 3873 1073 3940 felicem
1094 3875 1325 3962 profectionem
1347 3901 1417 3965 pre-

86 3988 204 4044 cantur
227 3986 259 4044 et
280 3978 463 4063 gratissimo
486 3978 593 4042 animo
616 3979 780 4063 accipiunt
803 3979 891 4065 quod
919 3978 985 4043 Ma.
1007 3979 1048 4044 V.
1073 3977 1105 4044 S.
1130 3977 1173 4046 ad
1194 3980 1416 4065 promovenda

88 4080 121 4146 S.
145 4080 275 4148 concilii
296 4081 433 4166 negocia
454 4079 740 4166 promptitudinem
763 4101 853 4146 suam
886 4083 982 4146 etiam
1010 4081 1087 4148 alibi
1121 4083 1262 4148 existens
1293 4082 1417 4149 deferre

88 4185 224 4272 dignata
245 4185 295 4249 sit.
318 4185 382 4248 iam
405 4203 516 4248 omnes
543 4193 652 4269 patres
682 4184 856 4250 sententias
886 4207 961 4251 suas
990 4184 1030 4251 de
1059 4186 1233 4273 propositis
1256 4185 1413 4252 abusuum

90 4288 251 4375 capitibus
274 4287 491 4353 absolverunt
514 4296 677 4373 postremo
700 4287 771 4354 loco
796 4287 877 4353 dixit
891 4287 934 4355 D.
957 4287 1088 4376 Laynes
1110 4289 1307 4356 Jesuitarum
1329 4313 1420 4377 prae-

90 4393 223 4478 positus,
247 4392 303 4481 qui
324 4389 365 4455 D.
388 4389 623 4478 Lotharingum
646 4399 678 4456 et
700 4390 813 4458 Gallos
837 4416 947 4458 omnes
976 4401 1017 4476 et,
1045 4400 1082 4458 ut
1108 4415 1222 4458 verum
1248 4393 1416 4478 fateamur,

90 4517 150 4562 nos
173 4517 302 4582 quoque
324 4518 390 4563 non
411 4495 526 4562 leviter
553 4494 688 4560 offendit
718 4505 750 4561 et
772 4496 813 4560 D.
836 4495 952 4583 legatis
975 4519 1112 4585 quoque,
1141 4506 1178 4561 ut
1198 4497 1261 4582 ipsi
1283 4519 1361 4582 prae
1384 4521 1419 4564 se

91 4597 212 4682 lerunt,
251 4597 421 4685 displicuit
459 4599 621 4664 nescimus
643 4607 752 4664 autem
775 4601 867 4664 cuius
889 4601 1042 4665 instinctu
1063 4598 1223 4665 adductus
1244 4599 1331 4666 hunc
1359 4599 1420 4666 sibi

93 4721 191 4764 unum
214 4721 348 4787 scopum
367 4703 403 4765 in
425 4721 485 4767 sua
507 4703 666 4766 sententia
687 4701 893 4788 praelixerat,
924 4711 960 4768 ut
983 4725 1038 4769 eos
1066 4711 1269 4790 oppugnaret
1291 4703 1347 4790 qui
1368 4725 1418 4768 re-

93 4801 324 4886 formationem,
347 4806 403 4893 qui
425 4803 559 4871 calicem
581 4811 613 4870 et
636 4804 751 4870 similia
772 4814 895 4892 pettmt
919 4805 1028 4872 aiebat
1050 4807 1135 4872 enim
1156 4805 1235 4870 nihil
1252 4829 1332 4893 opus
1351 4827 1421 4871 esse

95 4905 184 4994 quod
205 4905 258 4972 hic
284 4907 421 4974 multum
449 4907 489 4974 de
517 4907 744 4974 reformatione
777 4906 957 4993 laboretur,
986 4931 1062 4975 nam
1091 4930 1304 4996 quaecunque
1332 4907 1421 4994 leges

95 5009 304 5096 sancirentur,
338 5033 394 5078 eas
417 5011 577 5098 pontilicis
599 5011 759 5078 voluntati
789 5019 821 5076 et
842 5011 975 5078 arbitrio
1006 5011 1169 5080 subiectas
1196 5013 1282 5096 fore,
1311 5011 1422 5101 itaque
