3468 5820
380 475 440 541 186

380 685 446 730 eme
467 661 542 748 lega
563 663 719 731 offeneiva
741 672 852 731 contm
873 662 896 730 li
917 667 1033 732 nemici
1056 665 1142 732 della
1164 666 1320 754 religione
1343 676 1375 732 et
1396 666 1566 735 diffeneiva
1585 691 1642 754 per
1661 668 1688 731 la

376 765 470 831 Italia
493 777 526 832 11
556 766 729 834 havendoli
760 768 874 834 offerto
903 768 935 834 di
963 767 1067 856 porgli
1097 771 1130 836 in
1151 793 1247 838 mano
1274 794 1332 858 per
1354 770 1547 838 aeeicurarlo
1568 769 1591 836 il
1612 781 1689 835 stato

379 869 409 934 d’
422 871 607 956 Avignone,
630 868 748 957 perche
771 891 893 958 eapeva
914 871 974 936 ohe
995 894 1060 938 non
1082 872 1247 940 havrebbe
1274 897 1309 940 11
1331 896 1396 940 111
1423 873 1504 941 fatto
1534 895 1609 940 cosa
1636 873 1690 940 che

376 973 464 1039 fiisse
503 981 587 1040 stata
623 975 656 1038 in
693 975 820 1040 servitio
860 973 942 1040 della
979 977 1155 1041 cristianita
1192 985 1224 1042 ct
1260 975 1345 1043 della
1377 978 1453 1044 sede
1499 976 1689 1066 apostolica,

377 1075 436 1143 che
464 1100 528 1143 non
550 1076 677 1144 heveva
712 1077 777 1142 mai
814 1087 915 1144 atteeo
953 1101 973 1144 a
1010 1101 1150 1144 neseuna
1192 1077 1224 1142 di
1257 1089 1369 1167 queste
1406 1103 1500 1164 cose,
1539 1081 1610 1147 anzi
1639 1080 1689 1144 ha-

376 1181 482 1248 vendo
513 1203 574 1248 con
602 1180 625 1246 il
655 1179 742 1247 detto
772 1203 808 1248 re
835 1205 893 1268 per
922 1180 1117 1248 concludere
1140 1180 1229 1248 detta
1250 1181 1324 1270 lega
1347 1181 1523 1271 adoperato
1554 1183 1577 1250 il
1606 1205 1689 1248 meso

376 1285 427 1352 del
452 1285 536 1351 duca
558 1285 599 1350 de
620 1285 755 1352 Firense
779 1295 811 1351 et
832 1285 999 1352 essendosi
1026 1286 1138 1352 offerto
1166 1285 1200 1352 di
1228 1287 1364 1352 mandas
1393 1311 1437 1352 un
1464 1287 1573 1376 legato
1595 1288 1628 1352 in
1649 1287 1688 1351 Is·

375 1411 486 1476 pagna
507 1387 688 1454 confidente
710 1411 767 1455 suo
790 1411 850 1476 per
871 1398 984 1454 trattar
1005 1397 1136 1476 questo,
1167 1411 1232 1453 non
1254 1388 1382 1456 haveva
1407 1393 1472 1456 mci
1495 1390 1615 1456 hevnto
1637 1390 1688 1454 ris-

374 1502 477 1579 posta,
502 1492 586 1558 onde
609 1513 772 1578 appareva
794 1490 853 1557 che
875 1492 985 1556 teniva
1006 1513 1089 1578 poco
1113 1501 1206 1557 conto
1230 1491 1314 1557 delle
1335 1515 1475 1579 persona
1497 1515 1557 1559 sua
1579 1503 1610 1559 11
1631 1515 1688 1557 111

375 1596 407 1660 11
430 1597 574 1660 stimava.
642 1594 701 1659 che
724 1596 833 1659 teniva
855 1616 973 1660 ancora
995 1617 1077 1682 poco
1101 1603 1195 1660 conto
1219 1593 1259 1660 de
1281 1594 1451 1662 Venetieni
1480 1607 1512 1663 et
1539 1595 1610 1662 alui
1633 1597 1688 1662 Ita·

374 1701 450 1765 lieni
473 1709 504 1765 et
527 1697 585 1764 che
608 1721 672 1764 non
695 1696 809 1762 feceva
832 1698 899 1764 cosi
921 1697 940 1762 l'
953 1699 1127 1784 imperator
1150 1697 1245 1764 Oarlo
1268 1721 1326 1766 suo
1348 1698 1459 1786 padre,
1497 1699 1520 1766 il
1543 1699 1688 1788 qualeae

374 1803 459 1868 fosse
481 1811 564 1870 stato
586 1800 672 1884 vivo,
695 1823 760 1866 non
783 1800 946 1868 bevrebbe
968 1801 1110 1867 ricusato
1126 1801 1155 1866 d’
1171 1799 1272 1868 ander
1286 1804 1320 1868 in
1334 1825 1474 1888 persona
1488 1827 1509 1868 a
1523 1803 1686 1870 ritrovarlo

373 1929 432 1992 per
441 1913 556 1970 1111111
566 1914 678 1992 queste
690 1925 765 1968 cose
781 1925 871 1986 sec03
888 1913 920 1968 et
935 1902 984 1968 ch’
996 1902 1160 1970 havrebbe
1176 1914 1303 1992 sperato
1319 1904 1362 1970 da
1376 1904 1409 1972 S.
1425 1907 1481 1970 M·-
1495 1909 1574 1993 ogni
1586 1905 1688 1972 buono
1718 1943 1719 1950 1

374 2012 460 2075 aiuto
485 2018 517 2074 et
538 2009 664 2092 favore;
698 2005 757 2072 che
785 2009 840 2094 piu
868 2004 954 2072 volte
983 2006 1026 2072 ha
1047 2007 1203 2075 rioercato
1227 2007 1285 2074 ohe
1308 2008 1417 2095 voglia
1438 2009 1549 2076 levare
1572 2010 1604 2075 di
1628 2034 1685 2100 qua

374 2112 392 2177 l'
406 2112 603 2178 inbasciator
622 2111 749 2197 Vargas
783 2133 824 2176 ne
846 2111 909 2175 mai
932 2109 1006 2175 l’ha
1038 2109 1148 2176 voluto
1170 2111 1253 2196 farm
1298 2110 1357 2177 che
1390 2135 1447 2200 per
1474 2110 1604 2179 haverlo
1638 2137 1686 2178 vo·

375 2215 440 2282 luto
464 2217 646 2304 compiacer
667 2213 751 2279 nelle
773 2212 865 2300 galee
887 2211 910 2277 il
933 2212 1018 2279 clero
1040 2213 1073 2278 di
1096 2213 1229 2303 Spagna
1252 2215 1305 2282 s'e
1328 2213 1437 2280 doluto
1466 2226 1498 2281 et
1528 2239 1546 2282 e
1573 2218 1684 2283 ricorso

374 2318 404 2384 al
426 2317 578 2402 concilio;
623 2315 707 2383 ch’il
729 2316 816 2383 detto
838 2339 872 2380 re
896 2319 923 2381 si
946 2339 963 2382 1
986 2327 1097 2383 curato
1119 2341 1203 2405 poco
1226 2317 1258 2383 di
1284 2319 1459 2384 raffrenare
1487 2319 1684 2407 l'arrogansa

374 2421 456 2488 delle
478 2423 611 2488 vescovi
634 2419 789 2508 Spagnoli
812 2422 845 2485 in
868 2419 1005 2504 Trent03
1029 2420 1088 2485 ohe
1111 2444 1184 2486 sara
1206 2421 1358 2506 eiorecto,
1392 2422 1542 2490 havendo
1564 2447 1634 2490 esso
1655 2448 1683 2488 re

372 2548 466 2613 perso
489 2523 585 2592 molte
609 2525 781 2607 occasioni,
805 2523 837 2588 di
861 2523 1039 2590 concedere
1062 2523 1126 2590 elle
1156 2525 1212 2589 Μ’·
1233 2524 1272 2590 V.
1296 2534 1328 2591 et
1349 2525 1405 2591 alli
1427 2525 1581 2592 Francesi
1602 2525 1683 2614 qual·

372 2630 431 2696 che
454 2651 531 2697 ooee
555 2629 587 2695 di
610 2627 715 2716 quelle
743 2628 802 2694 ohe
830 2625 1041 2712 dimandan03
1087 2627 1137 2694 ch’
1150 2629 1192 2694 he
1220 2629 1397 2696 consentite
1426 2627 1475 2694 oh’
1487 2628 1509 2694 il
1539 2631 1682 2718 prencipe

373 2734 402 2800 d'
416 2733 563 2821 Oranges
597 2734 625 2796 si
659 2734 708 2798 sia
734 2731 881 2800 maritate
914 2753 975 2798 con
1005 2753 1071 2798 una
1092 2732 1293 2812 Lutherana;
1327 2731 1386 2799 che
1410 2731 1484 2797 dall'
1497 2733 1633 2800 accordo
1654 2732 1682 2796 di

370 2837 514 2905 Francia
534 2859 575 2904 ne
597 2835 753 2904 resultem
774 2858 840 2901 una
860 2834 935 2923 lega
955 2845 1006 2902 tra
1026 2835 1181 2902 Franoeei
1214 2835 1384 2902 Alemanni
1417 2834 1539 2922 Inglesi
1561 2846 1591 2903 et
1613 2835 1681 2902 Sco-

370 2944 446 3026 nesi,
469 2953 501 3008 et
521 2951 603 3008 tutto
627 2951 740 3030 questo
763 2963 837 3005 sara
851 2938 1117 3028 principalmente
1133 2939 1166 3004 in
1183 2939 1288 3005 denno
1312 2937 1364 3004 del
1386 2948 1468 3005 stato
1493 2939 1677 3016 diFiandra

370 3047 393 3112 il
416 3045 511 3135 quale
532 3047 585 3132 gie
607 3047 693 3111 tiene
715 3067 774 3132 per
796 3066 899 3130 perso.
923 3067 984 3110 con
1006 3053 1088 3110 tutto
1112 3045 1162 3110 oio
1185 3065 1250 3108 non
1271 3042 1407 3110 lasciera
1429 3041 1581 3110 d'esserli
1600 3041 1680 3107 buon

369 3149 470 3238 padre
492 3150 578 3216 etin
601 3157 682 3213 tutto
706 3146 812 3235 quello
836 3147 894 3213 che
917 3156 1012 3234 potra
1032 3146 1064 3213 lo
1087 3147 1290 3234 compiacera
1305 3169 1429 3235 sempre
1442 3199 1448 3212 .
1462 3195 1492 3214 ..

505 3321 556 3372 Am
573 3323 606 3372 25
625 3321 700 3387 April
716 3323 855 3371 antwortet
873 3319 920 3370 der
932 3319 1026 3370 Kaiser
1042 3319 1173 3387 (On'glnal
1184 3321 1211 3370 in
1221 3319 1290 3372 Areo
1308 3319 1364 3386 G.):
1383 3320 1488 3372 ohwohl
1515 3321 1562 3372 des
1579 3319 1678 3386 Pepetes

437 3408 652 3474 Befflrohtnngen
670 3406 777 3458 betreffe
796 3406 842 3457 dee
861 3405 1035 3456 Calviniemue
1052 3407 1220 3456 1111111111
1237 3405 1311 3468 sind,
1340 3408 1368 3456 11
1388 3406 1438 3456 bac
1459 3421 1524 3456 eane
1542 3413 1612 3457 secte
1629 3421 1676 3471 pro

437 3494 553 3549 hibenda
571 3499 598 3545 et
615 3508 631 3542 a
647 3494 742 3544 nostrie
760 3497 787 3543 et
804 3491 831 3546 S.
852 3494 952 3558 imperii
970 3493 1112 3546 ditionibus
1130 3491 1327 3544 exterminanda
1339 3491 1464 3559 quicquid
1476 3507 1580 3559 pernes
1591 3505 1677 3558 operae
1718 3487 1719 3496 ’

438 3588 466 3632 11
484 3581 635 3647 diligentiae
653 3579 781 3646 praestan
798 3580 897 3644 potuit,
914 3579 943 3630 id
954 3579 1070 3646 profecto
1088 3579 1180 3630 sedulo
1193 3579 1292 3630 lectum
1310 3595 1471 3646 essemque
1489 3595 1537 3631 noe
1554 3582 1581 3630 in
1597 3584 1674 3646 poste·

436 3684 493 3718 ram
510 3667 598 3719 officio
617 3672 705 3718 nostro
724 3665 872 3726 defuturoe3
890 3670 1070 3718 verumtamen
1087 3671 1176 3718 nostro
1193 3666 1291 3717 iudicio
1309 3669 1437 3718 rationem
1455 3667 1489 3717 ad
1505 3665 1673 3733 reprimendus

438 3760 464 3805 et
481 3752 658 3820 profligandas
670 3750 814 3803 istiusmodi
825 3752 1034 3817 pemicioesimas
1054 3752 1176 3803 haereses
1193 3754 1276 3822 magis
1289 3753 1488 3805 accomodatam
1507 3759 1534 3804 et
1551 3752 1675 3804 efficacem

437 3842 544 3907 reperiri
561 3856 614 3892 non
631 3855 718 3908 posse,
737 3855 814 3905 quam
832 3839 855 3890 11
872 3839 944 3904 apud
960 3855 1008 3891 nos
1027 3841 1097 3890 omni
1114 3853 1188 3891 mora
1204 3841 1350 3906 postposite
1368 3839 1539 3891 emendentur
1556 3845 1583 3890 11
1599 3853 1675 3903 repur-

438 3931 531 3994 gentur
548 3939 616 3992 qnae
636 3925 845 3976 emendationem
863 3927 1003 3990 nequinont,
1023 3931 1102 3990 11111
1120 3927 1147 3976 11
1164 3925 1276 3976 concilio
1300 3929 1327 3976 et
1348 3927 1436 3976 ubivis
1454 3927 1541 3978 omnia
1560 3928 1626 3977 bono
1642 3939 1672 3974 oe

437 4013 496 4064 dine
515 4017 645 4080 gematur.
662 4011 722 4078 Vgl.
741 4011 809 4063 anch
826 4013 895 4064 Doc.
912 4009 981 4066 ined.
1001 4014 1024 4075 9,
1043 4015 1092 4064 336
1110 4011 1165 4064 und
1182 4011 1340 4064 Kluclslnohn
1357 4014 1415 4063 419.
1440 4039 1473 4050 ·-
1495 4015 1546 4064 Am
1563 4015 1594 4064 21
1611 4007 1672 4076 April

435 4099 534 4152 meldet
549 4100 618 4150 Areo
638 4099 681 4150 die
698 4098 816 4150 Ankunft
833 4114 886 4149 von
902 4098 1027 4161 Mueotto,
1046 4098 1092 4150 der
1113 4098 1183 4149 nach
1207 4097 1266 4148 dem
1289 4097 1428 4150 Todedee
1448 4097 1671 4164 (1811111111

438 4186 482 4237 die
500 4186 609 4236 Dienste
628 4185 675 4236 des
694 4184 722 4235 C.
741 4200 794 4236 von
811 4184 972 4252 Lothringen
990 4189 1109 4252 getreten
1121 4199 1174 4234 war
1187 4185 1263 4250 (Pall.
1276 4187 1300 4248 2,
1313 4184 1370 4238 681.
1385 4183 1460 4250 702);
1477 4186 1551 4236 scine
1562 4183 1671 4246 Sendung

434 4288 470 4323 an
487 4273 539 4324 den
555 4273 637 4338 Pepst
663 4270 752 4322 warde
779 4271 862 4322 sehon
880 4270 981 4321 damnis
1008 4270 1088 4322 dahin
1114 4271 1239 4337 gedentet
1262 4270 1323 4322 dass
1341 4269 1388 4321 der
1407 4269 1549 4336 Gardinal,
1579 4271 1611 4321 da
1626 4269 1669 4320 sein

435 4357 550 4410 Einfluse
566 4359 595 4409 in
611 4356 773 4408 Frankreich
791 4359 818 4407 in
836 4356 922 4423 Frage
940 4356 1046 4423 gestellt
1063 4357 1158 4422 werde,
1176 4357 1233 4408 sich
1256 4357 1304 4408 mit
1327 4356 1375 4408 der
1391 4355 1469 4408 Ourie
1487 4371 1522 4409 nu
1540 4353 1669 4408 verstindi·

436 4459 487 4511 gen
504 4445 595 4497 soche.
