3450 5818
90 700 181 766 caes
203 699 380 787 potioribus
401 698 556 788 praelatis
586 707 735 765 accurate
757 707 912 782 tractare,
947 697 1150 764 admonendo
1173 721 1238 778 eos,
1261 721 1304 764 ex
1326 721 1390 786 qno

88 827 138 870 uon
155 802 188 867 id
210 804 393 891 quaerimus
403 813 440 869 ut
456 805 492 868 in
507 801 578 868 aliis
593 802 787 888 nationibus,
802 823 887 891 quae
902 801 1007 867 adbuc
1023 824 1121 868 sanae
1137 811 1258 868 suntet
1273 803 1392 869 eiusce-

86 907 156 973 nodi
176 907 380 974 dissidiorum
401 909 435 973 in
456 905 611 995 religione
624 891 782 994 expertes,
806 907 972 994 quippiam
982 907 1153 973 innovetur
1166 918 1222 972 aut
1237 916 1387 990 mutetur,

84 1010 167 1076 velint
187 1019 220 1076 et
234 1011 297 1098 ipsi
309 1013 375 1078 suis
389 1011 551 1098 suffragiis
564 1010 713 1080 laborare
735 1019 766 1076 et
777 1033 967 1100 promovere
982 1033 1045 1100 quo
1057 1009 1121 1078 illis
1143 1009 1256 1076 saltem
1277 1011 1386 1096 regnis

83 1125 108 1180 et
134 1115 305 1201 provinciis
333 1137 416 1202 quae
442 1114 506 1180 boc
526 1113 670 1180 remedio
698 1136 780 1200 opus
807 1113 930 1180 habent
959 1113 1145 1180 consulatur
1175 1123 1393 1200 caveaturque

81 1241 113 1281 ne
131 1239 258 1304 prorsus
277 1217 408 1284 tandem
423 1226 558 1304 pereant
573 1266 581 1282 .
597 1267 605 1281 .
621 1264 629 1281 .
652 1217 797 1282 similiter
811 1219 844 1281 in
859 1217 1006 1305 urgenda
1019 1217 1247 1283 reformatione
1263 1238 1390 1282 omnem

80 1319 172 1386 itidem
193 1323 321 1407 ponatis
344 1343 477 1408 operam
498 1330 596 1409 atquc
620 1319 868 1386 sollicitudinem
882 1331 948 1388 tarn
963 1320 1052 1411 apud
1066 1321 1138 1385 Re·
1153 1320 1278 1408 legatos
1294 1342 1391 1407 quarn

81 1424 154 1507 ipsos
173 1433 293 1512 patres,
316 1423 428 1489 habita
442 1424 567 1492 ratione
583 1422 672 1512 quod
687 1425 755 1490 sine
771 1447 809 1490 co
824 1435 934 1492 nostro
951 1423 1068 1490 iudicio
1080 1423 1201 1489 frustra
1217 1425 1258 1488 sit
1271 1423 1393 1488 laetum

80 1537 105 1589 et
122 1535 264 1613 optatam
286 1526 414 1593 concilii
436 1529 559 1594 exitum
581 1547 722 1616 sperare,
752 1527 795 1593 ad
817 1548 916 1615 quam
938 1549 1012 1594 cum
1034 1537 1067 1594 et
1088 1523 1175 1593 Galli
1199 1537 1231 1592 et
1252 1523 1392 1615 Hispani

79 1639 104 1691 ct
120 1629 191 1694 ltnli
213 1651 343 1719 quoqne
363 1629 509 1698 nonnulli
531 1631 695 1716 inclinent,
720 1631 873 1718 expediet
894 1629 1049 1698 oum-illis
1062 1629 1177 1698 eadem
1189 1631 1230 1697 ds
1245 1653 1280 1696 re
1296 1650 1389 1718 sepa·

79 1732 157 1796 ratim
180 1755 278 1820 agere
300 1754 397 1821 quam
418 1731 488 1800 lieri
509 1736 629 1822 poterit
651 1733 902 1802 accuratissime.

165 1837 317 1902 Ceterum
338 1837 514 1925 probamus
542 1837 673 1926 quidem
702 1855 859 1925 perquam
886 1838 1029 1924 benigne
1054 1838 1142 1927 quod
1163 1837 1260 1904 rebus
1283 1839 1331 1903 sio
1356 1857 1391 1902 se

79 1935 260 2006 habentibus
282 1940 347 2006 1³⁸¹·
374 1939 492 2028 legatis
515 1939 730 2025 ostenderitis,
758 1963 818 2008 vos
840 1963 906 2008 non
928 1940 1022 2007 aliter·
1044 1943 1221 2007 sententiae
1242 1943 1386 2029 ipsorum

77 2061 260 2128 messuros,
283 2045 345 2110 nisi
366 2047 400 2110 in
422 2044 566 2110 sessione
587 2045 650 2109 ista
671 2043 827 2111 hodierna
848 2042 977 2132 publice
999 2047 1206 2133 promittatur
1224 2045 1312 2134 quod
1327 2046 1391 2132 ipsi

78 2144 121 2208 Rs
136 2145 237 2232 legati
258 2146 362 2214 dictos
384 2147 465 2215 duos
488 2147 641 2214 articulos
662 2159 842 2235 postremos
864 2151 1105 2216 concessionem
1128 2149 1238 2216 caliois
1262 2169 1392 2215 concer-

77 2259 177 2314 nentes
203 2252 400 2338 proposituri
429 2259 549 2334 esseut,
578 2271 617 2318 eo
646 2252 797 2316 nimirum
823 2261 969 2340 tempore
998 2275 1061 2340 quo
1093 2253 1187 2319 vobis
1210 2251 1391 2318 oratoribus

76 2355 183 2418 nostris
204 2353 312 2418 visum
333 2353 424 2420 foret
458 2375 572 2420 rerum
594 2355 628 2418 in
649 2357 744 2420 tertia
766 2355 951 2422 conditione
973 2356 1120 2422 nonnihil
1141 2353 1235 2422 nobis
1259 2356 1392 2422 difficul-

74 2457 140 2519 tatis
155 2457 304 2522 occurrit.
328 2458 388 2522 etsi
405 2458 490 2523 enim
511 2479 709 2545 magnopere
731 2458 911 2546 optandum
932 2461 974 2524 sit
996 2459 1083 2546 qnod
1104 2459 1172 2526 8⁰⁰¹
1192 2459 1235 2525 Ι).
1258 2461 1298 2525 N.
1318 2459 1395 2527 huic

20 2533 22 2612 ι
73 2561 199 2644 negocio
222 2559 399 2647 benignum
421 2571 519 2648 atque
540 2570 712 2649 paternum
734 2562 879 2629 favorem
901 2573 1051 2650 praestet,
1073 2573 1183 2630 tamen
1196 2563 1326 2630 videtur
1339 2585 1391 2629 res

20 2615 23 2724 l
75 2661 141 2726 usli
169 2662 312 2750 exempli
338 2674 371 2729 et
398 2662 588 2730 elibertano
617 2663 745 2732 concilii
773 2665 986 2750 alienissima,
1015 2667 1058 2733 ad
1079 2666 1144 2733 Sc„
1167 2666 1200 2734 S
1228 2689 1394 2734 recurrere

75 2765 103 2829 in
112 2767 149 2830 iis
165 2764 265 2831 rebus
280 2786 364 2854 qnae
379 2789 400 2831 a
411 2766 547 2834 concilio
561 2767 824 2834 determinandae
836 2779 919 2853 sunt,
930 2780 1026 2857 prout
1042 2779 1091 2836 est
1104 2769 1209 2836 baec'
1200 2793 1271 2859 rpea
1282 2770 1323 2837 de
1334 2791 1395 2836 usu

76 2868 186 2953 caliois,
201 2892 308 2958 neque
322 2868 375 2938 vel
387 2893 445 2959 par
459 2881 509 2937 est
529 2870 583 2936 vel
606 2874 757 2959 antiquae
772 2871 992 2964 laudabilique
1007 2895 1171 2941 sacrorum
1186 2873 1395 2942 conciliorum

76 2973 290 3039 consuetudini
308 2984 568 3056 consentaneum,
587 2977 621 3040 in
634 2975 723 3042 Urbe
736 2978 912 3044 secundum
930 2975 1129 3044 veluntatem
1141 2978 1191 3045 8⁶·
1202 2979 1235 3045 S.
1248 2989 1280 3046 et
1291 2981 1394 3044 ΒΜ·

75 3077 278 3142 cardinalium
300 3101 439 3145 oanones
462 3076 631 3165 compilari
654 3099 694 3144 ao
716 3080 905 3146 Tridentum
927 3091 1042 3169 postea
1070 3081 1283 3170 publicandos
1299 3083 1393 3169 mitti,

20 3183 161 3265 quasi
182 3203 202 3246 a
223 3181 368 3268 patribus
395 3180 440 3246 ibi
463 3181 583 3248 decreti
604 3181 749 3248 fuissent.
774 3184 985 3271 quamobrem
1007 3206 1081 3252 cum
1102 3185 1164 3252 hoc
1186 3186 1319 3253 laudare
1340 3134 1394 3254 vel

20 3343 22 3378 ,
20 3285 205 3368 probare
219 3285 349 3350 minime
365 3284 886 3373 possimus,atquehoc1psumsit
903 3287 990 3375 quod
1006 3289 1067 3354 r'rb
1058 3290 1149 3355 mitio
1166 3313 1229 3378 quo
1246 3299 1394 3379 coeptum

20 3395 22 3486 l
74 3396 116 3449 est
142 3387 184 3452 de
205 3387 381 3453 indictione
404 3397 437 3452 et
458 3385 674 3454 celebratione
704 3387 831 3455 concilii
861 3391 1010 3476 maceri,
1045 3396 1131 3459 omni
1153 3405 1272 3461 conatu
1294 3417 1394 3484 oppu-

20 3519 22 3592 ι
76 3492 241 3574 gnavimns
264 3501 297 3557 et
323 3491 358 3554 in
386 3499 552 3577 posterum
573 3489 667 3556 nobis
689 3492 942 3580 oppugnandum
969 3519 1138 3564 censemus
1168 3507 1264 3587 atque
1293 3500 1334 3565 de
1356 3521 1393 3566 eo

20 3599 21 3616 ι
74 3617 155 3660 nunc
176 3594 218 3660 ad
239 3603 401 3662 oratorem
423 3605 568 3661 nostrum
582 3595 704 3661 Romae
727 3599 918 3664 existentem
941 3603 1118 3686 scribimus,
1140 3603 1235 3669 vobis
1253 3604 1391 3691 benigne

75 3720 109 3762 ac
129 3699 265 3764 firmiter
286 3699 513 3766 committimus
534 3707 571 3764 ut
592 3699 626 3763 in
647 3697 710 3765 bac
730 3711 823 3788 parte
846 3711 941 3767 caute
962 3706 1066 3790 agatis
1082 3725 1270 3795 summoque
1285 3707 1394 3775 studio

76 3805 221 3885 caveatis,
244 3823 286 3867 ne
308 3803 387 3891 quid
409 3823 429 3868 a
452 3801 544 3867 vobis
565 3802 746 3889 profectum
768 3804 918 3872 videatur
946 3807 1034 3895 quod
1056 3807 1283 3876 diminuendae
1306 3821 1394 3878 auto·

75 3905 156 3969 ritati
178 3905 307 3972 concilii
329 3903 567 3993 quodammodo
590 3927 723 3972 causam
743 3908 907 3995 praebeat
931 3911 965 3976 in
986 3909 1165 3980 bisantem
1181 3913 1315 4001 agendis
1329 3936 1395 3982 non

77 4019 122 4072 est
143 4007 229 4097 quod
251 4009 429 4096 expectetis
451 4007 527 4074 ΒΜ·
549 4009 827 4101 archiepiscopum
842 4015 1037 4102 Pregensem
1053 4065 1061 4081 .
1078 4067 1110 4083 ..
1133 4019 1331 4084 iniunximus
1346 4021 1393 4084 in·

76 4131 168 4196 snper
192 4113 299 4178 eidem
320 4111 580 4200 archiepiscopo,
611 4116 741 4202 quando
764 4118 954 4185 'Ibidentum
975 4122 1169 4207 pervenerit,
1198 4132 1234 4187 ut
1254 4123 1318 4189 boo
1341 4145 1394 4190 nc·

76 4218 197 4298 gocium
227 4217 460 4284 communionis
488 4215 637 4281 omnibns
664 4219 769 4284 modis
791 4220 967 4287 iuvandum
998 4233 1029 4289 ct
1049 4223 1306 4311 promovendum
1329 4249 1395 4293 sus·

77 4318 179 4403 cipiat,
201 4343 268 4386 nou
288 4319 385 4386 modo
407 4328 518 4385 nostra
540 4322 711 4386 autentate
731 4345 795 4410 qua
809 4325 956 4412 iungitur
970 4335 1006 4392 ut
1021 4337 1130 4394 orator
1142 4339 1259 4414 noster,
1282 4351 1395 4396 verum

20 4429 21 4432 ’
76 4422 165 4487 etiam
192 4433 229 4488 ut
251 4425 511 4511 archiepiscopus
533 4423 706 4510 Pragensis
736 4430 791 4514 qui
820 4430 888 4494 eius
916 4432 964 4495 rei
985 4431 1150 4518 urgendae
1178 4454 1256 4521 prae
1279 4437 1394 4502 ceteris

77 4528 276 4606 gravissimas
292 4528 597 4614 urgentissimasque
626 4549 742 4595 causae
763 4530 885 4597 babet.
902 4582 910 4598 .
927 4581 935 4598 .

634 4847 669 4858 —-·
675 4849 829 4862 nnn—*-
