3532 5832
762 889 792 974 Ι.

311 1111 445 1187 Kaiser
472 1109 685 1186 Fordinand
714 1109 724 1184 l
749 1129 795 1186 an
824 1110 943 1186 Franz
970 1133 1045 1188 von
1068 1111 1227 1206 Thurm;

535 1264 727 1332 Augsbnrg,
745 1265 783 1314 10
800 1263 875 1316 Juli
894 1267 985 1316 1559.

96 1450 237 1503 Βοωαπα.
266 1445 457 1518 Gleicbacitiqe
478 1444 619 1515 Absctra‘st
640 1446 688 1502 des
711 1445 854 1518 Concepts,
882 1446 927 1502 die
948 1447 1015 1504 aber
1035 1465 1089 1504 arar
1110 1447 1296 1504 densatione
1322 1449 1437 1504 entldlt.

466 1625 544 1691 Post
565 1623 630 1689 alia
651 1623 870 1712 sequebantur
893 1626 1076 1712 sequentia:

217 1762 393 1862 Postremo
406 1798 471 1862 iam
483 1797 613 1885 saepius
625 1795 684 1861 abs
696 1805 728 1861 te
737 1804 769 1861 et
776 1795 846 1861 aliis
853 1797 945 1862 varia
953 1819 1039 1862 nova
1052 1795 1092 1862 de
1100 1796 1242 1863 instabili
1250 1797 1435 1864 valetudine

97 1899 215 1964 summi
238 1899 402 1986 pontificis
424 1898 469 1964 ad
489 1923 547 1966 nos
569 1897 694 1988 perlata
709 1909 797 1983 sunt,
829 1907 865 1964 ut
880 1899 1094 1966 dubitandum
1110 1902 1150 1965 sit
1166 1898 1233 1966 Sim
1247 1903 1315 1967 eius
1330 1910 1436 1968 aetate

97 2002 291 2069 valetudine
307 2026 347 2068 ac
362 2002 487 2070 viribus
503 2002 682 2070 confectam
693 2026 758 2069 non
771 2003 827 2068 diu
842 2025 1023 2086 evasuram,
1050 2004 1129 2090 quin
1143 2003 1286 2069 debitum
1301 2015 1437 2071 natiuae

98 2107 279 2194 persolvat.
303 2129 378 2172 cum
400 2107 534 2171 veroin
548 2105 638 2170 illum
661 2115 812 2172 eventum
834 2104 928 2171 nobis
950 2128 1019 2204 pro,
1032 2127 1185 2172 caesareo
1206 2115 1315 2174 nostro
1331 2108 1437 2174 officio

98 2212 284 2294 incumbat,
307 2210 428 2276 habere
443 2209 528 2275 illico
550 2211 585 2274 in
605 2209 686 2275 urbe
709 2219 878 2294 oratorem,
902 2212 957 2296 qui
979 2218 1089 2275 nostro
1104 2209 1186 2294 loco,
1203 2219 1340 2277 vacante
1361 2210 1438 2276 sede

100 2315 292 2404 apostolica,
302 2313 474 2400 collegium
482 2311 1439 2402 cardinaliumalloquatmetipsosquoquereverendissimos

98 2417 285 2485 cardinales
308 2419 483 2506 separatim
495 2440 654 2507 quemque
670 2419 703 2482 in
719 2417 867 2504 eligendo
881 2441 966 2484 novo
981 2418 1133 2506 pontifice
1148 2418 1322 2486 admoneat
1342 2417 1439 2485 officii

99 2526 147 2588 sui
170 2533 205 2589 et
226 2522 455 2610 periculorum,
479 2521 597 2610 quibus
619 2523 716 2588 modo
739 2521 924 2609 respublica
952 2521 1126 2588 christiana
1154 2525 1296 2590 maxime
1325 2526 1359 2588 in
1387 2522 1437 2587 his

101 2649 183 2714 quae
213 2625 425 2692 christianam
446 2623 633 2711 religionem
655 2634 799 2691 noemam
822 2634 1038 2709 concemnnt,
1063 2625 1281 2712 conflictatur,
1309 2625 1438 2713 aliaque

102 2740 272 2817 agatquae
283 2731 514 2816 imperatorum
525 2727 624 2816 legati
636 2737 669 2794 et
680 2738 823 2795 oratores
835 2729 1182 2817 iistemporibusagere
1194 2737 1439 2812 consueverunt,

100 2844 196 2922 prout
210 2833 294 2899 alias
310 2855 439 2923 quoque
452 2841 563 2900 nostra
574 2834 683 2920 magni
698 2831 805 2918 refert,
822 2835 903 2899 citra
914 2833 1092 2920 longiorem
1108 2857 1231 2900 moram
1248 2833 1437 2920 intelligere,

103 2937 268 3026 quomodo
290 2938 377 3004 idem
400 2936 571 3026 collegium
594 2961 672 3025 erga
693 2961 752 3004 nos
782 2938 933 3004 affectum
963 2939 1005 3003 sit
1027 2947 1059 3004 et
1073 2962 1115 3004 an
1130 2963 1189 3006 nos
1204 2962 1438 3028 recognoscere

104 3042 180 3106 velit
202 3065 325 3108 necue:
354 3043 596 3109 considerantes
619 3043 717 3129 igitur
738 3065 806 3108 rem
829 3044 910 3107 tanti
938 3045 1091 3108 momenti
1117 3066 1183 3109 non
1209 3042 1437 3132 negligendam

105 3157 160 3210 ant
181 3145 304 3211 diutius
321 3145 543 3230 differendam,
567 3167 757 3232 cuperemus
781 3144 912 3233 quidem
927 3167 1014 3210 nune
1029 3147 1146 3230 statim,
1162 3169 1227 3212 non
1249 3156 1438 3234 exspectata

103 3249 156 3314 Sfi'
166 3249 200 3314 S.
217 3259 330 3334 morte,
347 3249 489 3338 aliquem
496 3260 655 3316 oratorem
666 3251 700 3314 in
716 3248 833 3314 almam
848 3247 961 3314 urbem
976 3248 1140 3337 expedire,
1163 3253 1218 3338 qui
1233 3249 1315 3317 hacc
1331 3253 1438 3318 omnia

104 3375 185 3440 quae
214 3352 398 3418 dictasunt
424 3363 650 3442 exequeretur,
694 3375 731 3418 eo
763 3351 851 3440 quod
877 3353 972 3416 nimis
999 3370 1070 3418 sero
1100 3351 1177 3418 illuc
1205 3363 1436 3441 perventurum

105 3455 296 3541 dubitemus,
321 3459 347 3520 si
370 3458 443 3544 quis
466 3481 508 3522 ex
524 3457 599 3522 aula
613 3463 724 3523 nostra
745 3463 814 3521 tum
828 3456 966 3543 primum
983 3453 1185 3542 ablegandus
1199 3456 1292 3542 foret,
1305 3457 1435 3546 quando

103 3583 160 3624 nos
183 3559 225 3625 dc
240 3558 330 3626 obitu
345 3558 401 3625 8¹³⁸
418 3559 450 3626 S.
468 3562 619 3628 certiores
633 3561 797 3642 fuerimus,
824 3560 879 3646 qui
895 3568 982 3626 certe
996 3558 1170 3626 multorum
1186 3559 1310 3627 dicrum
1332 3563 1437 3649 spatio

105 3665 159 3726 rix
181 3665 251 3728 eius
273 3663 320 3728 rei
341 3665 487 3728 notitiam
510 3686 627 3751 capere
647 3663 840 3750 poterimus,
878 3664 923 3727 ita
945 3661 1034 3750 quod
1055 3672 1130 3729 ante
1152 3662 1238 3730 illius
1261 3664 1437 3730 adventum

105 3765 361 3832 reverendissimi
381 3766 560 3831 cardinales
583 3766 781 3832 hauddubie
802 3789 837 3831 se
851 3767 960 3830 iamin
973 3765 1127 3832 conclave
1143 3776 1251 3833 essent
1265 3769 1435 3856 recepturi.

106 3869 160 3933 sed
183 3870 260 3958 quia
281 3868 316 3933 id
338 3867 380 3934 ob
403 3869 548 3935 diversos
575 3877 742 3957 respectus
765 3868 932 3934 commode
963 3869 1032 3934 fieri
1060 3871 1186 3958 nequit,
1211 3873 1434 3936 constituimus

106 3981 159 4037 tua
179 3972 243 4038 hac
266 3973 355 4038 inre
379 3995 478 4059 opera
499 3973 557 4056 uti,
579 3996 677 4060 quam
699 3972 793 4038 nobis
815 3995 934 4060 magno
956 3975 1029 4038 usui
1056 3973 1125 4039 fore
1148 3973 1338 4040 confidimus
1361 3998 1435 4041 oum

105 4086 234 4164 propter
255 4075 353 4142 fidem
375 4087 408 4143 et
422 4076 614 4142 industriam
629 4086 728 4160 tuam,
744 4087 812 4142 tum
828 4078 925 4142 etiam
941 4077 1029 4165 quod
1044 4079 1078 4142 in
1100 4101 1138 4143 eo
1154 4076 1226 4143 loco
1242 4079 1434 4144 constitutus

107 4182 166 4264 sis,
207 4179 264 4246 ubi
285 4181 555 4268 paucissimorum
579 4180 703 4246 dierum
730 4179 784 4246 vel
806 4180 957 4246 horarum
987 4183 1090 4267 spatio
1120 4203 1306 4268 cognosces,
1337 4204 1434 4269 quam

105 4286 243 4369 primum
269 4283 313 4351 Sa
348 4283 434 4350 illius
462 4283 586 4374 aliquid
613 4284 799 4350 humanitus
828 4285 997 4370 acciderit,
1032 4294 1064 4350 et
1091 4283 1178 4349 unde
1207 4284 1372 4350 confestim
1401 4286 1435 4350 in

104 4388 212 4454 mbem
249 4388 404 4455 advolare
437 4412 477 4454 ac
510 4391 543 4453 in
575 4397 720 4477 tempore
741 4390 911 4476 pervenire
949 4389 1079 4476 poteris.
1128 4391 1238 4478 itaque
1272 4389 1331 4454 tibi
1360 4411 1433 4454 cum

104 4491 306 4577 presentibus
338 4493 493 4558 mittimus
528 4491 638 4558 literas
673 4491 885 4559 credentiales
920 4493 963 4558 ad
991 4493 1097 4579 ipsum
1126 4491 1298 4580 collegium
1325 4501 1358 4558 et
1379 4491 1434 4558 ali·

105 4607 181 4684 quot
208 4595 406 4680 cardinales,
444 4620 570 4663 necnon
603 4599 845 4664 instructionem
880 4618 938 4662 seu
959 4597 1130 4664 formulam
1152 4619 1263 4664 corum
1292 4619 1377 4685 quae
1401 4606 1434 4662 te

103 4722 197 4787 agere
221 4700 401 4788 oportebit,
424 4722 496 4766 cum
521 4723 616 4767 casus
639 4701 765 4786 tulerit,
786 4701 927 4788 benigne
942 4701 1002 4767 tibi
1012 4703 1225 4787 iniungentes,
1246 4710 1284 4764 ut
1297 4709 1432 4786 accepto

102 4813 188 4869 certo
210 4806 324 4870 nuntio
347 4803 388 4869 de
409 4813 512 4870 morte
534 4805 705 4891 pontificis,
728 4827 806 4870 mox
827 4803 925 4870 rebus
948 4803 1096 4869 omnibus
1123 4803 1253 4888 relictis,
1282 4803 1432 4867 maximis

102 4930 198 4995 quam
231 4909 353 4994 poteris
387 4907 576 4992 itineribus,
606 4907 740 4995 diesque
769 4917 945 4995 noctesque
968 4915 1055 4973 terra
1081 4908 1222 4991 marive,
1251 4913 1347 4993 prout
1373 4904 1432 4969 tibi

102 5011 302 5077 commodius
325 5010 367 5076 ad
383 5008 580 5076 celeritatem
596 5012 718 5077 itineris
734 5013 802 5096 erit,
818 5011 954 5077 Romam
969 5010 1147 5076 contendas
1162 5009 1272 5097 ibique
1292 5009 1330 5073 iis
1346 5029 1431 5094 quae

154 5123 251 5163 {ticket
269 5135 288 5162 ι.
306 5121 333 5164 G.
351 5121 477 5166 domita.
1212 5131 1225 5180 1
