3460 5826
322 504 384 568 tte

321 710 422 776 opere
449 710 514 775 quo
537 687 604 752 ΜΨ
627 687 666 752 V.
689 685 722 754 S.
745 688 978 775 benignissime
999 688 1184 776 provideat,
1212 700 1249 756 ut
1276 713 1337 756 sua
1357 689 1491 758 libertas
1515 688 1659 756 concilio

319 793 529 881 relinquatur.
552 793 618 856 iam
640 793 726 856 enim
748 816 812 858 non
828 791 931 858 solum
954 815 1013 880 pro
1035 792 1181 858 formulis
1205 794 1408 860 decretorum
1432 803 1465 858 et
1480 815 1657 870 canonum,

321 894 379 960 sed
402 896 498 960 etiam
520 893 746 978 clausularum,
770 897 834 960 imo
857 919 934 960 vcro
959 919 1017 982 pro
1036 897 1130 960 unius
1154 899 1321 962 autetiam
1345 897 1477 962 alterius
1500 894 1657 960 dictionis

323 994 520 1085 prohdolor
552 998 585 1060 in
609 996 731 1063 Urbem
756 999 902 1076 curritur,
932 997 1018 1062 unde
1041 997 1210 1063 manifeste
1234 1009 1360 1064 constat
1383 1022 1467 1086 quae
1491 999 1533 1061 sit
1554 995 1656 1060 huius

321 1097 448 1164 concilii
472 1098 614 1184 libertas,
639 1101 707 1165 sine
730 1123 795 1186 qua
816 1099 994 1186 legitimum
1011 1099 1182 1167 concilium
1196 1099 1286 1166 nulla
1300 1102 1425 1168 ratione
1440 1099 1562 1166 nedum
1579 1120 1658 1162 con-

319 1203 447 1280 sistere,
479 1199 535 1266 sed
558 1224 664 1288 neque
686 1203 858 1288 imaginari
879 1213 995 1289 potest.
1030 1203 1192 1270 eadere
1219 1226 1279 1271 uos
1301 1203 1362 1268 Ml·
1384 1203 1425 1270 V.
1449 1202 1482 1268 S.
1506 1211 1658 1268 oratores

319 1326 393 1368 cum
415 1303 457 1368 D.
480 1303 596 1390 legatis
633 1302 747 1370 crebro
781 1305 1068 1391 expostulavimus,
1100 1307 1291 1392 praesertim
1313 1328 1391 1371 vero
1414 1329 1489 1372 cum
1512 1305 1554 1370 de
1578 1327 1657 1388 sup·

318 1405 487 1494 primenda
504 1407 752 1472 continuationis
774 1408 936 1473 mentione
959 1418 1118 1494 ageretur,
1142 1409 1230 1495 quod
1245 1409 1367 1474 scilicet
1381 1408 1461 1474 nihil
1476 1409 1572 1474 nobis
1591 1409 1657 1494 ipsi
1715 1449 1722 1466 .

318 1509 552 1596 responderent
562 1533 668 1597 neque
684 1511 716 1573 in
733 1509 867 1575 concilio
884 1520 1043 1596 ageretur,
1068 1512 1255 1599 priusquam
1268 1511 1400 1600 aliquod
1413 1511 1656 1599 praescriptum

320 1635 362 1678 ex
377 1611 467 1677 Urbe
486 1614 695 1700 accepissent.
719 1620 786 1677 tum
810 1613 903 1678 nobis
925 1634 1119 1700 responsum
1141 1611 1201 1678 fuit
1224 1605 1381 1682 eiusmodi
1396 1637 1467 1680 esse
1483 1613 1656 1680 continua-

320 1715 438 1781 tionem
463 1738 546 1804 quae
569 1739 613 1780 ex
634 1739 723 1781 mero
745 1717 927 1802 principum
949 1715 1081 1782 arbitrio
1105 1714 1313 1803 dependeret,
1343 1716 1483 1803 ideoque
1506 1740 1541 1781 se
1567 1713 1656 1780 velle

320 1817 363 1884 ad
386 1817 437 1883 8¹⁸¹
459 1818 502 1882 D.
525 1817 692 1884 arbitrium
715 1817 749 1882 in
770 1817 890 1884 talibus
913 1840 1088 1902 recurrere,
1111 1819 1381 1906 quemadmodum
1403 1820 1496 1885 nobis
1520 1840 1656 1905 quoque

321 1920 503 1986 oratoribus
527 1921 570 1985 ad
584 1921 747 2007 principes
763 1929 889 1985 nostros
913 1921 1027 1985 eadem
1052 1921 1091 1987 de
1106 1945 1142 1986 re
1157 1945 1323 1988 recurrere
1338 1923 1464 2006 liceret;
1488 1931 1656 1986 caeterum

318 2022 449 2111 quando
473 2023 513 2087 de
536 2022 742 2109 dogmatibus
766 2035 863 2110 atque
885 2024 924 2086 iis
946 2023 1043 2088 rebus
1066 2046 1150 2111 quae
1172 2025 1302 2112 proprie
1326 2023 1368 2090 ad
1391 2023 1519 2089 concilii
1542 2025 1655 2110 cogni·

195 2183 199 2192 .
319 2128 439 2192 tionem
453 2134 484 2191 et
500 2125 800 2192 determinationem
812 2135 958 2212 spectant
971 2136 1102 2191 ventum
1113 2127 1219 2209 fuerit,
1237 2150 1271 2192 se
1286 2126 1370 2192 velle
1381 2126 1519 2192 liberam
1533 2135 1654 2191 tracta·

320 2227 594 2316 tionempatribus
607 2229 801 2316 relinquere,
813 2229 901 2316 quod
912 2238 1020 2293 tamen
1028 2229 1150 2295 factum
1161 2254 1221 2296 nos
1232 2253 1398 2318 nunquam
1409 2229 1561 2312 vidimus,
1586 2230 1652 2293 imo

317 2340 424 2395 autem
438 2330 546 2396 omnia
562 2333 723 2396 contraria
735 2354 863 2417 semper
874 2333 1000 2418 experti
1012 2355 1121 2397 sumus
1133 2356 1172 2398 ac
1185 2335 1359 2398 etiamnum
1375 2333 1572 2418 experimur.
1597 2355 1652 2395 ex·

317 2432 425 2497 istimo
438 2435 547 2498 statim
566 2435 600 2497 in
616 2433 688 2520 ipso
699 2437 802 2520 aperti
825 2433 954 2500 concilii
971 2434 1034 2516 die,
1059 2457 1132 2500 cum
1154 2435 1260 2500 nullus
1284 2447 1392 2500 orator
1414 2434 1552 2517 adesset,
1577 2435 1652 2499 huic

316 2533 457 2600 libertati
469 2535 644 2601 admodum
659 2535 916 2622 praeiudicatum
928 2537 1036 2619 fuisse,
1060 2561 1135 2604 cum
1149 2537 1225 2604 solis
1240 2537 1356 2623 legatis
1371 2537 1577 2624 proponendi
1595 2561 1651 2624 po·

317 2645 417 2702 testas
429 2637 507 2702 data
521 2638 643 2721 sitisset,
667 2641 713 2702 ita
727 2648 764 2703 ut
781 2640 845 2703 iam
860 2639 980 2705 nedum
997 2640 1094 2705 alicui
1112 2663 1154 2706 ex
1169 2641 1327 2729 patribus,
1351 2639 1408 2706 sed
1423 2662 1530 2726 neque
1546 2640 1599 2704 Mo
1610 2639 1649 2704 V.

316 2741 552 2826 imperatoriae,
578 2742 670 2808 cuius
693 2742 727 2807 iu
750 2742 895 2808 conciliis
918 2742 1126 2828 generalibus
1149 2747 1312 2810 maximae
1328 2754 1402 2809 sunt
1416 2755 1535 2830 partes,
1563 2746 1648 2831 quic·

317 2865 415 2930 quam
438 2843 480 2908 ad
499 2843 738 2911 discutiendum
759 2867 941 2934 proponere
964 2849 1005 2910 sit
1027 2846 1172 2912 liberum.
1196 2869 1362 2914 censerem
1384 2848 1485 2932 igitur
1506 2845 1648 2910 dandam

316 2967 448 3032 operam
465 2959 509 3032 ut,
524 2947 671 3013 adhibita
687 2948 797 3036 aliqua
817 2947 1034 3014 declaratione
1057 2949 1186 3016 illorum
1196 2951 1368 3015 verborum
1391 2947 1647 3036 proponentibus

316 3045 442 3134 legatis,
467 3050 620 3138 deinceps
650 3061 683 3117 et
705 3051 755 3116 M²¹
783 3051 823 3116 V.
848 3062 880 3117 et
903 3051 973 3117 aliis
996 3054 1197 3141 principibus
1225 3055 1258 3118 in
1282 3053 1418 3119 concilio
1446 3050 1647 3116 necessarios

316 3149 469 3218 articulos
503 3176 684 3240 proponere
714 3152 768 3220 vel
789 3155 897 3242 potius
927 3156 968 3222 de
998 3157 1237 3242 emergentibus
1266 3152 1509 3221 difficultatibus
1537 3163 1645 3240 patres

318 3257 446 3322 concilii
462 3255 629 3322 consulere
641 3255 746 3322 liceat.
771 3255 990 3324 desiderarem
1013 3269 1122 3323 autem
1137 3269 1172 3323 ut
1187 3257 1249 3322 hoc
1266 3281 1332 3324 non
1348 3255 1452 3322 solum
1467 3253 1529 3320 MV
1549 3255 1589 3320 V.
1606 3253 1645 3320 S..

315 3357 374 3422 sed
396 3359 538 3424 omnium
566 3357 703 3424 ΟΜΝ·
729 3361 912 3446 principum
935 3363 1113 3427 coniunctis
1140 3362 1307 3426 sententiis
1336 3370 1368 3425 et
1390 3357 1521 3424 auxiliis
1546 3357 1642 3422 fieret.

314 3482 428 3525 verum
453 3484 527 3526 cum
542 3464 769 3549 pertimescam
792 3486 833 3528 ne
856 3473 944 3529 mota
966 3463 1029 3528 hac
1052 3461 1242 3528 difficultate
1265 3461 1393 3528 concilii
1416 3464 1523 3548 ruptio
1540 3463 1641 3526 statim

316 3573 480 3650 sequatur,
516 3566 821 3632 comminationibus
851 3565 1047 3655 quibusdam
1074 3566 1190 3631 summi
1218 3565 1380 3654 pontificis
1411 3561 1586 3630 consiliarii
1608 3585 1642 3626 eo

316 3688 395 3730 casu
422 3665 455 3730 in
479 3665 585 3732 officio
609 3669 794 3734 continendi
817 3668 1012 3733 viderentur.
1046 3669 1251 3734 comminatio
1281 3677 1388 3732 autem
1410 3669 1515 3754 prima
1539 3677 1572 3731 et
1593 3689 1641 3753 po·

315 3768 440 3832 tissima
461 3769 634 3852 videretur,
658 3773 685 3834 si
708 3783 818 3858 aperte
843 3772 1079 3858 significaretur
1101 3781 1312 3860 sequuturum
1327 3771 1520 3852 necessario,
1545 3772 1573 3833 si
1587 3769 1641 3833 boc

316 3869 487 3935 concilium
509 3883 638 3958 praeter
661 3874 748 3938 orbis
772 3875 1032 3961 expectationem
1056 3884 1087 3939 et
1109 3873 1170 3938 Mo.
1193 3873 1232 3938 V.
1253 3871 1285 3939 S.
1310 3871 1510 3958 aliorumque
1533 3893 1639 3960 regum

317 3981 349 4036 et
371 3975 552 4060 principum
566 3996 758 4041 consensum
774 3975 979 4056 dissolvatur,
1003 3987 1038 4040 ut
1054 3975 1201 4062 singulae
1216 3977 1363 4040 nationes
1380 3973 1558 4040 nationalia
1574 3996 1637 4039 con-

316 4073 389 4141 cilia
412 4088 531 4163 cogant
553 4077 772 4167 abusibusque
795 4079 945 4145 tollendis
969 4089 1066 4166 atque
1090 4079 1330 4146 ecclesiasticae
1359 4076 1551 4163 disciplinae
1575 4099 1636 4141 cou-

318 4179 499 4246 servaudae
514 4183 724 4268 prospiciant.
749 4205 831 4268 quae
847 4205 913 4247 una
928 4206 989 4266 res,
1006 4204 1078 4248 meo
1095 4181 1226 4269 quidem
1241 4181 1370 4264 iudicio,
1391 4177 1636 4245 consiliariorum

317 4282 479 4366 pontificis
502 4285 637 4348 maximi
659 4295 798 4351 mentem
823 4285 986 4352 aconcilii
1010 4285 1195 4350 dimissione
1211 4284 1308 4372 longe
1323 4291 1492 4367 averteret,
1515 4279 1635 4348 namde
1719 4353 1720 4356 Ἴ

316 4379 365 4446 8¹¹¹*
385 4383 427 4448 D.
443 4383 482 4448 N.
499 4387 621 4473 optima
635 4397 741 4452 mente
756 4391 917 4452 neminem
933 4388 1090 4452 hactenus
1107 4386 1335 4452 subdubitasse
1351 4386 1470 4451 audivi.
1494 4387 1635 4472 quoniam
1719 4373 1720 4410 ³

317 4508 395 4550 vero
412 4486 454 4550 ad
471 4511 582 4553 omnes
598 4497 753 4555 tractatus
774 4492 808 4554 in
824 4490 960 4554 concilio
977 4491 1144 4555 faciendos
1160 4513 1259 4578 opera
1281 4491 1416 4556 oratoris
1440 4487 1545 4554 Cath⁰¹
1562 4487 1634 4570 regit

314 4589 480 4674 inprimis
504 4615 584 4677 opus
608 4603 665 4676 est,
689 4595 717 4656 is
739 4615 817 4659 vero
839 4602 972 4680 propter
995 4595 1247 4660 controversiam
1272 4593 1312 4658 de
1327 4591 1558 4678 praecedentia
1573 4611 1631 4655 cum

315 4689 421 4755 Gallis
444 4694 476 4758 in
500 4693 636 4759 concilio
661 4718 792 4760 manere
814 4719 879 4761 non
901 4698 1012 4782 possit,
1037 4697 1215 4762 curandum
1240 4705 1325 4761 esset
1346 4706 1383 4760 ut
1406 4697 1514 4760 statim
1538 4694 1577 4758 de
1592 4713 1632 4754 so·

313 4793 433 4879 pianda
461 4795 523 4860 hac
547 4800 769 4863 controversia
791 4797 901 4884 aliqua
934 4801 1015 4864 ratio
1039 4799 1182 4864 iniretur.
1212 4821 1287 4864 narn
1310 4821 1382 4862 cum
1405 4797 1500 4863 nobis
1523 4795 1581 4861 Mo·
1597 4789 1628 4852 V·
1718 4847 1719 4850 η

315 4897 494 4962 oratoribus
518 4898 724 4965 audientibus
747 4891 1006 4987 frequentissime
1023 4911 1167 4967 oratores
1190 4899 1283 4966 chrm
1299 4903 1386 4988 regis
1402 4899 1627 4965 affirmaverint.
1718 4949 1719 5002 ,

315 5021 349 5064 se
373 5022 446 5065 cum
468 5010 535 5065 tota
558 5000 732 5067 Gallicana
754 5001 892 5068 ecclesia
915 5006 1022 5070 statim
1046 5004 1245 5070 discessuros
1269 5027 1348 5090 esse,
1372 5003 1429 5068 ubi
1445 4997 1625 5069 saltemsub·
