3460 5826
349 523 410 586 tta

350 710 512 778 debebunt
534 712 620 778 illico
643 735 701 779 nos
724 734 763 778 ea
784 713 824 779 de
847 733 881 778 re
905 733 1001 801 quarn
1034 711 1218 799 plenissime
1247 715 1400 780 certiores
1427 713 1534 781 faeere
1566 737 1611 780 ac
1632 717 1678 778 ni·

347 813 521 881 hilominus
542 838 645 904 usque
667 816 709 881 ad
732 815 827 883 aliam
850 816 1078 882 resolutionem
1101 826 1134 883 et
1155 819 1330 882 iussionem
1357 827 1499 884 noemam
1527 816 1680 882 Tridenti

348 941 488 984 manere.
518 921 741 986 intereavero
769 919 918 986 volumus
945 929 982 986 ut
1010 919 1251 1007 diligentissime
1280 923 1487 1008 expiseentur
1515 943 1681 1009 quaenam

349 1022 457 1087 futura
479 1033 563 1089 esset
585 1025 616 1086 in
640 1023 727 1089 hunc
749 1033 900 1088 eventum
930 1025 1090 1089 sententia
1111 1033 1177 1088 tam
1201 1023 1328 1090 illorum
1358 1026 1413 1112 qui
1440 1047 1556 1111 regum
1581 1035 1680 1111 atque

349 1126 531 1213 principum
553 1129 642 1192 vices
664 1127 758 1192 isthic
782 1129 948 1211 sustinent,
972 1151 1069 1216 quam
1092 1127 1229 1194 aliorum
1251 1128 1479 1215 praelatorum.
1511 1129 1604 1194 idem
1627 1151 1682 1192 au-

349 1239 414 1295 tem
437 1230 565 1296 omniuo
588 1231 749 1316 agendum
777 1231 860 1297 foret
888 1229 999 1298 iisdem
1032 1233 1259 1298 commisseriis
1288 1241 1320 1298 et
1347 1232 1527 1298 oratoribus
1559 1233 1681 1296 nostris

349 1335 382 1397 in
404 1343 554 1398 eventum
585 1357 648 1421 quo
679 1357 821 1399 summus
850 1335 1008 1422 pontifex,
1039 1335 1127 1422 quod
1158 1335 1251 1419 absit,
1283 1335 1419 1401 durante
1447 1334 1510 1400 hoe
1540 1333 1682 1400 coneilio

350 1445 536 1502 moreretur.
561 1439 637 1524 quin
661 1446 693 1502 et
714 1436 795 1502 illud
818 1440 944 1504 interim
967 1437 1138 1524 diligenter
1160 1440 1220 1504 erit
1247 1437 1512 1525 perpendendum
1541 1447 1577 1502 et
1605 1435 1681 1502 deli-

352 1539 538 1623 berandum,
562 1561 604 1605 an
627 1541 689 1626 ipsi
712 1542 922 1606 commissarii
951 1551 984 1607 et
1006 1549 1149 1608 oratores
1171 1543 1273 1608 nostri
1295 1564 1368 1607 oum
1398 1541 1533 1607 aliorum
1565 1563 1681 1626 regum

350 1665 389 1709 ae
411 1645 594 1731 principum
617 1644 798 1711 oratoribus
820 1645 906 1730 apud
930 1667 1090 1710 summum
1112 1645 1306 1733 pontificem,
1330 1667 1408 1710 casu
1431 1667 1496 1732 qno
1519 1643 1579 1710 S*
1614 1646 1682 1708 eius

351 1746 523 1814 concilium
545 1747 757 1835 suspenderet
777 1747 830 1814 vel
853 1747 980 1815 tolleret
1002 1760 1100 1837 atque
1123 1750 1330 1836 abrumperet
1351 1749 1404 1816 vel
1428 1750 1590 1814 moriente
1614 1746 1681 1814 ΒΜ

351 1851 428 1934 eius,
446 1851 533 1938 apud
549 1851 721 1938 collegium
732 1852 836 1920 Bm
848 1852 1059 1918 cardinalium
1070 1875 1129 1940 pro
1142 1853 1286 1918 eiusdem
1299 1853 1425 1918 concilii
1438 1853 1681 1917 continuatione

350 1952 523 2041 diligenter
545 1977 641 2042 agere
664 1963 696 2020 et
717 1956 837 2020 instare
867 1953 1016 2022 debeant.
1047 1966 1140 2023 sexto
1169 1978 1366 2044 magnopere
1395 1977 1547 2022 veremur
1577 1977 1621 2021 ne
1650 1956 1681 2018 in

349 2060 514 2145 praesenti
537 2058 672 2126 concilio
695 2059 871 2150 aliquando
894 2064 928 2127 in
951 2061 1199 2148 disputationem
1212 2055 1214 2062 ‘
1229 2062 1341 2126 veniat
1367 2062 1436 2125 sive
1464 2058 1591 2124 directe
1615 2060 1681 2122 sive

349 2187 410 2251 per
431 2162 624 2230 indirectum
646 2164 759 2231 odiosa
781 2165 836 2232 illa
858 2189 897 2233 ae
921 2163 1108 2230 difficillima
1130 2164 1285 2251 quaestio,
1309 2173 1414 2229 utrum
1436 2159 1594 2228 videlieet
1609 2183 1679 2226 con·

351 2266 458 2332 cilium
481 2267 523 2332 sit
544 2289 643 2354 supra
663 2291 783 2355 papam
805 2270 857 2335 vel
879 2291 966 2356 papa
980 2291 1078 2355 supra
1093 2266 1272 2332 concilium.
1296 2267 1350 2332 cui
1372 2288 1449 2331 sane
1465 2265 1566 2334 iidem
1580 2263 1680 2330 nostri

352 2371 562 2437 commissarii
586 2380 619 2436 et
641 2380 784 2438 oratores
807 2371 970 2438 debebunt
992 2372 1163 2458 diligenter
1184 2393 1310 2454 cavere,
1345 2380 1503 2457 quatenns
1526 2391 1680 2457 nmquam

350 2498 410 2561 per
431 2477 519 2562 ipsos
542 2475 611 2540 fieri
633 2485 748 2561 potest,
774 2498 815 2540 ne
837 2475 937 2540 ullam
964 2498 1077 2541 ansam
1107 2483 1163 2540 aut
1190 2475 1358 2539 materiam
1386 2474 1581 2561 praebeant,
1605 2474 1679 2560 quin

351 2579 459 2665 potius
482 2577 631 2644 omnibus
653 2578 757 2644 modis
780 2577 936 2666 impedire
959 2579 1118 2662 studeant,
1142 2576 1257 2644 nevel
1281 2579 1443 2664 expressis
1457 2577 1569 2642 verbis
1587 2577 1628 2642 de
1643 2599 1679 2641 ea

354 2684 559 2771 disceptetur.
586 2685 634 2747 sin
649 2704 727 2747 vero
744 2683 939 2749 eiuscemodi
956 2685 1101 2770 quaestio
1123 2681 1210 2747 nullo
1233 2680 1330 2746 modo
1353 2689 1464 2767 posset
1478 2682 1605 2764 evitari,
1624 2703 1678 2745 nos

353 2786 502 2874 equidem
526 2784 718 2850 arbitramur
741 2784 878 2850 difficile·
892 2786 1045 2868 futurum,
1069 2784 1156 2873 quod
1179 2794 1256 2849 tune
1279 2782 1476 2850 Germanica
1498 2787 1588 2851 natio
1611 2807 1677 2850 sese

354 2893 387 2956 in
409 2890 471 2956 hae
493 2898 584 2976 parte
608 2915 628 2956 a
651 2891 788 2957 decretis
811 2890 1019 2958 conciliorum
1035 2899 1101 2954 tam
1125 2889 1380 2954 Constantiensis
1403 2910 1501 2975 quam
1524 2886 1676 2953 Basilien·

354 2996 397 3060 sis
427 3003 592 3080 pateretur
614 2994 779 3060 dimoveri.
815 2994 1025 3080 quamobrem
1049 2993 1225 3081 saepedicti
1247 3001 1391 3058 oratores
1414 3001 1447 3058 et
1469 2991 1676 3058 commissarii

353 3099 453 3162 nostri
477 3099 563 3162 cauti
586 3119 657 3162 esse
679 3096 858 3176 debebunt,
886 3119 927 3162 ne
950 3096 1029 3185 quid
1050 3098 1162 3161 ineant
1190 3095 1241 3160 vel
1270 3105 1380 3162 nostro
1408 3096 1539 3160 nomine
1569 3117 1675 3184 appru-

355 3199 432 3264 bent
454 3199 539 3287 quod
563 3200 701 3266 decretis
723 3199 786 3265 illis
809 3200 919 3288 aliqua
940 3202 973 3266 in
995 3209 1088 3286 parte
1111 3199 1267 3285 derogare
1288 3198 1342 3264 vel
1363 3198 1590 3284 praeiudicare
1611 3219 1676 3286 poe·

354 3313 411 3368 sot.
436 3313 468 3368 et
489 3327 548 3391 per
583 3325 783 3391 consequens
817 3303 946 3392 quando
984 3304 1082 3370 iidem
1114 3305 1215 3369 nostri
1247 3303 1459 3368 commissarii
1481 3312 1515 3367 et
1536 3313 1674 3368 oratores

355 3405 639 3472 animadverterint
663 3429 704 3472 ex
727 3407 791 3471 alia
812 3415 905 3493 parte
927 3406 961 3471 id
984 3410 1037 3494 agi
1060 3415 1092 3471 et
1114 3407 1240 3486 tentari,
1257 3414 1293 3470 ut
1314 3427 1374 3491 per
1395 3426 1557 3470 summum
1578 3405 1674 3493 ponti-

353 3509 446 3574 ficem
463 3511 570 3574 omnia
585 3519 724 3596 agantur
739 3531 823 3597 quae
838 3509 879 3574 ad
895 3509 1066 3576 concilium
1088 3511 1259 3596 pertinent,
1283 3519 1314 3574 et
1329 3517 1430 3574 totum
1445 3507 1673 3574 reformationis

354 3614 524 3698 negocium
548 3612 597 3678 se.
619 3611 652 3677 S.
675 3611 808 3680 arbitrio
831 3615 1035 3700 permittatur
1057 3622 1156 3699 utque
1179 3614 1210 3676 in
1235 3611 1371 3677 coneilio
1394 3609 1474 3675 nihil
1497 3609 1586 3676 aliud
1608 3631 1673 3696 aga-

354 3725 406 3780 tur
435 3737 533 3804 quam
562 3716 650 3804 quod
678 3716 733 3782 ΞΜ
756 3717 826 3783 eius
857 3717 899 3784 ad
926 3719 1034 3804 ipsum
1062 3714 1233 3782 concilium
1261 3714 1425 3802 putaverit
1451 3715 1626 3800 pertinere,
1647 3721 1673 3776 et

354 3829 518 3906 postremo
540 3829 576 3883 ut
597 3819 660 3906 ipsi
683 3829 826 3886 oratores
849 3830 881 3886 et
903 3819 1116 3886 commissarii
1137 3820 1240 3884 nostri
1261 3841 1321 3905 per
1343 3818 1451 3884 omnia
1473 3826 1506 3882 et
1526 3819 1561 3882 in
1584 3816 1671 3882 omni·
1722 3811 1723 3814 ’

354 3923 417 3988 bus
439 3945 511 3988 eum
534 3922 600 3988 ΙΨ·
622 3924 768 4011 patribus
792 3925 841 3990 ge.
851 3924 884 3990 S.
896 3924 1012 4010 legatis
1035 3922 1237 3988 consentiant
1258 3932 1290 3987 et
1305 3945 1325 3986 a
1347 3921 1476 4008 placitis
1489 3921 1595 3986 R⁰¹¹²¹¹
1615 3921 1670 3984 Ρ“““

355 4048 486 4092 suarum
508 4049 549 4091 ne
576 4025 677 4093 latum
707 4027 837 4116 quidem
876 4051 1016 4115 unguem
1044 4025 1216 4109 recedant,
1249 4024 1522 4113 quemadmodum
1554 4023 1670 4114 quidam

355 4129 450 4196 nobis
471 4129 553 4195 haee
583 4139 616 4194 et
644 4129 709 4195 alia
737 4131 922 4196 huiusmodi
949 4131 1146 4218 persuadere
1177 4129 1285 4193 eonati
1308 4136 1400 4212 sunt,
1435 4127 1601 4194 debebunt
1620 4126 1670 4190 hoc

357 4256 435 4299 casu
457 4235 517 4321 ipsi
542 4243 684 4299 oratores
697 4244 729 4300 et
744 4236 954 4300 commissarii
968 4236 1070 4300 nostri
1086 4233 1256 4320 diligenter
1267 4231 1445 4318 invigilare,
1468 4253 1510 4296 ne
1534 4235 1668 4320 cuiquem

355 4337 388 4400 in
411 4337 472 4401 hae
494 4359 528 4402 re
550 4338 684 4401 nimium
705 4336 816 4403 laxent
837 4337 991 4424 habenas,
1023 4337 1079 4402 sed
1101 4337 1288 4423 priusquam
1315 4335 1368 4400 vel
1394 4336 1565 4400 minimum
1593 4334 1667 4422 quip

355 4441 444 4526 piam
465 4439 498 4502 in
521 4439 584 4506 hac
604 4451 697 4527 perte
720 4439 899 4506 concedant
927 4440 981 4506 vel
1009 4439 1180 4506 admittant
1200 4461 1259 4524 per
1281 4437 1369 4525 quod
1391 4459 1558 4503 sacrorum
1582 4433 1668 4504 conoi-

357 4543 470 4607 liorum
493 4545 648 4608 autoritas
669 4541 722 4609 vel
745 4544 865 4610 elevari
886 4544 939 4609 vel
963 4543 1098 4609 diminui
1120 4563 1216 4630 posse
1238 4541 1397 4618 videatur,
1426 4563 1504 4606 mox
1527 4563 1596 4606 rem
1615 4559 1667 4603 om·

356 4669 431 4712 nem
453 4668 518 4712 una
540 4669 614 4712 cum
637 4649 795 4713 sententia
817 4657 849 4714 et
871 4647 1004 4714 consilio
1027 4649 1170 4734 ipsorum
1193 4668 1232 4710 ao
1254 4643 1350 4730 plena
1371 4645 1469 4709 totius
1483 4645 1612 4730 negocii
1630 4643 1664 4704 in·

357 4749 546 4817 formatione
569 4749 612 4816 ad
633 4773 692 4817 nos
716 4751 862 4818 deferant
884 4761 917 4817 et
938 4774 958 4816 a
980 4750 1074 4816 nobis
1103 4750 1242 4835 desuper
1270 4747 1464 4814 conveniens
1492 4763 1664 4834 responsum

358 4864 538 4944 expectent
560 4854 672 4921 ultimo
695 4855 782 4943 quod
803 4855 846 4923 ad
866 4853 993 4943 reliqua
1014 4855 1128 4920 attinet
1151 4873 1236 4941 qnae
1253 4850 1296 4916 ad
1314 4849 1501 4916 huiusmodi
1515 4850 1666 4938 negocium

357 4962 517 5047 pertinere
540 4958 773 5046 dignoscuntur
796 4969 933 5048 atquae
956 4957 1092 5046 singulis
1122 4953 1360 5044 propemodum
1391 4953 1507 5019 diebus
1538 4977 1578 5020 ao
1598 4949 1664 5017 horis

359 5085 528 5131 occurrere
549 5071 716 5150 poterunt,
746 5061 799 5129 hic
819 5084 897 5130 vere
919 5063 1103 5152 praevideri
1131 5083 1197 5126 non
1225 5058 1321 5126 facile
1351 5067 1487 5144 queunt,
1517 5079 1559 5124 ea
1580 5053 1663 5124 enuit
