3498 5830
107 715 180 790 parte
202 727 345 771 nascere
367 703 505 791 qualche
526 723 670 788 romare,x
686 700 825 768 ch'habi
848 700 979 768 alevar
1001 699 1035 766 di
1055 709 1163 767 mente
1178 697 1229 766 all'
1241 699 1385 767 huomini
1404 699 1428 768 il

106 807 227 874 sncilio
252 817 288 874 et
309 807 358 873 ch’
370 806 447 872 habi
470 829 491 872 a
511 804 617 872 lenirli
640 807 790 892 occupati
812 806 845 869 in
866 804 949 871 altra
971 826 1057 873 cosa.

191 911 225 976 11
250 911 335 976 duca
359 909 400 976 de
412 910 549 976 Firense
570 908 614 975 ha
635 909 715 975 fatto
737 908 757 973 l'
770 916 896 974 ennato
918 909 952 972 in
965 907 1071 974 Roma
1085 929 1147 974 con
1168 915 1250 973 tutte
1271 906 1302 974 le
1324 906 1427 976 solen-

101 1015 169 1099 rita,
205 1029 242 1081 et
269 1016 338 1081 cosi
361 1013 394 1081 la
422 1013 596 1098 duchessa3
629 1012 653 1078 il
674 1035 763 1101 papa
783 1011 807 1077 li
828 1010 871 1078 ha
892 1012 1029 1078 ricevuti
1052 1033 1143 1078 como
1172 1012 1200 1076 si
1221 1011 1324 1098 soglio
1347 1012 1427 1078 rios-

99 1141 162 1184 rere
185 1118 211 1183 li
233 1141 320 1206 gran
341 1141 386 1185 re.
422 1140 482 1206 per
502 1118 606 1183 Roma
637 1117 752 1183 dicono
781 1139 864 1203 gran
886 1137 972 1198 cose,
1005 1113 1199 1181 nondimeno
1230 1116 1280 1179 ein
1309 1114 1427 1183 adesso

96 1221 241 1289 l’huomo
275 1245 343 1289 non
371 1244 436 1309 puo
465 1217 612 1287 iudicare
639 1219 699 1287 ohe
727 1221 754 1286 si
775 1219 864 1285 tratti
885 1241 927 1285 ne
948 1218 1038 1305 ligha
1058 1241 1099 1284 ne
1121 1217 1205 1284 altra
1227 1241 1304 1285 oosa
1327 1219 1357 1285 d’
1370 1221 1427 1286 irn-

95 1335 254 1411 pormnsa‚
279 1325 424 1392 anchora
446 1324 505 1391 che
538 1325 558 1390 l’
571 1324 692 1390 andala
715 1323 768 1392 del
790 1322 935 1390 cardinal
959 1323 992 1388 di
1013 1322 1149 1389 Mantua
1171 1346 1191 1389 a
1212 1322 1352 1390 Venetia
1373 1323 1427 1390 nel

95 1428 265 1496 ncdesimo
288 1439 399 1516 tempo
422 1427 482 1495 ohe
505 1430 611 1515 questi
633 1427 730 1494 dnohi
753 1450 832 1494 sono
853 1428 965 1493 venuti
988 1428 1054 1514 qui,
1082 1425 1116 1492 fa
1136 1428 1307 1514 regionare
1330 1430 1426 1513 assai,

95 1529 122 1595 di
141 1532 241 1599 modo
265 1533 317 1599 eh’
330 1533 438 1598 alcuni
460 1531 630 1598 ardiscono
653 1531 684 1597 d'
696 1531 858 1610 affirmare
881 1529 940 1597 che
964 1531 990 1596 si
1012 1538 1110 1596 tratla
1128 1529 1163 1596 la
1176 1529 1274 1617 legha
1287 1530 1339 1596 fra
1351 1533 1426 1598 tutti

94 1635 112 1698 li
131 1639 294 1721 potentari
316 1636 346 1702 d’
358 1636 463 1702 Italia.

188 1737 222 1805 S.
247 1738 295 1804 8¹⁸
309 1740 387 1827 hogi
408 1739 450 1804 m'
462 1739 506 1804 ha
527 1737 615 1806 detto
638 1737 687 1804 eh’
700 1760 821 1805 ancora
843 1737 904 1804 che
925 1739 952 1802 si
968 1736 1085 1804 dicano
1099 1737 1197 1805 molto
1220 1738 1343 1804 oiancie
1364 1761 1425 1826 per

95 1841 200 1925 Roma,
225 1841 287 1908 ohe
309 1865 375 1909 non
393 1841 504 1930 voglio
525 1842 626 1930 perho
650 1841 792 1925 credere,
814 1862 850 1907 ae
871 1863 937 1907 non
960 1841 1019 1908 che
1041 1851 1123 1908 tutto
1145 1841 1299 1908 l’intento
1323 1863 1382 1908 suo
1405 1865 1424 1909 e

24 1951 25 1971 ¹
94 1945 121 2009 di
141 1969 333 2012 accrescere
362 1946 394 2012 la
415 1945 571 2033 religione
592 1948 751 2012 emiliana-
767 1954 800 2011 et
823 1967 1015 2011 conservare
1036 1945 1070 2010 la
1094 1967 1176 2032 paee
1198 1944 1248 2009 fra
1270 1945 1425 2030 cfisfiani,

95 2059 121 2111 et
140 2048 201 2116 che
224 2073 288 2115 con
310 2048 382 2114 fatti
404 2058 437 2114 et
458 2071 555 2137 opere
571 2049 678 2116 buono
700 2058 860 2116 mostrara
874 2058 995 2136 quanto
1017 2048 1168 2136 bugiardi
1191 2069 1270 2114 sono
1294 2055 1426 2134 coetero

95 2151 147 2218 che
170 2155 338 2218 saminano
362 2153 458 2218 simili
479 2153 595 2236 davole,
619 2153 642 2218 il
665 2153 724 2220 ohe
748 2153 801 2220 dio
823 2152 934 2240 voglia
955 2151 1016 2220 che
1039 2154 1087 2218 sia
1108 2175 1197 2218 vero.

189 2256 233 2322 M*
245 2255 290 2322 ha
306 2256 394 2322 detto
417 2255 458 2323 de
482 2259 539 2343 piu
555 2256 614 2322 ohe
630 2259 716 2323 circa
741 2255 764 2322 il
778 2279 880 2344 regno
902 2256 935 2322 di
949 2256 1100 2322 Toscana
1113 2278 1180 2321 non
1194 2263 1331 2321 nattara
1346 2277 1424 2323 cosa

94 2381 183 2425 sensa
205 2359 227 2425 il
251 2381 410 2426 consenso
433 2358 466 2425 di
482 2360 523 2425 V.
539 2360 596 2425 Μ’·
617 2370 651 2426 et
673 2361 714 2425 m’
727 2359 770 2427 ha
784 2362 864 2428 fatto
885 2385 946 2428 con
968 2361 1080 2449 parole
1099 2371 1190 2427 tanto
1212 2383 1336 2447 securo,
1363 2361 1423 2429 ohe

94 2462 217 2546 quando
241 2461 274 2530 S.
296 2463 342 2528 8²¹
361 2485 555 2550 procurasse
575 2463 598 2527 il
620 2467 790 2548 contrario,
815 2467 926 2552 ¹potrei
947 2463 1243 2552 ragionevolmente
1265 2465 1333 2532 dire
1362 2465 1422 2533 che

95 2587 153 2630 non
166 2568 241 2633 viva
256 2569 394 2654 pcggior
407 2567 525 2634 huomo
541 2566 636 2633 desso
651 2569 685 2633 in
701 2575 783 2635 tulto
798 2566 821 2633 il
836 2567 975 2634 mondo.
992 2617 1001 2633 .
1017 2618 1025 2634 .

222 2756 329 2808 Gusano
348 2757 433 2822 (Bricl
448 2772 510 2810 vom
527 2759 544 2810 8
561 2757 641 2822 Nor.)
659 2757 791 2812 auellelte
808 2759 883 2810 nicht
901 2758 962 2810 dass
979 2759 1045 2810 uber
1058 2759 1117 2810 eine
1129 2758 1287 2826 allgemeine
1299 2759 1422 2812 italisclre

154 2843 221 2909 Liga
239 2843 426 2896 unterhaudelt
443 2844 543 2909 werd03
573 2846 620 2896 der
636 2845 719 2912 Papst
741 2845 819 2898 wolle
843 2845 891 2896 aul
912 2844 985 2896 diosc
1002 2845 1092 2896 Weise
1116 2847 1159 2897 bei
1184 2847 1322 2912 etwaigem
1340 2845 1422 2899 Streit

154 2929 218 2979 fiber
237 2929 285 2980 das
304 2929 396 2980 Concil
416 2929 467 2981 den
484 2931 598 2982 Fdrsten
611 2930 724 2996 jenseile
744 2931 791 2984 der
809 2931 894 2998 Alpen
918 2931 961 2984 die
980 2929 1068 2998 Spitae
1092 2933 1180 2984 bielen
1198 2932 1314 2986 kdnnen.
1343 2933 1419 2984 Nach

153 3013 228 3081 Sarpi
254 3018 305 3066 421
332 3017 406 3068 helle
430 3017 485 3068 sich
510 3017 556 3069 der
580 3018 663 3085 Papst
689 3019 772 3070 selbst
797 3021 824 3070 in
848 3018 947 3070 diesem
971 3017 1051 3069 Sinne
1078 3023 1223 3086 gefiusserl.
1260 3019 1315 3070 Der
1340 3020 1420 3086 lange

152 3100 307 3153 Anlenlhnll
325 3103 372 3155 des
389 3103 508 3172 Hemogs
527 3105 558 3154 in
575 3103 643 3157 Rom
662 3107 701 3156 bis
720 3122 779 3156 aum
803 3107 837 3156 28
855 3105 1005 3158 December
1028 3104 1082 3155 und
1108 3105 1151 3157 die
1176 3106 1231 3156 ihm
1258 3088 1419 3160 cnviesenen

153 3187 241 3238 Ehrcn
258 3191 346 3254 geben
364 3190 469 3242 Cosano
487 3194 580 3243 immer
596 3192 650 3244 und
673 3194 765 3244 immor
781 3192 879 3244 wieder
894 3193 990 3244 Anlnes
1007 3208 1040 3243 au
1057 3208 1144 3244 neuen
1161 3191 1346 3258 Oonjecturan.
1383 3192 1419 3244 So

152 3275 250 3327 meldet
268 3293 296 3328 er
313 3291 357 3328 arn
375 3279 390 3326 'l
409 3278 570 3330 Decemberz
588 3278 635 3330 der
651 3278 734 3346 Papst
751 3277 838 3330 werde
855 3279 1030 3346 Inquisitoran
1048 3279 1117 3330 nach
1134 3279 1228 3330 Lucos
1244 3278 1351 3342 senden,
1377 3295 1418 3330 wo

154 3361 210 3411 sich
228 3362 270 3413 die
287 3363 353 3414 Zahl
371 3363 417 3415 der
428 3365 525 3416 Kclzer
541 3381 594 3416 von
611 3365 670 3432 Tag
687 3381 720 3416 au
738 3365 796 3432 Τις
813 3365 916 3432 mehre3
934 3381 1011 3418 wenn
1028 3381 1056 3416 es
1075 3365 1180 3432 gelinge
1198 3364 1281 3416 durch
1298 3369 1417 3432 otranges

154 3447 334 3500 Einschreilen
353 3450 479 3502 Unruhen
496 3467 529 3501 au
548 3467 665 3518 erregen,
691 3451 779 3502 werde
797 3467 858 3502 man
881 3451 933 3502 den
951 3451 1103 3502 welllichen
1119 3451 1182 3502 Arm
1200 3467 1232 3501 au
1251 3449 1323 3501 Hilr'e
1340 3449 1417 3502 rnfcn

156 3533 207 3582 nnd
224 3550 254 3584 so
272 3534 332 3585 dem
348 3535 456 3602 Herzog
473 3537 579 3589 Ooaimo
598 3536 772 3604 Gelegenheit
789 3538 879 3589 bieten
896 3537 954 3588 sich
972 3537 1018 3589 der
1035 3535 1112 3588 suut
1129 3553 1163 3588 nu
1179 3536 1374 3603 bemiichtigen.

676 3943 813 4050 LXX.

321 4183 401 4258 Der
429 4183 634 4258 Kaisaros
664 4186 797 4260 soloen
825 4184 969 4263 Orator
996 4189 1032 4262 in
1063 4186 1173 4276 Rom;

445 4367 449 4376 ·
512 4347 619 4411 wien,
639 4349 676 4399 12
693 4347 889 4402 November
908 4354 999 4408 1560.

602 4525 675 4584 aa
690 4527 719 4584 c.
750 4528 888 4604 cauma

562 4645 745 4706 σοισίιαοιαι.
806 4650 928 4725 mosao

180 4825 261 4892 Cum
295 4849 354 4894 nos
383 4830 536 4896 certiores
564 4829 746 4898 reddideris
774 4855 858 4920 quae
881 4831 954 4899 ΒΜ·
972 4833 1016 4900 D.
1038 4835 1079 4903 N,
1102 4845 1210 4904 tecum
1239 4842 1344 4926 egerit
1367 4839 1408 4907 de

95 4924 176 4993 rebus
197 4929 334 5016 concilii,
362 4921 618 5000 existimauimne
640 4957 705 5001 non
726 4935 786 5001 abe
809 4959 844 5003 re
865 4935 1023 5024 futurum,
1055 4949 1091 5006 ut
1117 4964 1176 5007 nos
1200 4965 1329 5030 quoque
1351 4942 1409 5011 tibi

96 5025 252 5100 dementer
285 5037 557 5104 communicemus
586 5059 670 5127 quae
697 5049 772 5128 post
799 5039 928 5108 ultimas
956 5041 1066 5111 literas
1094 5053 1223 5111 nostras
1250 5046 1344 5116 nobis
1373 5049 1408 5114 in
