3468 5820
131 669 258 720 reticnem
280 667 401 720 ridemus
426 667 565 733 quominus
595 665 687 718 calicis
711 667 804 732 petitio
832 669 927 718 iterum
954 670 982 718 in
1005 667 1119 720 concilio
1142 669 1242 720 insted
1265 669 1383 720 deberet.

132 756 202 822 quod
220 757 245 806 si
263 757 341 807 etiem
359 755 477 806 secunde
500 760 546 806 eut
568 755 603 806 ed
620 753 692 806 ΒΝ
709 755 744 810 D.
761 756 793 806 N.
816 757 984 806 reticeremur
1006 762 1053 807 eut
1069 757 1174 809 omnino
1192 758 1269 808 nobie
1286 759 1385 823 petitus

129 841 198 893 calix
217 848 372 908 negeretur,
389 857 442 892 non
468 848 557 892 temen
572 844 621 893 ebs
638 859 667 893 re
683 843 797 894 futurum
817 845 985 906 arbitramur,
1002 846 1055 894 imo
1072 860 1135 895 vero
1153 843 1188 895 ed
1206 843 1386 896 conciliandos

130 937 182 980 tum
201 931 267 996 ipsis
283 929 446 996 principibus
463 935 518 980 ιιιιιι
543 931 674 996 episcopie
696 931 852 996 populorum
870 932 971 981 animem
988 945 1146 996 magnopere
1165 931 1316 982 conducero
1333 932 1387 982 exi·

128 1017 278 1078 stimamue,
296 1021 326 1066 ut
343 1018 370 1066 in
389 1031 492 1067 omnem
516 1032 606 1067 cesum
625 1016 780 1068 christiam
797 1017 910 1083 populus
927 1017 1070 1084 intelliget,
1091 1018 1222 1084 principes
1243 1020 1315 1083 ipsos
1332 1032 1386 1069 nne

126 1119 186 1153 cnm
204 1105 339 1169 episeopis
356 1102 421 1154 nibil
439 1119 528 1156 eorum
537 1104 743 1168 preetermisiese
755 1120 823 1170 quee
835 1105 986 1156 necessarie
996 1104 1154 1168 viderentur,
1172 1103 1220 1154 sed
1231 1119 1286 1154 rem
1300 1106 1385 1169 ipsem

126 1192 192 1240 tenti
211 1191 339 1242 momenti
356 1189 473 1242 bebitem
492 1205 549 1240 esse
567 1204 584 1241 e
602 1189 714 1242 concilio
733 1195 763 1240 ιιι
779 1191 844 1240 nihil
863 1189 933 1244 ellici
950 1192 1072 1256 potnerit.
1099 1190 1125 1240 11
1148 1189 1181 1242 de
1198 1189 1310 1256 postillis
1328 1193 1385 1242 eive

125 1275 285 1338 bomilierin,
303 1276 337 1328 de
355 1276 479 1328 methodo
498 1275 633 1328 doctrinae
652 1277 800 1328 cetholicee
816 1279 845 1328 in
863 1278 977 1330 concilio
997 1277 1112 1341 edenda,
1140 1277 1173 1328 de
1196 1277 1384 1329 reformatione

125 1363 320 1416 brerierierum
335 1363 478 1416 miseelium
491 1363 661 1428 egendorum,
680 1363 713 1414 de
730 1379 780 1414 usn
797 1363 956 1416 vernaculae
973 1364 1080 1431 liuguee
1096 1365 1123 1416 lu
1142 1365 1221 1416 secus
1239 1364 1385 1431 diligenter,

124 1451 154 1498 ιιι
170 1451 332 1514 promissum
350 1455 401 1512 est,
426 1449 494 1501 inter
516 1465 545 1502 se
568 1449 755 1502 consultabunt
777 1455 864 1516 petres
886 1450 925 1502 illi
948 1453 994 1516 qui
1012 1451 1216 1518 deputebuntur,
1241 1457 1271 1502 ot
1287 1451 1338 1502 iem
1358 1451 1384 1502 S.

123 1533 168 1586 ldu
191 1535 224 1588 O.
243 1537 278 1588 D.
298 1536 454 1602 botheringi
480 1537 567 1590 verbis
589 1537 787 1604 perscripsimus
817 1543 844 1588 et
859 1541 953 1603 postee
971 1539 1051 1590 etiam
1068 1539 1101 1589 D.
1120 1537 1200 1603 legeti
1217 1538 1293 1590 nobie
1310 1536 1380 1593 affir-

123 1627 240 1672 merunt
269 1629 389 1687 superest
406 1627 508 1676 tentum
524 1628 555 1674 ut
572 1639 621 1675 noa
638 1623 667 1674 id
685 1623 824 1690 diligenter
841 1623 1020 1676 sollicitemus.
1042 1625 1082 1674 ΠΙ
1101 1623 1133 1676 de
1151 1625 1291 1676 bibliorum
1310 1629 1336 1674 et
1355 1623 1382 1674 S.

122 1712 233 1772 petrum
251 1708 325 1760 libris
342 1709 376 1760 eb
395 1709 536 1760 beereticie
549 1709 699 1776 depravetis
717 1712 744 1760 in
761 1712 896 1776 pristinem
914 1725 988 1760 suem
1005 1712 1145 1776 pnritetem
1166 1711 1333 1762 restituendis
1350 1725 1382 1762 ec

121 1795 300 1860 repurgendis
317 1797 369 1848 iem
388 1796 471 1848 multo
488 1801 550 1848 ente
567 1799 612 1864 epi
630 1802 752 1863 coeptum
771 1803 811 1848 eet
828 1799 856 1848 in
873 1797 986 1864 quedem
1004 1798 1173 1864 deputatione
1192 1799 1235 1850 cui
1253 1813 1302 1865 ege
1319 1798 1382 1848 Pre-

122 1883 216 1946 geueie
235 1896 369 1946 preesnm,
392 1887 423 1932 ut
439 1884 491 1932 iem
509 1898 590 1950 eeepe
608 1883 638 1935 G.
657 1882 701 1934 Ml
720 1885 828 1950 scripsi,
852 1886 880 1934 in
904 1900 957 1951 que
974 1885 1080 1950 quidem
1098 1885 1268 1951 deputatione
1283 1901 1336 1936 uon
1354 1884 1382 1935 id

120 1967 211 2018 selum
230 1970 330 2034 egitur,
347 1969 395 2020 scd
414 1985 503 2022 omnes
520 1969 581 2020 libri
599 1972 766 2022 excutiuntur
782 1977 812 2024 ut
828 1972 890 2022 sciri
907 1973 991 2038 possit
1007 1971 1118 2036 posthac
1135 1973 1179 2038 qui
1196 1973 1224 2022 in
1241 1971 1382 2023 eccleeiem

118 2055 263 2117 retinendi,
281 2057 327 2122 qui
343 2056 378 2106 eb
397 2071 430 2106 ee
447 2056 636 2108 exterminandi
654 2059 719 2120 siut,
738 2072 771 2109 ec
787 2073 858 2109 nunc
876 2057 983 2126 quidem
1000 2058 1049 2110 toti
1062 2073 1151 2110 eumue
1162 2059 1190 2110 in
1206 2055 1379 2124 repurgandis

121 2140 231 2190 Ereemi
249 2141 419 2194 Roterodemi
436 2143 574 2207 operibns,
597 2158 666 2210 qnee
683 2145 771 2204 omnic
788 2145 815 2194 in
832 2143 920 2196 iudice
937 2144 1056 2196 Romeuc
1074 2144 1199 2196 demneta
1216 2150 1306 2207 erentr
1332 2159 1381 2195 nes

120 2227 176 2276 iem
193 2227 301 2292 eliquot
316 2229 474 2294 preecipuce
495 2229 566 2280 illius
586 2229 637 2280 riri
659 2229 741 2280 libros
764 2231 979 2296 epproberimue,
1006 2229 1074 2282 alios
1096 2230 1207 2282 subletie
1225 2230 1382 2296 quibusdem

120 2313 264 2378 particulis
281 2315 411 2380 suspectis
428 2319 455 2364 et
472 2315 637 2366 scendeloeis
655 2317 859 2368 emenderimue.
945 2329 947 2334 ·

194 2436 239 2486 De
257 2438 444 2487 sacrementier
475 2437 501 2487 in
523 2436 593 2488 benc
616 2440 771 2488 sententiam
795 2438 902 2490 deerete
925 2440 977 2503 iem
995 2445 1056 2490 eunt
1072 2441 1099 2490 iu
1115 2439 1168 2490 hoc
1185 2441 1242 2506 ipso
1268 2439 1381 2492 concilio

120 2522 257 2588 quaedem
276 2524 340 2573 setis
357 2524 514 2586 necessarie,
533 2521 638 2574 debitur
655 2539 737 2589 opere
752 2529 783 2575 ut
800 2524 901 2590 relique
918 2541 985 2592 quae
1003 2526 1070 2578 forte
1089 2527 1181 2578 desunt
1198 2527 1382 2594 ediuugeutur.

120 2608 171 2659 sed
191 2608 264 2675 qnod
281 2609 316 2660 ed
334 2611 517 2660 executionem
535 2615 647 2678 spectet,
666 2612 693 2661 in
712 2611 825 2662 concilio
842 2627 897 2663 uon
914 2612 1019 2663 videtur
1034 2613 1106 2664 effici
1122 2629 1212 2679 posse,
1234 2614 1287 2665 boc
1304 2615 1383 2680 inpri-

120 2697 171 2745 mis
191 2695 228 2746 ed
243 2695 393 2760 pontificem
412 2699 552 2748 marimum
571 2703 597 2748 et
614 2698 746 2764 principes
764 2699 914 2750 seeculeree
931 2701 1081 2766 pertinebit.
1099 2702 1144 2767 qul
1161 2701 1211 2752 niel
1228 2700 1295 2751 heec
1313 2715 1382 2767 qnee

121 2785 149 2833 in
168 2783 224 2833 hoc
243 2783 356 2834 concilio
374 2782 511 2835 salubriter
531 2785 639 2837 decretu
657 2785 753 2836 inerint
768 2802 816 2851 pro
835 2802 863 2837 ee
882 2788 991 2854 quisque
1011 2789 1159 2839 executioni
1171 2787 1324 2839 demanderi
1337 2803 1381 2838 cu-

120 2873 230 2934 rabunt,
248 2871 346 2924 frustra
363 2873 390 2922 in
408 2873 521 2924 serendis
538 2872 643 2940 legibus
659 2879 764 2940 tempus
781 2880 808 2925 et
825 2889 905 2940 opere
923 2875 1092 2928 consumitur.
1109 2873 1240 2942 pontilicis
1257 2876 1335 2941 igitur
1355 2881 1382 2924 et

123 2961 277 3027 principum
286 2961 461 3012 aeeculerium
471 2959 538 3012 beec
548 2962 600 3012 crit
617 2977 688 3024 cure,
705 2977 759 3013 non
776 2967 887 3028 petrum.
900 2991 934 3004 ··-
947 2963 981 3014 de
1001 2963 1177 3014 ceerlmoniis:
1195 2967 1225 3012 ut
1241 2962 1383 3028 preeeenti·

122 3049 175 3100 bus
195 3049 236 3099 bis
253 3047 329 3099 melis
354 3047 443 3114 eliqua
460 3047 577 3098 remedie
599 3047 665 3098 dent
686 3047 779 3100 sedulo
803 3063 909 3115 operern
936 3050 1063 3101 debimne.
1091 3075 1123 3088 -
1152 3048 1184 3100 de
1202 3049 1382 3100 iurisdictione

122 3137 293 3188 contentiose
310 3135 509 3186 eccleeieeticus
527 3147 639 3200 aequum
659 3149 717 3184 ecee
735 3135 912 3186 existimemus
925 3141 953 3186 nt
964 3151 1054 3188 ornnes
1066 3149 1162 3188 ceum
1178 3137 1205 3185 in
1223 3136 1383 3202 competenti

120 3223 181 3274 soro
201 3223 364 3284 deciderim,
382 3226 413 3272 ut
429 3221 513 3272 leicns
530 3223 558 3271 in
575 3219 756 3273 aeeculeribue
774 3225 958 3276 controversiis
977 3239 1066 3276 eoram
1083 3239 1139 3286 suo,
1162 3223 1214 3274 boc
1232 3227 1272 3273 eet
1289 3237 1382 3274 seecu-

120 3308 173 3359 leri
191 3308 287 3371 iudice,
307 3309 502 3359 eccleeieeticus
519 3309 582 3359 item
601 3321 689 3358 eorem
707 3323 755 3360 suo
775 3309 905 3360 ordinario
924 3325 1031 3360 ceusem
1049 3323 1123 3362 suem
1141 3314 1211 3374 eget,
1229 3308 1340 3360 neelter
1352 3310 1379 3359 iu

120 3395 233 3446 elteriue
250 3395 410 3447 functionem
427 3394 509 3444 irruet
526 3399 553 3444 et
569 3409 661 3444 menes
678 3396 706 3444 in
723 3409 835 3446 messem
853 3396 966 3446 elicuem
984 3395 1114 3447 immittet
1133 3395 1180 3447 sed
1197 3397 1224 3446 iu
1242 3395 1293 3446 bec
1304 3401 1380 3461 perte

119 3498 177 3534 nou
195 3487 249 3533 tem
267 3484 301 3534 ab
320 3482 507 3533 eccleeieeticie
525 3495 603 3546 quem
620 3495 638 3531 e
655 3480 833 3532 saecularibus
850 3482 1012 3547 principibus
1024 3499 1075 3533 non
1093 3497 1151 3534 reru
1167 3485 1275 3547 pecceri
1291 3487 1380 3548 peiree

121 3569 233 3634 publice
251 3569 401 3634 frequenter
418 3571 621 3632 conquemntur.
638 3567 690 3622 boc
706 3569 733 3618 ln
751 3569 901 3618 uuiversum
920 3568 954 3618 de
971 3568 1022 3619 boc
1040 3569 1115 3619 titulo
1134 3569 1233 3619 dictum
1251 3570 1380 3622 volumus.

122 3661 260 3707 ceeterum
278 3654 350 3722 quod
368 3654 402 3704 ed
419 3653 521 3720 relique
538 3655 632 3704 ettinet
649 3668 717 3719 queo
730 3653 766 3704 ibi
778 3654 869 3706 eddite
881 3660 948 3717 sunt,
967 3656 1044 3708 nobie
1056 3655 1226 3707 vehementer
1237 3656 1382 3722 probentur

123 3747 152 3792 et
170 3749 202 3794 ut
218 3741 294 3805 fient,
321 3746 447 3808 quantum
465 3742 492 3792 in
509 3741 587 3794 nobie
604 3740 695 3803 fuerit,
723 3755 829 3807 operum
848 3742 976 3793 debirnus
995 3769 1028 3780 -
1047 3742 1080 3794 de
1097 3744 1261 3796 visitetiene:
1290 3759 1382 3794 neces-

122 3830 222 3880 eerIum
240 3844 298 3878 esse
317 3833 344 3878 et
364 3829 476 3878 maxime
498 3829 525 3880 in
550 3843 582 3878 co
597 3825 770 3878 laborendum
788 3829 957 3891 arbitremur,
982 3834 1013 3880 ut
1034 3829 1222 3881 monecbcrum
1239 3833 1324 3880 eteius
1342 3846 1381 3880 re·

122 3915 253 3966 formetur
270 3919 297 3966 et
315 3929 405 3966 omues
423 3911 529 3966 ordines
548 3913 582 3966 ed
600 3929 703 3964 suerum
731 3914 880 3980 regulerum
901 3921 928 3968 et
950 3917 1047 3966 veteris
1069 3915 1223 3981 disciplinee
1241 3916 1381 3968 observen-

122 4003 189 4053 tiam
206 4005 371 4054 revocentur.
390 4015 467 4052 neme
487 4001 555 4052 enlm
573 4001 677 4065 ignoret
693 4004 792 4066 quauta
809 4017 842 4052 ex
865 4003 1029 4052 monesteriie
1051 4001 1187 4066 utriuepue
1211 4015 1289 4052 sexus
1307 4016 1382 4052 scen·

121 4087 188 4139 dele
203 4088 231 4138 iu
250 4087 339 4138 orbem
358 4085 528 4138 christianum
545 4087 677 4151 eruperint
695 4091 722 4136 et
740 4084 766 4135 S.
785 4084 828 4136 Ml
852 4086 881 4138 G.
900 4102 933 4136 ex
954 4088 1106 4138 visiteticue
1128 4103 1212 4152 nuper
1229 4087 1256 4137 in
1276 4089 1383 4140 Austris

121 4173 196 4226 lecte
212 4173 319 4226 ebunde
336 4177 426 4224 netum
444 4179 492 4236 est,
510 4172 599 4240 quelie
616 4176 644 4222 et
661 4185 740 4238 quem
758 4172 905 4226 deformato
922 4175 976 4224 siut
991 4175 1130 4226 Austriece
1149 4173 1196 4224 ille
1213 4179 1240 4224 et
1251 4173 1306 4225 elie
1317 4189 1381 4240 quo·

123 4275 176 4326 que
194 4261 361 4312 menesteria.
373 4285 402 4298 ·-
415 4259 448 4310 de
469 4259 646 4310 celebratione
664 4258 847 4312 conciliemm:
866 4261 888 4310 si
906 4261 1011 4325 seepius
1029 4274 1107 4325 quem
1124 4260 1224 4311 fectum
1243 4263 1291 4323 est,
1308 4265 1381 4311 ente-

122 4345 176 4396 bec
194 4345 309 4398 concilia
326 4345 461 4411 generelie
494 4343 586 4396 hebite
602 4344 721 4407 luissent,
743 4359 813 4396 nuuc
831 4361 884 4398 non
901 4348 939 4398 ite
956 4346 1135 4398 laboraremus
1153 4361 1239 4413 neque
1257 4351 1299 4397 tot
1316 4345 1398 4412 bee-¹

124 4447 198 4484 reses
215 4433 242 4482 in
261 4432 430 4484 christieunm
448 4432 538 4484 orbem
556 4429 736 4485 inendessent
759 4446 841 4497 quere
860 4447 920 4482 cnm
936 4431 1097 4497 frequentem
1117 4431 1287 4484 conciliorum
1305 4449 1380 4484 nsum

126 4534 160 4568 sc
177 4519 362 4569 necessitatem
379 4519 431 4569 iem
450 4519 501 4582 ipsi
524 4515 714 4582 propemodum
735 4515 837 4582 lepides
862 4516 976 4568 clemere
993 4517 1145 4580 videantur,
1169 4519 1381 4572 constituendum

126 4609 199 4656 esset
215 4606 321 4656 omuino
339 4609 370 4655 ut
387 4605 462 4655 stetis
480 4603 643 4668 temporibus
660 4607 715 4654 tam
733 4602 867 4669 generelie
890 4617 968 4668 quem
985 4601 1158 4669 provincielie
1176 4609 1203 4654 et
1220 4604 1380 4657 dioecesano
1481 4663 1486 4671 ¹

125 4691 240 4743 coucilia
257 4691 424 4742 hebetentur.

192 4803 234 4853 De
253 4803 436 4869 episcoporum
456 4803 599 4852 electione:
626 4801 677 4852 etsi
702 4815 771 4867 quee
793 4801 846 4852 buc
867 4803 997 4868 pertinent
1019 4807 1045 4852 et
1068 4817 1085 4852 e
1108 4803 1264 4853 concilieriie
1288 4803 1380 4854 ordine

125 4895 216 4940 notete
234 4891 307 4950 eunt,
332 4889 419 4939 omnin
437 4895 491 4939 bun
509 4905 526 4939 e
543 4888 701 4952 nobisipsis
720 4889 869 4954 excogitete
885 4893 942 4938 tum
960 4903 992 4939 ex
1008 4887 1063 4938 ppo.
1081 4889 1108 4940 S.
1128 4888 1158 4942 0.
1175 4889 1258 4940 literis
1276 4887 1310 4938 ed
1328 4903 1377 4940 noe

124 4977 209 5025 missia
232 4974 386 5042 deprompta
410 4991 493 5042 nuper
520 4977 547 5025 iu
571 4975 708 5025 sententiis
730 4977 825 5025 nostrie
848 4975 986 5042 diligenter
1008 4975 1127 5042 patribus
1150 4974 1380 5038 inculcaverimue,

125 5067 212 5112 temen
229 5063 352 5127 qnoniam
370 5063 594 5128 pemccesserlmn
612 5065 653 5112 est
668 5060 778 5113 utboni
795 5065 914 5128 pastores
932 5061 1052 5113 ecclesiia
1073 5059 1266 5132 praeficiantur,
1284 5072 1301 5109 e
1324 5057 1381 5136 qui-
