3460 5826
354 475 417 538 460

354 667 494 730 sentiunt
515 663 610 732 nullis
633 665 865 754 propemodum
888 665 1016 753 legibus
1039 689 1074 734 se
1096 667 1231 755 astringi
1251 669 1432 755 patientur:
1456 669 1530 736 ideo
1552 669 1678 738 videre·

350 767 498 834 turhune
521 770 690 835 articulum
712 792 782 835 esse
806 770 1027 836 omittendum.
1052 771 1162 859 quinto
1185 771 1299 838 eadem
1315 774 1376 839 erit
1396 776 1478 840 ratio
1503 775 1544 841 de
1558 774 1616 841 illo
1631 801 1676 842 ar-

349 873 447 939 ticulo
471 876 525 960 qui
547 874 609 940 hoc
633 875 708 960 agit,
732 874 991 939 utconniveatur
1013 896 1111 961 super
1132 871 1243 962 spoliis
1266 874 1424 943 bonorum
1439 878 1676 945 eeclesiastico·

349 999 429 1041 rum.
453 988 564 1064 posset
587 980 672 1043 enim
695 977 747 1043 ille
770 977 905 1044 alicuius
927 981 1079 1044 momenti
1101 1001 1183 1062 esse,
1206 979 1234 1043 si
1255 978 1302 1044 illi
1325 982 1381 1068 qui
1404 985 1585 1048 contrariae
1608 981 1678 1046 reli-

350 1083 453 1166 gionis
477 1091 553 1146 suut
573 1083 627 1147 vel
649 1083 814 1146 venissent
834 1081 887 1147 vel
910 1081 1017 1147 adhue
1039 1083 1168 1147 venturi
1195 1091 1400 1170 sperarentur
1421 1083 1462 1150 ad
1491 1083 1675 1166 concilium,

350 1187 395 1248 ita
416 1193 452 1248 ut
475 1185 589 1250 saltem
612 1207 650 1249 eo
672 1195 768 1270 pecto
790 1184 995 1250 allicerentur
1018 1185 1060 1250 ad
1082 1193 1172 1250 tanto
1187 1187 1281 1251 citius
1296 1188 1329 1250 in
1346 1189 1502 1274 gremium
1519 1187 1677 1254 ecclesiae

349 1288 584 1354 revertendum.
608 1312 720 1354 verum
744 1290 895 1376 quoniam
917 1311 1003 1354 nunc
1025 1290 1185 1355 adventus
1207 1287 1334 1356 illorum
1356 1291 1494 1357 habetur
1507 1315 1678 1380 propemo-

349 1391 424 1456 dum
448 1416 507 1479 pro
530 1393 709 1479 desperato,
732 1415 796 1458 non
820 1394 1023 1460 existimatur
1045 1393 1178 1460 subesse
1200 1395 1283 1460 ratio
1312 1415 1370 1459 cur
1398 1393 1501 1481 spolia
1528 1405 1598 1460 tam
1621 1396 1676 1460 ini-

350 1519 413 1584 qua
435 1496 500 1560 ullo
525 1495 632 1562 colore
655 1496 875 1584 approbentur
897 1496 950 1562 vel
973 1499 1069 1562 etiam
1090 1497 1232 1564 fenestra
1254 1497 1361 1564 adhuc
1382 1497 1530 1586 pluribus
1555 1507 1589 1564 et
1612 1521 1674 1562 ma-

348 1599 469 1665 ioribus
482 1602 654 1687 aperiatur.
677 1583 839 1687 postremo
864 1601 1011 1689 quamvis
1032 1602 1141 1666 visum
1155 1603 1197 1666 sit
1213 1601 1373 1690 aliquibus
1390 1603 1579 1670 evitandum
1596 1625 1675 1674 esse,

349 1714 384 1768 ut
404 1706 427 1768 ii
451 1706 505 1791 qui
528 1703 693 1789 illegitime
715 1707 780 1768 nati
804 1715 877 1769 sunt
898 1727 964 1770 non
987 1703 1090 1770 solum
1114 1704 1156 1770 ad
1185 1706 1395 1771 ministerium
1425 1706 1586 1772 ecelesiae
1614 1729 1675 1772 non

348 1817 605 1895 promoveantur,
628 1819 740 1873 verum
764 1811 860 1873 etiam
883 1809 923 1874 ab
941 1807 1053 1874 eodem
1068 1817 1303 1890 removeantur,
1327 1819 1435 1875 tamen
1450 1810 1529 1896 quia
1544 1811 1578 1874 in
1594 1809 1674 1875 Ger·

348 1913 464 1996 mania,
489 1912 577 1999 quod
599 1910 771 1976 dolendum
795 1921 852 1995 est,
875 1933 1012 1998 magnus
1039 1910 1165 1978 illorum
1194 1913 1395 1978 existimatur
1423 1935 1494 1979 esse
1521 1935 1674 1979 numerus

348 2027 380 2082 et
402 2016 480 2081 alias
503 2019 651 2103 paucitas
674 2017 890 2082 ministrorum
914 2039 1011 2102 quam
1033 2014 1087 2080 hic
1109 2017 1296 2102 experimur
1318 2015 1434 2082 suadet
1456 2027 1492 2082 ut
1506 2019 1617 2104 potius
1634 2017 1670 2081 de

347 2119 525 2186 alliciendis
549 2119 827 2206 qualibuscunque
849 2121 1021 2202 ministris,
1044 2119 1140 2185 modo
1170 2118 1249 2183 alias
1278 2119 1342 2182 sint
1363 2118 1484 2202 idonei,
1513 2121 1673 2208 quamde

346 2224 468 2290 eisdem
497 2223 691 2310 repellendis
721 2221 927 2309 cogitandum
954 2225 1011 2307 sit,
1043 2221 1117 2288 ideo
1145 2221 1232 2287 huno
1261 2243 1390 2310 quoque
1418 2222 1591 2288 articulum
1620 2247 1673 2311 per

346 2329 434 2416 ipsos
457 2335 599 2393 oratores
623 2336 655 2392 et
677 2327 912 2391 commissarios
941 2335 1067 2392 nostros
1094 2324 1157 2391 hoc
1178 2333 1324 2413 tempore
1351 2347 1557 2414 nequaquam
1583 2339 1670 2414 pum-

346 2455 417 2496 mus
439 2453 510 2497 esse
533 2429 721 2516 urgendum.
746 2432 898 2518 quoniam
920 2437 1028 2495 autem
1050 2438 1087 2494 ut
1114 2437 1209 2495 antea
1237 2428 1491 2496 demdnstratum
1519 2439 1570 2495 est
1597 2431 1671 2495 haee

346 2537 453 2600 omnia
475 2535 617 2622 pendent
640 2533 788 2600 afuturo
812 2543 940 2619 eventu,
963 2533 1058 2601 facile
1081 2555 1158 2600 sane
1179 2531 1364 2599 ulteriorem
1385 2539 1529 2598 nostram
1552 2533 1667 2600 deliba

344 2641 500 2704 rationem
528 2639 707 2704 admittunt.

448 2741 626 2830 Supersunt
649 2765 726 2828 ergo
749 2765 833 2807 nuno
861 2763 968 2830 pauca
989 2740 1149 2826 quaedam
1178 2741 1219 2807 de
1248 2739 1365 2829 quibus
1388 2739 1568 2828 saepedicti
1590 2761 1669 2805 eom·

345 2847 481 2910 missarii
504 2857 536 2911 et
558 2855 700 2910 oratores
723 2847 822 2909 nostri
846 2845 1001 2910 admoniti
1029 2867 1100 2910 esse
1122 2844 1250 2910 debent.
1274 2853 1307 2909 et
1331 2845 1498 2931 inprimis
1522 2845 1668 2931 quoniam

345 2949 452 3015 edocti
479 2971 588 3013 sumus
619 2971 682 3013 non
708 2971 805 3035 posse
836 2948 972 3036 amplius
1002 2947 1186 3014 ullomodo
1208 2947 1294 3030 fieri,
1322 2957 1359 3012 ut
1381 2947 1568 3033 dogmatum
1592 2957 1667 3011 trae·

344 3055 422 3118 tatio
463 3052 658 3139 impediatur
694 3053 745 3117 vel
782 3053 985 3136 retardetur,
1031 3053 1126 3118 sicuti
1159 3050 1316 3118 hactenus
1356 3053 1419 3139 ipsi
1459 3061 1605 3117 oratores
1639 3059 1667 3114 et

344 3156 553 3222 commissarii
574 3158 675 3222 nostri
697 3158 730 3220 in
752 3156 912 3220 mandatis
933 3155 1129 3240 habueruut,
1166 3178 1273 3243 neque
1297 3157 1412 3221 eatiam
1435 3157 1590 3220 usitatum
1616 3165 1665 3217 aut

342 3262 375 3325 in
397 3262 489 3347 praxi
513 3282 582 3325 esse
607 3259 693 3346 quod
715 3269 824 3346 patres
845 3261 879 3323 in
902 3259 983 3324 duas
1006 3259 1125 3325 classes
1155 3259 1405 3334 distribuantur,
1441 3281 1579 3345 quarum
1607 3278 1664 3322 una

343 3363 383 3430 de
407 3363 627 3450 dogmatibus,
658 3361 759 3428 altera
790 3362 831 3428 de
860 3363 1088 3430 reformatione
1117 3371 1243 3446 tractet,
1268 3384 1372 3450 aequo
1401 3363 1542 3428 feremus
1564 3361 1663 3426 animo

341 3477 376 3533 ut
411 3467 493 3533 haee
522 3491 574 3533 res
604 3468 902 3552 impraesentiarum
935 3491 995 3555 per
1028 3475 1155 3534 nostros
1186 3467 1421 3533 commissarios
1457 3475 1489 3532 et
1528 3474 1662 3532 oratores

343 3571 561 3638 dissimuletur
595 3579 626 3636 et
659 3570 785 3636 silentio
818 3571 1011 3640 involvatur.
1055 3572 1198 3638 secundo
1231 3571 1370 3656 benigue
1407 3567 1585 3655 probamus
1623 3579 1660 3648 nt,

342 3677 601 3764 quandocunque
636 3674 757 3762 aliquid
787 3676 931 3762 ineptum
954 3699 1012 3743 seu
1034 3676 1265 3744 inconveniens
1287 3675 1320 3738 in
1351 3671 1487 3739 concilio
1518 3674 1657 3748 occurrit,

342 3779 614 3868 quemadmodum
637 3799 742 3866 nuper
764 3777 899 3843 relatum
922 3789 972 3845 est
993 3782 1123 3846 unicum
1153 3779 1323 3844 dumtaxat
1353 3776 1560 3841 secretarium
1588 3776 1657 3840 sctis

341 3883 469 3950 concilii
492 3882 649 3964 adhiberi,
673 3881 728 3969 qui
751 3905 829 3946 sane
851 3893 1017 3972 uteunque
1039 3883 1104 3949 fide
1127 3881 1295 3968 diligentia
1323 3888 1355 3946 et
1383 3877 1543 3944 industria
1565 3875 1658 3945 excel·

340 3988 393 4071 lat,
416 4011 458 4052 an
482 3996 514 4052 et
537 3996 694 4074 quatenus
717 3986 751 4050 in
773 3995 864 4052 tanta
886 3985 1090 4053 multitudine
1113 3993 1146 4052 et
1161 3985 1348 4050 diversitate
1362 3981 1590 4068 suffragiorum
1603 3977 1657 4044 sui·

340 4092 436 4156 ficere
458 4093 561 4178 possit
583 4113 647 4155 non
670 4093 848 4175 cernimus,
883 4092 945 4177 ipsi
969 4099 1113 4158 oratores
1136 4098 1169 4155 et
1190 4086 1400 4156 commissarii
1432 4088 1536 4151 nostri
1569 4080 1656 4150 adiuti

340 4194 476 4260 aliorum
498 4215 611 4280 regum
634 4204 666 4258 et
687 4197 870 4287 principum
893 4193 1139 4260 christianorum
1163 4191 1343 4258 oratoribus
1366 4189 1507 4277 desuper
1529 4189 1654 4255 officium

340 4298 520 4384 legatorum
548 4297 798 4386 apostolicorum
827 4299 1001 4386 implorent
1030 4319 1069 4364 ao
1096 4299 1183 4363 omui
1211 4315 1289 4361 curs
1316 4304 1350 4359 et
1379 4293 1487 4359 studio
1517 4301 1611 4380 agant
1629 4297 1654 4351 ot

339 4411 485 4488 urgeant,
508 4411 544 4465 ut
566 4403 760 4466 eiuscemodi
784 4403 1043 4469 inconvenientia
1066 4401 1174 4467 debito
1203 4399 1300 4466 modo
1329 4399 1542 4485 corrigantur.
1574 4393 1652 4460 tertio

341 4505 427 4592 quod
450 4508 563 4571 attinet
584 4505 626 4570 ad
647 4508 814 4572 materiam
835 4507 1031 4573 residentiae
1054 4503 1247 4593 episcopalis
1276 4501 1317 4567 de
1347 4523 1411 4589 qua
1439 4501 1564 4567 iamdiu
1583 4503 1651 4564 inter
1710 4491 1711 4512 ³

339 4618 449 4695 patres
460 4631 580 4694 magna
593 4612 795 4675 contentione
808 4609 981 4698 disceptari
996 4608 1223 4690 intelleximus,
1239 4605 1444 4694 expectanda
1458 4605 1587 4694 quidem
1604 4601 1651 4667 eu't

341 4711 467 4778 concilii
495 4712 682 4778 deliberatio
712 4723 745 4778 et
766 4713 1004 4797 determinatio,
1037 4711 1094 4779 sed
1123 4720 1231 4777 tamen
1259 4711 1294 4775 iu
1320 4711 1479 4774 utrumvis
1502 4717 1647 4778 eventum,

339 4839 455 4905 nempe
477 4817 546 4881 sive
568 4817 760 4883 decernatur
780 4817 966 4882 huiusmodi
987 4815 1195 4883 residentiam
1222 4833 1293 4880 esse
1326 4815 1365 4880 de
1387 4815 1458 4880 iure
1480 4811 1588 4879 divino
1607 4804 1652 4872 sel·
1710 4813 1711 4822 ’

340 4943 404 4986 non
426 4943 508 5004 esse,
530 4922 647 4986 nostris
670 4921 897 4987 commissariis
920 4930 952 4988 e't
965 4920 1148 4986 oratoribus
1164 4919 1337 5006 diligenter
1349 4917 1410 4984 erit
1425 4914 1645 4990 elaborandum,

339 5031 375 5090 ut
397 5025 541 5114 episcopi
563 5025 693 5094 omnino
715 5024 880 5093 resideant
899 5047 961 5093 nec
982 5026 1016 5094 in
1038 5047 1078 5095 ea
1098 5047 1134 5092 rs
1155 5045 1176 5091 a
1197 5021 1254 5091 S·⁵⁰
1276 5021 1318 5090 D.
1340 5021 1379 5089 N.
1403 5023 1472 5089 sino
1494 5017 1644 5090 evidentis·
1710 5005 1711 5040 ¹
