3468 5820
339 441 400 504 tlt

334 649 434 695 nervo
468 649 594 696 omnem
616 633 663 696 rei
684 630 822 698 bellicae
845 633 1151 698 administrationem
1184 633 1397 720 collapsurum
1430 655 1470 698 ac
1501 643 1655 720 perpetuo

335 731 507 798 Christiani
530 735 666 800 nominis
688 735 772 800 hosti
793 759 852 822 pro
875 736 966 802 libito
988 737 1021 801 in
1044 737 1179 820 exiguae
1207 737 1285 801 istas
1305 757 1391 824 quae
1414 746 1588 823 supersunt
1610 737 1655 803 al·

335 835 413 902 flicti
435 839 526 924 regni
554 836 744 924 Hnngariae
770 837 924 924 reliquias
951 839 1122 922 grassandi
1150 841 1322 928 omniaque
1351 839 1547 927 subiugandi
1573 841 1657 905 viam

332 940 528 1026 patefactum
550 942 588 1006 iri
612 963 684 1007 cum
706 944 848 1008 maxima
871 952 903 1008 et
924 943 1125 1030 irreparabili
1139 945 1237 1010 totius
1253 943 1495 1010 christianitatis
1511 945 1656 1010 iactura?

332 1043 382 1109 his
398 1043 545 1110 omnibus
561 1045 686 1110 accedit
702 1045 788 1133 quod
805 1045 847 1110 ad
865 1047 905 1112 15
918 1047 1038 1111 mensis
1050 1046 1130 1114 Julii
1143 1048 1290 1135 proxime
1304 1047 1446 1112 futuram
1454 1046 1657 1134 quorundam

333 1149 581 1234 praecipuorum
603 1147 798 1216 Germaniae
834 1149 1065 1216 catholicorum
1094 1153 1277 1238 principum
1309 1151 1510 1216 consiliarios
1533 1147 1580 1216 ad
1600 1173 1657 1217 nos

331 1251 490 1318 Viennam
511 1254 771 1319 vocavimus...
794 1254 839 1317 ita
862 1253 1012 1341 quodne
1034 1254 1097 1320 boc
1120 1254 1251 1342 quidem
1278 1251 1372 1320 nobis
1395 1253 1459 1320 ullo
1482 1263 1583 1340 pacto
1605 1276 1656 1319 ne
1725 1327 1726 1338 p

331 1354 519 1442 gligendum
541 1363 600 1420 est.
621 1378 728 1443 neque
750 1379 826 1422 vero
850 1357 1100 1422 existimandum
1129 1365 1178 1424 ert
1204 1358 1267 1425 boc
1294 1358 1466 1443 negocium
1492 1355 1658 1444 religionis
1725 1347 1726 1424 ᾖ

331 1479 404 1525 cum
426 1457 585 1524 dictorum
608 1459 838 1526 catholicorum
859 1461 1041 1550 principum
1064 1459 1259 1528 Germaniae
1282 1459 1473 1527 consiliariis
1493 1459 1560 1526 boo
1582 1469 1657 1527 tern-

330 1586 409 1651 pore
432 1561 509 1628 alibi
531 1585 629 1651 quarn
651 1565 684 1629 in
706 1563 838 1630 Austria
852 1567 985 1632 tractari
1006 1587 1118 1652 posse;
1141 1565 1186 1632 ibi
1207 1588 1348 1653 namque
1363 1566 1506 1630 maxima
1522 1575 1658 1652 apparet

330 1669 506 1734 necessitas
530 1665 704 1733 adhibendi
726 1671 919 1757 tempestiva
947 1669 1090 1735 remedia
1117 1691 1222 1758 neque
1252 1679 1360 1758 potest
1386 1691 1439 1736 res
1460 1669 1578 1758 perlici
1599 1671 1657 1734 nisi

328 1769 385 1838 ubi
406 1779 593 1858 praesentes
615 1781 689 1837 sunt
710 1770 757 1836 illi
780 1794 915 1860 quorum
938 1795 990 1839 res
1012 1775 1128 1860 agitur,
1152 1775 1207 1861 qni
1229 1775 1379 1838 nimirum
1401 1774 1520 1860 partim
1544 1773 1656 1856 audiri,

328 1877 447 1964 partim
468 1897 546 1941 vero
570 1875 694 1942 consuli
725 1875 852 1942 debent
887 1876 1033 1943 adhaec
1058 1877 1220 1944 habentur
1245 1877 1289 1943 ad
1314 1898 1446 1942 manum
1474 1885 1506 1941 et
1529 1876 1566 1941 in
1587 1899 1657 1964 pro

327 1981 449 2067 pinque
473 1977 607 2044 aliorum
631 2000 759 2068 quoque
781 2003 954 2066 regnorum
977 1989 1008 2046 et
1020 1979 1233 2046 dominiorum
1256 1980 1376 2047 subditi
1399 2001 1540 2066 qnorum
1564 1979 1656 2045 saluti

327 2083 441 2151 eadem
465 2104 564 2169 opera
586 2081 818 2148 consulendum
839 2083 976 2151 videtur.
1000 2107 1100 2173 qnare
1123 2085 1328 2151 considerata
1349 2084 1426 2150 binc
1447 2083 1514 2148 iam
1538 2105 1655 2150 memo
1707 2133 1712 2150 .

325 2195 398 2254 rata
420 2208 544 2252 summa
564 2189 765 2270 necessitate,
787 2187 877 2253 illinc
898 2209 975 2254 vero
1005 2189 1167 2276 praesenti
1198 2197 1284 2255 statu
1314 2187 1440 2253 concilii
1471 2187 1564 2273 quod
1593 2190 1652 2251 iam

327 2291 455 2358 videtur
476 2291 572 2376 longe
594 2291 725 2358 meliore
749 2315 846 2380 quam
868 2301 964 2358 antea
986 2315 1056 2358 esse
1084 2293 1156 2360 loco
1189 2302 1222 2358 et
1247 2293 1432 2380 praesentia
1453 2301 1571 2358 nostra
1594 2315 1653 2358 am·

326 2394 411 2484 plius
432 2419 497 2463 non
518 2407 686 2484 tantopere
708 2395 864 2484 indigere,
887 2399 1078 2484 praesertim
1100 2419 1143 2463 ex
1164 2419 1229 2485 quo
1245 2418 1305 2462 vos
1321 2395 1361 2461 de
1378 2395 1529 2461 omnibus
1556 2396 1652 2462 ferme

327 2523 411 2588 quae
432 2501 527 2568 isthic
548 2511 728 2569 tractantur
749 2510 889 2566 mentem
913 2509 946 2566 et
972 2501 1164 2566 sententiam
1191 2509 1336 2565 nostram
1362 2498 1460 2586 plane
1489 2501 1652 2586 cognitam

324 2603 460 2690 habetis,
485 2608 512 2670 si
534 2629 617 2694 quae
638 2627 716 2672 vero
738 2607 771 2670 in
795 2604 863 2670 dies
887 2613 1092 2669 occurrerent
1115 2625 1198 2692 qnae
1219 2601 1274 2668 vel
1297 2602 1338 2668 ab
1360 2603 1432 2686 ipso
1449 2601 1588 2667 concilio
1602 2600 1651 2667 vel

325 2708 459 2775 avobis
482 2708 524 2775 ad
547 2732 605 2776 nos
628 2707 797 2775 referenda
820 2709 888 2774 sive
910 2730 931 2771 a
952 2705 1046 2773 nobis
1070 2707 1112 2772 ad
1134 2705 1260 2773 vosvel
1276 2705 1458 2791 adlegatos
1480 2704 1650 2771 scn'benda

323 2811 535 2894 videbuntur,
563 2834 623 2898 per
651 2812 823 2898 dispositos
858 2832 957 2898 equor
984 2811 1252 2896 paucissimorum
1281 2807 1405 2874 dierum
1428 2809 1542 2895 spacio
1572 2807 1649 2872 ultro

323 2917 467 3003 citroque
489 2917 624 3004 perierri
647 2924 778 3004 queunt,
803 2915 1005 2980 decrevimus
1029 2913 1090 2980 deo
1113 2913 1240 2979 volente
1262 2921 1337 2999 post
1357 2932 1481 2999 paucos
1505 2911 1580 2977 dies
1598 2933 1648 2976 na

322 3041 397 3086 vem
420 3019 637 3086 conscendere
667 3028 700 3085 et
725 3017 885 3084 Viennam
913 3017 1029 3084 redire.
1062 3017 1173 3104 itaque
1201 3014 1351 3082 volumus
1380 3023 1412 3081 et
1438 3014 1592 3081 iubemus
1617 3023 1648 3080 ut

321 3121 387 3188 Ra.
405 3123 520 3211 legatis
544 3147 583 3188 ao
606 3125 724 3189 oratori
748 3121 834 3188 Serml
855 3123 982 3207 nepotis
1005 3121 1106 3186 nostri
1128 3121 1214 3205 regis
1237 3117 1342 3185 Gattb‘i
1360 3140 1510 3184 necnon
1533 3119 1595 3183 R*
1615 3117 1646 3184 0.

321 3225 520 3314 Letharingo
542 3227 604 3293 boc
625 3237 770 3292 nostrum
792 3227 972 3291 institutum
1001 3232 1034 3288 et
1065 3221 1252 3288 discedendi
1274 3221 1504 3287 necessitatem
1526 3220 1646 3308 patefa-

323 3333 424 3415 ciatis,
447 3329 661 3418 promittendo
685 3352 744 3395 nos
766 3329 975 3415 negociorum
999 3325 1125 3394 aoncilii
1140 3324 1277 3412 posthac
1291 3323 1479 3411 ubicunque
1495 3324 1645 3389 fuerimus
1725 3395 1726 3406 p

324 3457 388 3501 non
411 3437 564 3500 minorem
588 3457 685 3522 quam
708 3436 734 3498 si
755 3433 809 3498 hic
837 3453 1054 3514 maneremus,
1085 3452 1195 3494 curam
1216 3425 1401 3512 babituros,
1430 3427 1646 3516 coniectisque

322 3536 419 3604 rebus
442 3539 511 3602 istis
534 3537 751 3624 gravissimis,
781 3537 808 3601 si
831 3557 910 3622 opus
935 3537 989 3611 sit,
1023 3531 1111 3598 baud
1139 3533 1299 3618 gravatim
1327 3530 1392 3596 huc
1414 3529 1578 3596 redituros
1598 3531 1646 3596 vel

322 3639 511 3706 'l'ridentum
542 3641 639 3705 etiam
669 3649 725 3705 aut
760 3661 952 3727 quocunque
987 3639 1164 3703 necessitas
1199 3633 1412 3721 postulaverit
1445 3633 1645 3720 profecturos

322 3765 393 3812 esse
409 3794 417 3811 .
434 3794 442 3808 .
460 3793 467 3807 .

422 3846 688 3912 Existimavimus
715 3869 781 3911 non
809 3843 867 3911 abs
899 3869 934 3910 re
956 3845 1098 3910 iirturum
1128 3842 1216 3931 quod
1243 3841 1337 3907 vobis
1359 3840 1458 3929 paulo
1486 3842 1643 3928 copiosius

319 3950 554 4039 explicaremus
578 3973 616 4016 ea
639 3951 771 4037 quaein
782 3951 917 4035 negocio
939 3947 1123 4034 religionis.
1141 3996 1172 4012 ..
1196 3969 1270 4011 oum
1286 3946 1429 4012 evocatis
1445 3943 1641 4031 quorundam
1723 3987 1724 3996 ι

321 4054 552 4122 catholicorum
573 4054 753 4140 principum
777 4051 965 4117 consiliariis
993 4051 1141 4116 Viennae
1162 4049 1331 4115 tractaturi
1354 4069 1474 4131 sumus,
1498 4049 1641 4114 nimirum

321 4156 574 4225 consultabimus
598 4178 672 4220 cum
695 4157 741 4220 eis
765 4153 894 4242 quando
918 4164 951 4220 et
973 4153 1089 4242 quibus
1112 4151 1216 4218 modis
1237 4174 1298 4239 per
1319 4173 1379 4217 nos
1394 4161 1427 4217 et
1442 4151 1548 4218 dictos
1561 4153 1638 4240 prin·

322 4265 410 4348 cipes
434 4261 614 4325 communio
638 4259 697 4324 sub
721 4269 857 4346 utraque
890 4259 998 4346 specie
1020 4255 1177 4344 postulari
1197 4256 1301 4342 possit
1323 4263 1379 4320 aut
1405 4252 1540 4340 debeat3
1572 4276 1638 4320 nam

319 4364 520 4430 meminimus
544 4362 632 4450 quod
655 4361 927 4427 consultissimum
961 4361 1029 4426 fore
1057 4357 1293 4441 iudicaveritis,
1323 4359 1352 4423 si
1377 4379 1437 4423 nos
1466 4357 1562 4424 simul
1581 4377 1636 4423 una

320 4490 393 4535 cum
404 4466 474 4532 aliis
487 4465 652 4532 catholicis
664 4466 789 4552 imperii
801 4465 1001 4553 principibus
1016 4461 1150 4529 calicem
1164 4469 1323 4550 petamus.
1338 4461 1416 4527 item
1430 4462 1631 4528 bactabbnus

319 4580 363 4648 ut,
379 4572 406 4635 si
418 4571 579 4657 principes
591 4571 655 4656 ipsi
666 4568 874 4635 ecclesiastici
887 4570 1017 4633 omnino
1028 4576 1192 4655 nequeant
1205 4565 1315 4632 venire
1330 4563 1374 4630 ad
1387 4565 1567 4649 concilium,
1580 4561 1634 4628 sal·
1723 4581 1724 4587 ’

320 4684 384 4740 tem
395 4675 523 4739 mittant
535 4695 610 4738 suos
620 4682 855 4759 procuratores,
878 4669 1140 4760 quandoquidem
1152 4668 1187 4734 hi
1197 4669 1241 4734 ad
1253 4670 1522 4756 congregationes
1533 4667 1633 4733 adnn-

319 4787 426 4844 tentur
448 4777 534 4844 etin
556 4775 595 4840 iis
618 4785 695 4842 vota
724 4776 868 4842 decisivo
889 4775 1030 4842 babituri
1058 4775 1130 4840 sint.
1163 4781 1331 4858 praeterea
1361 4793 1435 4838 cum
1463 4773 1528 4838 iam
1549 4779 1632 4835 antes

319 4881 413 4949 vobis
447 4879 733 4967 significaverimus
768 4903 865 4968 quam
898 4901 1014 4967 graves
1048 4875 1253 4943 difficultates
1286 4896 1358 4941 sese
1393 4875 1528 4941 offerant
1556 4874 1631 4938 circa
1720 4874 1724 4893 '

319 4983 580 5060 reformationem
601 4984 635 5048 in
657 4981 833 5050 Germania
855 4982 1095 5067 instituendam,
1120 5003 1160 5048 ea
1182 5001 1312 5068 quoque
1334 4977 1375 5045 de
1397 5001 1434 5046 re
1456 4999 1529 5045 cum
1549 4973 1629 5042 dicta

1724 4909 1726 5004 l

1719 5032 1724 5133 i
