3460 5826
328 508 394 596 dl?

389 695 433 764 (=
447 695 465 747 l.
485 694 529 762 c.),
547 694 769 762 quemadmodum
781 694 912 746 informati
929 709 1020 746 sumus
1039 721 1070 731 -
1092 698 1189 744 sancta
1205 697 1335 744 vocantur
1358 692 1394 758 (d.
1413 692 1438 744 h.
1459 692 1565 744 hisrber
1583 693 1664 744 dial

391 797 414 836 c.
435 783 485 832 693
503 782 573 833 oben
591 781 737 848 gedruolste
756 779 848 846 Stelle)
868 779 1029 832 eiuscemodi
1047 780 1199 831 libertatem
1224 780 1391 830 observatam
1415 777 1506 833 muse.
1531 784 1559 829 et
1581 778 1662 844 plane

391 865 547 917 confidimus
565 894 598 904 -
616 866 762 916 remedium
780 865 956 916 adhibituram
975 881 1033 916 esse
1052 865 1095 930 (:
1114 864 1131 914 l.
1145 880 1167 914 c.
1182 865 1318 915 ese-est
1336 863 1424 930 oben),
1443 881 1477 914 ne
1490 864 1596 914 scilicet
1608 865 1661 914 hoc

390 953 537 1003 ineuntem
555 953 696 1003 concilium
715 951 883 1014 disturbetur,
901 950 949 1002 sed
966 950 1072 1002 felicem
1090 951 1187 1000 exitum
1204 951 1336 1002 sortiatur.
1355 964 1408 1015 que
1420 951 1447 998 iu
1459 965 1488 999 re
1502 949 1663 1014 pollicemur

389 1053 438 1088 nos
455 1065 489 1076 ·-
507 1037 666 1089 incolumem
685 1043 823 1090 conservet
841 1037 884 1102 (z
903 1037 920 1087 1.
940 1037 982 1100 c).
1006 1063 1040 1074 -
1062 1035 1122 1101 vgt
1142 1033 1210 1086 mu
1228 1034 1280 1086 den
1296 1033 1460 1100 Rathschlag
1478 1035 1616 1087 Vincentia
1633 1038 1661 1085 in

389 1122 587 1176 Beluae-Mami
606 1125 630 1187 3,
648 1125 708 1176 450.

491 1210 525 1261 11.
544 1209 705 1261 Ferdinandi
727 1210 821 1260 literae
845 1210 1001 1260 secretiores
1027 1207 1062 1260 ad
1086 1223 1214 1258 summum
1237 1205 1397 1274 pontificem,
1422 1209 1439 1258 3
1461 1207 1553 1258 Martii
1580 1210 1662 1260 1563:

390 1296 449 1346 eine
467 1295 627 1346 Reinsehriit
644 1297 672 1346 in
691 1295 742 1346 den
761 1285 893 1358 Romana,
918 1295 977 1345 eine
995 1293 1093 1346 andere
1112 1291 1326 1360 gleichlautende
1349 1294 1377 1342 in
1397 1292 1448 1343 den
1467 1291 1659 1356 Concilacten;

388 1381 519 1448 gedruckt
535 1383 562 1431 in
579 1382 619 1432 Le
637 1381 698 1432 Plat
715 1383 740 1444 ὃ,
759 1381 904 1443 ess-⁷0³,
928 1397 968 1431 wo
988 1380 1052 1430 aber
1069 1377 1193 1445 folgende
1212 1394 1265 1429 von
1290 1378 1443 1444 Raynsldus
1465 1379 1661 1430 unterdriiclrte

390 1466 490 1518 Stellen
512 1466 708 1533 naehautragen
730 1466 803 1517 sind=
838 1466 896 1516 Etsi
919 1467 1086 1516 sanctitatem
1110 1467 1226 1514 scenam
1250 1491 1282 1502 -
1310 1465 1345 1515 ad
1371 1479 1429 1516 eam
1452 1462 1592 1530 aspirandi
1616 1467 1662 1516 via

387 1552 574 1618 praecludatur
592 1552 637 1618 (.-.-.
654 1553 707 1603 lc.
723 1552 880 1616 est-ess),
902 1567 935 1602 ac
959 1551 1072 1602 simonia
1095 1555 1122 1601 et
1143 1565 1234 1602 omnes
1255 1549 1367 1602 illicitae
1389 1549 1606 1604 machinationes
1632 1557 1659 1602 st

387 1653 507 1705 praxeae
518 1638 639 1690 conclavi
657 1653 762 1704 prorsus
779 1641 972 1690 removeantur.
990 1651 1076 1703 nsque
1095 1637 1165 1688 enim
1182 1635 1243 1686 ΒΜ
1254 1635 1289 1688 V.
1307 1637 1390 1688 latere
1400 1641 1523 1703 putamus
1540 1639 1661 1702 superio-

387 1725 461 1776 ribus
490 1726 566 1776 aunis
596 1738 792 1789 nonnumquam
816 1725 844 1774 in
872 1723 1001 1774 electione
1026 1721 1179 1788 pontificum
1186 1759 1194 1788 ,
1221 1738 1274 1774 non
1299 1723 1419 1773 obstante
1437 1723 1587 1774 iuramento
1613 1741 1660 1791 per

390 1809 539 1862 cardinales
557 1811 692 1875 praestito,
709 1811 881 1860 intervenisse
900 1810 979 1860 etiam
1006 1809 1143 1860 simoniam
1168 1813 1195 1858 ct
1212 1808 1278 1858 alias
1297 1809 1414 1858 sinistras
1431 1810 1574 1874 practices.
1599 1812 1658 1876 quis

388 1901 476 1947 autem
495 1895 586 1947 credat
604 1896 671 1947 tales
689 1896 833 1947 electiones
851 1909 920 1962 quae
938 1893 1004 1945 flunt
1021 1911 1068 1960 per
1086 1895 1257 1945 ambitionem
1274 1909 1322 1959 per
1339 1895 1475 1944 simoniam
1488 1901 1515 1944 et
1528 1895 1658 1946 adhibitis

387 1982 534 2033 istiusmodi
561 1981 633 2032 mille
651 1981 782 2045 artificiis,
806 1996 824 2032 a
846 1982 939 2046 spiritu
962 1985 1053 2031 sancto
1078 1979 1213 2046 proiectas
1238 1981 1314 2030 esse?
1338 1979 1523 2030 necessest
1546 1979 1580 2031 V.
1606 1997 1658 2031 non

389 2083 456 2132 opus
474 2073 515 2118 est
531 2066 651 2133 pluribus
670 2081 829 2118 enmusrare.
849 2067 945 2118 dende
962 2069 1141 2118 necessarium
1159 2071 1200 2117 est
1218 2093 1250 2104 -
1275 2067 1303 2116 in
1320 2065 1436 2118 ecelesia
1460 2066 1535 2131 sequi
1554 2066 1657 2118 incom-

387 2151 466 2210 moda
484 2151 528 2219 (τ-
546 2153 564 2206 1.
584 2169 606 2206 c.
625 2154 695 2218 697).
719 2153 839 2204 adhaec
857 2154 980 2219 qnoniam
1002 2152 1070 2204 tales
1089 2151 1234 2204 cardinales
1251 2151 1360 2217 perinde
1383 2166 1416 2203 ac
1439 2151 1614 2202 doctissimus
1632 2153 1658 2202 st

386 2239 604 2304 prudentissimus
627 2241 764 2306 quisquam
789 2237 824 2290 ad
846 2238 1028 2304 pontificatum
1052 2239 1181 2304 aspirant,
1206 2237 1234 2287 fit
1260 2252 1324 2288 sane
1348 2236 1587 2302 obintelligentes
1606 2236 1657 2287 sibi

387 2325 561 2377 eruditionem
579 2331 607 2376 et
624 2326 690 2376 alias
708 2327 872 2376 necessarias
899 2323 1018 2390 pontifici
1036 2324 1176 2390 qualitates
1194 2323 1299 2388 deesse,
1323 2323 1358 2374 ad
1381 2324 1519 2374 simoniam
1545 2327 1574 2372 et
1592 2322 1657 2372 alias

388 2426 453 2477 quas
471 2427 551 2477 supra
570 2412 779 2462 enumeravimus
797 2411 916 2460 sinistras
934 2415 961 2460 et
978 2409 1086 2460 illicitas
1103 2410 1160 2459 vias
1186 2409 1340 2474 confugiant
1363 2407 1480 2474 nihilque
1497 2407 1656 2458 intentatum

387 2495 607 2563 relinquantque
626 2484 672 2562 pel
695 2496 737 2547 ias
756 2501 782 2546 et
800 2497 876 2546 usias
894 2497 950 2546 voti
969 2501 1104 2560 compotes
1123 2494 1272 2546 reddantur.
1300 2495 1352 2544 imo
1374 2509 1438 2545 vero
1462 2508 1541 2560 quem
1561 2499 1655 2560 gerunt

384 2581 476 2634 ordine
495 2582 661 2634 cardinalitio
679 2582 811 2648 quomodo
829 2589 974 2644 versentur,
999 2585 1025 2630 et
1043 2580 1107 2630 nibil
1131 2583 1215 2630 minus
1234 2585 1328 2632 curant
1355 2595 1389 2632 ac
1412 2593 1553 2645 personam
1575 2595 1654 2646 quam

392 2670 521 2721 sustinent
537 2685 634 2736 mmo
652 2670 732 2720 totius
750 2669 848 2720 ordinis
867 2667 1043 2719 ecclesiastici
1061 2671 1088 2718 et
1104 2669 1247 2732 praecipue
1270 2672 1377 2718 sanctas
1400 2667 1472 2717 sedis
1489 2665 1654 2730 apostolicas

389 2760 542 2821 contemptu
559 2754 673 2806 ludibrio
692 2770 724 2806 ac
741 2755 833 2820 populi
850 2755 978 2806 scandalo
997 2768 1047 2804 nec
1065 2769 1117 2804 non
1138 2752 1287 2804 catholicae
1310 2753 1445 2818 religionis
1462 2753 1576 2816 iactura,
1600 2767 1652 2804 nou

388 2843 482 2892 attinet
499 2842 599 2908 prolixe
618 2858 830 2904 commemorare,
857 2843 931 2892 testis
951 2845 990 2891 est
1008 2842 1170 2890 tristissimus
1189 2847 1215 2890 et
1242 2839 1379 2892 luctuosus
1396 2840 1538 2891 multorum
1558 2841 1649 2889 exitus.

388 2933 505 2979 ceterum
522 2927 586 2992 qnid
604 2926 796 2994 expectandum
814 2928 848 2976 sit
867 2942 883 2976 a
901 2926 1024 2991 pontifice
1042 2941 1059 2976 a
1075 2926 1172 2976 talibus
1192 2925 1369 2976 cardinalibus
1387 2941 1434 2990 per
1452 2925 1591 2976 maeoniam
1609 2931 1653 2974 sut

387 3011 453 3062 alias
471 3013 577 3063 illicitas
595 3013 804 3062 machinationes
829 3011 914 3062 electo
938 3011 1018 3061 iacile
1039 3015 1127 3076 patet,
1152 3026 1212 3061 eum
1236 3011 1368 3060 informati
1385 3026 1475 3060 sumus
1494 3010 1651 3061 electionem

387 3097 461 3149 illam
478 3098 577 3148 iactam
595 3111 643 3164 per
659 3099 796 3148 simoniam
815 3097 848 3149 de
866 3099 923 3148 iure
940 3111 993 3147 non
1012 3097 1156 3148 subsistere
1173 3111 1224 3146 nec
1242 3095 1351 3146 decreta
1368 3095 1439 3146 illius
1451 3098 1531 3146 robur
1544 3095 1650 3162 aliquod

388 3184 515 3236 obtinere.
535 3199 567 3233 ex
586 3199 638 3249 quo
656 3183 795 3234 manifeste
814 3181 947 3248 colligitur
965 3182 1055 3246 quanti
1073 3182 1171 3232 referat
1189 3182 1273 3234 creari
1291 3181 1438 3234 cardinales
1449 3183 1521 3233 viros
1533 3181 1651 3232 doctrina

386 3270 486 3336 pietate
504 3269 644 3334 prudentia
663 3275 690 3321 et
708 3285 793 3320 rerum
813 3284 863 3320 usn
880 3273 1053 3334 praestantes,
1071 3269 1167 3333 quibus
1185 3283 1280 3334 sponsa
1306 3267 1403 3318 Christi
1426 3283 1505 3334 quam
1528 3282 1579 3318 sna
1594 3283 1648 3333 pre·

387 3355 460 3407 cioso
479 3357 607 3422 sanguine
624 3355 743 3419 redemit,
761 3369 840 3406 curae
858 3355 914 3405 iore
932 3354 1060 3406 videatur.
1079 3369 1133 3404 non
1145 3354 1226 3406 multo
1239 3355 1324 3404 minor
1340 3355 1458 3420 profecto
1468 3352 1609 3404 solicitudo
1619 3379 1648 3390 -
1728 3389 1729 3406 r

386 3441 421 3494 ad
440 3457 499 3492 sum
518 3441 629 3506 gradum
647 3440 794 3490 evehuntur
812 3439 891 3506 (=1.
911 3457 934 3490 c.
954 3440 1025 3506 698).
1046 3455 1126 3506 quare
1140 3439 1326 3506 suspicandum
1345 3442 1423 3490 estin
1437 3438 1568 3490 dictorum
1579 3455 1649 3505 prae·

385 3527 498 3578 latorum
518 3525 693 3577 electionibus
711 3541 905 3591 nonnumquam
925 3524 1031 3575 eosdem
1049 3523 1105 3575 fieri
1121 3526 1228 3590 abusus,
1246 3541 1311 3590 quos
1330 3540 1409 3590 supra
1427 3525 1461 3576 de
1480 3523 1647 3575 cardinalium
1728 3505 1729 3570 l

386 3613 551 3679 promotione
570 3613 717 3676 attigimus,
745 3613 790 3676 qui
810 3615 882 3662 certe
909 3609 1153 3676 eruntcorrigsndi
1173 3611 1338 3661 stamedio
1365 3611 1476 3662 tollendi
1501 3613 1559 3662 sine
1583 3611 1647 3662 omni
1728 3599 1729 3602 ¹

385 3703 510 3762 respectu
528 3711 560 3746 ac
580 3695 713 3750 dilatione.
732 3698 753 3746 si
772 3711 886 3762 namque
903 3697 964 3747 talis
981 3697 1048 3746 ratio
1069 3702 1095 3746 et
1111 3697 1205 3747 modus
1229 3723 1258 3734 -
1279 3699 1434 3761 recepimus.
1459 3701 1485 3746 et
1508 3697 1577 3749 haec
1595 3698 1647 3748 bre
1728 3697 1729 3746 l

385 3784 454 3833 viter
472 3783 545 3833 diets
562 3781 694 3832 sufficiant
718 3781 751 3832 de
773 3783 815 3833 bis
839 3798 907 3848 qnae
926 3779 967 3831 8¹¹
988 3781 1021 3832 V.
1045 3784 1117 3833 circa
1141 3781 1353 3834 reformationem
1377 3783 1512 3834 conclavis
1531 3811 1564 3821 -
1582 3799 1647 3834 com·
1728 3807 1729 3844 r

386 3867 466 3920 modo
484 3881 549 3918 suae
567 3867 697 3918 ecclesiae
716 3883 873 3919 conservare
888 3869 1013 3936 dignetur
1031 3867 1075 3934 (=
1086 3869 1100 3917 l
1115 3884 1137 3921 c.
1152 3869 1287 3918 698-703
1299 3887 1306 3932 ;
1320 3868 1367 3919 das
1379 3868 1435 3919 hier
1446 3869 1516 3919 noch
1528 3868 1646 3935 fulgendo
1728 3905 1729 3934 ,

386 3954 481 4005 Alinsa
497 3954 532 4004 ist
551 3953 782 4020 augenscheinlich
800 3955 855 4005 und
874 3955 943 4006 nach
961 3955 1028 4004 Pall.
1047 3958 1072 4016 2,
1090 3953 1141 4003 680
1160 3953 1364 4020 eigenhdndiger
1377 3954 1472 4005 Zusats
1485 3954 1532 4005 dee
1544 3957 1646 4006 Kaisers
1728 4005 1729 4022 ,

386 4041 413 4090 in
432 4040 492 4090 dem
510 4038 789 4107 Originalschreibsn).
1728 4075 1729 4114 ;

454 4125 506 4177 lli.
525 4124 687 4175 Ferdinandi
704 4125 797 4176 literae
816 4125 964 4192 adlegatos
984 4125 1099 4188 concilii,
1117 4127 1133 4174 3
1151 4125 1240 4174 Mart-ii
1255 4125 1329 4184 156³,
1349 4123 1468 4188 Goncspt
1479 4125 1507 4175 in
1519 4124 1571 4174 dcn
1584 4123 1644 4174 Con·
1728 4145 1729 4180 3

390 4210 510 4261 cilactsn.
530 4209 706 4275 Ankndplend
725 4226 758 4261 an
778 4211 825 4263 das
845 4211 1040 4263 Commendone
1058 4211 1227 4277 iibergebene
1239 4209 1384 4262 Schreiben
1401 4226 1463 4261 som
1482 4211 1514 4260 14
1533 4211 1645 4261 Februar
1728 4271 1729 4282 γ

387 4295 443 4360 (Nr.
463 4295 608 4346 ccxxxn
625 4296 805 4364 dumerhung)
824 4297 900 4348 tbeilt
918 4313 947 4348 er
965 4298 1045 4346 ihnen
1063 4295 1114 4347 den
1133 4301 1249 4347 crateron
1272 4295 1348 4346 Briei
1363 4311 1397 4346 an
1421 4296 1473 4346 den
1497 4297 1580 4362 Pspst
1601 4299 1643 4346 mit
1728 4335 1729 4338 ,

386 4381 441 4431 und
459 4381 578 4432 ermahnt
595 4383 634 4432 sie
652 4383 792 4434 emstlich:
844 4389 944 4436 utnon
961 4384 1045 4436 solum
1064 4383 1134 4450 apud
1153 4381 1214 4432 S²‘¹¹¹
1233 4383 1290 4432 eius
1307 4387 1395 4446 partes
1407 4397 1468 4432 suas
1485 4383 1641 4448 interponere
1728 4417 1729 4440 ,

386 4465 470 4517 velint
486 4471 516 4517 ut
534 4466 585 4517 ΒΨ
596 4467 653 4518 sius
672 4467 794 4534 dignetur
863 4475 967 4520 nostrae
985 4469 1119 4534 petitionis
1132 4473 1159 4519 et
1170 4469 1354 4520 admonitionis
1367 4469 1508 4532 benignam
1522 4469 1638 4518 rationem

389 4553 496 4614 babere,
514 4567 605 4604 verum
625 4555 704 4605 etiam
720 4557 848 4621 ipsaemet
865 4555 919 4606 1³²0·
936 4555 968 4606 V.
987 4555 1027 4620 R,
1047 4569 1114 4620 quae
1133 4555 1211 4604 rebus
1229 4553 1325 4604 adsunt
1337 4559 1363 4602 et
1375 4558 1501 4618 praesunt
1520 4552 1639 4616 facileque

385 4638 601 4689 inconvenientia
619 4654 686 4704 qnae
704 4641 858 4706 impendent
874 4656 921 4706 pro
939 4643 1056 4706 ipsanrm
1073 4639 1212 4704 prudentia
1230 4643 1256 4689 et
1269 4637 1568 4702 industnaprnevieent
1584 4652 1636 4688 eon-

384 4725 443 4776 silia
461 4730 488 4775 et
505 4726 623 4776 actiones
641 4741 702 4778 suas
720 4727 754 4778 ad
774 4727 885 4778 eundem
904 4742 1014 4792 scopum
1033 4725 1143 4792 dirigere
1161 4724 1252 4775 velint

449 4809 495 4862 IV.
512 4809 671 4861 Fsrdiuandi
698 4813 791 4863 literae
814 4813 849 4864 ad
873 4811 903 4866 C.
923 4811 1119 4877 Letharingiae,
1147 4811 1269 4860 3ldartii
1296 4811 1369 4874 teos,
1396 4809 1516 4875 Concept
1534 4808 1630 4862 ibidem

383 4894 514 4962 seducte
530 4896 558 4954 in
575 4895 615 4948 Le
632 4899 692 4956 Plat
708 4901 734 4966 s,
752 4899 810 4952 690.

882 5055 1084 5064 -„.-.--....—
