3498 5818
89 685 117 743 et
135 680 324 768 praestabo,
345 684 398 750 Mt
417 683 457 750 V.
480 685 642 752 humiliter
670 685 856 775 supplicans
878 697 915 752 ut
931 690 1017 753 omni
1040 710 1098 754 suo
1114 689 1246 755 consilio
1262 699 1294 756 et
1306 689 1418 757 favore

89 780 160 847 mibi
183 785 338 870 opitulari
361 786 518 874 dignetur.

186 885 275 954 cum
297 891 366 955 eius
388 888 445 957 Sa·
467 890 661 960 intellexerit
681 893 759 959 Mum
779 893 819 958 V.
835 915 855 958 a
871 889 915 958 S²⁸
932 890 965 959 S.
987 895 1097 960 nescio
1120 894 1208 982 quod
1228 917 1418 982 responsum

89 999 280 1076 expectare,
313 993 391 1060 mibi
418 994 587 1061 mandavit
612 1005 649 1060 ut
675 995 722 1062 illi
748 997 972 1064 renunciarem
999 1019 1034 1064 se
1056 997 1099 1062 ad
1121 999 1230 1063 omnis
1250 998 1419 1086 hucusque

88 1093 297 1176 respondisse
319 1099 513 1181 existimare,
534 1109 601 1164 tam
625 1099 892 1166 communicando
913 1101 1022 1165 omnia
1037 1123 1120 1188 quae
1135 1100 1178 1166 ad
1193 1103 1330 1188 negocia
1345 1123 1419 1167 cum

88 1193 139 1258 ld·
157 1193 201 1260 V.
226 1201 411 1284 pertineant
432 1223 505 1267 cum
528 1203 596 1267 eius
619 1200 707 1290 apud
729 1201 818 1267 illam
841 1211 978 1284 oratore,
1002 1225 1102 1290 quam
1124 1203 1165 1270 de
1188 1204 1336 1270 omnibus
1352 1226 1419 1270 cer·

88 1299 197 1364 liorem
222 1300 392 1369 reddendo
414 1303 499 1370 illius
522 1303 609 1392 apud
630 1304 708 1369 MV*
722 1302 763 1370 V.
788 1303 940 1392 legatum,
962 1307 1093 1396 iamque
1115 1329 1247 1394 prorsus
1269 1309 1419 1394 ignorare

3 1439 5 1468 ι
90 1399 127 1465 ud
148 1405 243 1490 quod
264 1429 329 1472 non
350 1409 561 1495 responderit.

3 1589 4 1600 ,
187 1508 363 1576 Mandavit
383 1511 460 1576 mihi
482 1514 579 1578 etiam
602 1511 659 1578 Su·
681 1513 750 1578 eius
772 1520 809 1576 ut
829 1512 882 1577 Μιί
905 1513 946 1578 V.
970 1515 1147 1600 significem
1170 1512 1238 1580 eius
1260 1515 1293 1579 in
1316 1513 1419 1579 cardi·

90 1610 191 1676 nalem
207 1611 461 1700 Neapolitanum
483 1617 637 1703 pietatem
659 1625 692 1682 et
712 1615 957 1702 indulgentiam,
975 1639 1070 1702 quem
1086 1616 1215 1683 modica
1228 1617 1420 1682 mulctatum

89 1735 192 1799 poena
215 1715 348 1781 liberari
370 1719 472 1801 iussit,
496 1740 570 1784 omn
591 1727 627 1783 ut
649 1717 731 1784 alius
752 1728 885 1784 tenerae
907 1721 1004 1786 aetati
1019 1730 1168 1806 parceret
1181 1720 1421 1807 multorumque

90 1817 243 1901 precibus
266 1819 483 1904 satisfaceret,
518 1831 587 1886 tum
608 1844 686 1888 vero
713 1832 764 1905 ut,
799 1821 1071 1910 quemadmodum
1100 1822 1235 1889 aliorum
1263 1822 1421 1911 supplicio

91 1941 164 1986 suae
188 1921 343 1988 omnibus
365 1925 506 1990 institiae
529 1925 745 1990 testimouium
769 1923 867 2008 dedit,
890 1928 936 1991 ita
957 1924 1041 1990 illius
1064 1925 1280 1992 adolescentis
1302 1926 1419 1992 libera·

90 2024 173 2089 tione
197 2034 235 2090 et
256 2025 360 2092 salute
382 2049 460 2093 suae
482 2025 625 2093 lenitatis
646 2037 679 2093 et
700 2028 939 2094 misericordiae
961 2027 1145 2116 exemplum
1166 2029 1346 2116 praeberet

189 2127 253 2194 8⁸²⁸
283 2129 352 2194 cius
381 2129 458 2194 mibi
487 2131 583 2196 etiam
611 2131 765 2215 iniunxit,
798 2141 832 2196 ut
853 2129 905 2196 M*
928 2131 969 2196 V.
997 2130 1150 2198 referrem
1177 2155 1226 2214 se,
1256 2155 1340 2218 quae
1363 2154 1423 2196 sua

91 2239 136 2294 est
164 2254 236 2296 non
263 2231 360 2298 modo
391 2234 425 2297 ln
445 2232 525 2298 Mam
547 2233 606 2316 V,
641 2232 822 2300 sedetiam
845 2235 879 2298 in
901 2255 976 2300 suos
1002 2256 1042 2300 ac
1062 2233 1200 2301 tiliorum
1224 2257 1355 2300 suorum
1377 2235 1422 2299 fa-

91 2333 234 2402 miliares
256 2337 390 2424 egregia
411 2335 571 2421 voluntas,
594 2357 779 2402 reservasse
800 2335 887 2403 mille
909 2360 1025 2403 aureos
1047 2361 1194 2404 nummos
1217 2359 1315 2425 super
1336 2337 1420 2404 fruc·

92 2437 174 2504 tibus
198 2439 353 2506 abbatiae
374 2438 491 2507 Monac
511 2449 717 2528 nuncupatae
739 2442 773 2505 in
787 2439 961 2524 Foroiulio,
984 2442 1149 2527 pensionis
1171 2443 1299 2507 nomine
1322 2442 1422 2526 essig-

92 2542 219 2609 nandos
240 2542 303 2610 illis
325 2543 390 2609 Ml·
411 2543 452 2608 V.
475 2566 515 2609 ac
536 2541 591 2610 8²¹¹
617 2545 703 2630 regis
724 2542 922 2611 Bohoemiae
946 2543 1157 2610 familiaribus
1180 2567 1262 2631 quos
1284 2545 1347 2628 ipsi
1368 2566 1422 2608 no·

93 2647 252 2711 minarint
290 2669 390 2734 quare
419 2669 494 2713 oum
522 2649 661 2735 primum
690 2669 800 2713 eorum
833 2647 931 2712 animi
959 2647 1150 2712 sententiam
1179 2646 1423 2729 declaraverint,

96 2750 200 2814 statim
224 2751 294 2815 eius
316 2749 374 2816 δι”
394 2751 569 2837 negocium
591 2749 826 2816 absolvendum
841 2748 977 2832 curabit,
1001 2749 1272 2837 quemadmodum
1287 2747 1423 2836 physico

96 2873 148 2918 suo
172 2853 302 2919 doctori
324 2852 488 2941 Stephano
511 2877 551 2921 ac
574 2854 665 2920 fratri
687 2854 851 2920 secretarii
873 2854 923 2918 sui
944 2851 1068 2920 (lamen
1090 2853 1124 2918 id
1147 2875 1241 2919 omne
1263 2853 1423 2919 concessit

97 2956 178 3040 quod
211 2979 273 3044 ego
295 2957 360 3022 Mt·
388 2957 429 3022 V.
459 2961 587 3024 nomine
614 2957 700 3024 illius
722 2955 763 3024 S‘l
793 2955 989 3045 supplicavi,
1023 2959 1148 3046 eritque
1170 2959 1256 3024 omni
1278 2967 1424 3045 tempore

95 3069 247 3147 prompta
269 3083 309 3126 ao
329 3071 445 3147 parata
465 3061 698 3128 honestissimis
712 3060 777 3127 Ml·
796 3061 838 3126 V.
860 3059 1030 3149 postulatis
1044 3061 1255 3128 libentissime
1273 3083 1423 3126 annuero.

1148 3179 1321 3249 Cauchius.

231 3387 316 3444 Nebst
327 3393 371 3443 Νι.
385 3391 469 3444 cxv1
481 3389 612 3459 gedruclrt
628 3388 656 3444 ln
673 3387 776 3444 Planclr
793 3391 885 3445 fascic.
898 3393 922 3444 a
938 3421 970 3435 -·
989 3388 1078 3446 lieber
1096 3385 1168 3443 disse
1186 3391 1278 3443 sweite
1295 3390 1426 3458 Legaticn

162 3475 213 3530 des
232 3478 262 3530 c.
280 3479 335 3545 νει.
355 3478 502 3545 Cyprianus
527 3481 575 3532 116
600 3479 655 3531 und
672 3479 722 3545 Ep.
740 3480 876 3546 chlmac
893 3482 918 3544 8,
935 3481 986 3532 2⁶8
1004 3479 1135 3547 (original
1158 3475 1205 3530 des
1221 3477 1308 3529 Bricfs
1331 3477 1378 3528 des
1397 3475 1426 3527 0.

161 3581 219 3616 von
236 3565 377 3632 Augsbmg
400 3565 426 3616 in
445 3563 497 3616 den
514 3565 653 3632 Romana).
687 3566 786 3618 Ansssr
812 3565 858 3617 der
885 3581 928 3618 am
947 3567 978 3618 16
996 3565 1069 3618 llam
1093 3565 1241 3632 gaweibten
1257 3564 1327 3616 Rosa
1350 3564 1427 3616 uber·

163 3649 276 3702 brachte
295 3666 324 3702 er
341 3651 401 3702 dem
418 3651 513 3702 Kaisar
531 3647 575 3720 Νι,
596 3651 669 3704 cxn
687 3651 742 3701 und
760 3651 808 3702 das
824 3650 1180 3719 Beglaubigungsscbreiben
1203 3651 1245 3702 rus
1261 3648 1375 3702 Deltinc.
1394 3675 1427 3688 —

162 3737 216 3789 Die
234 3735 437 3804 Vorstellungeu
465 3733 511 3788 des
529 3733 636 3788 Kaisers
659 3753 744 3805 gagen
762 3736 805 3793 dis
823 3737 975 3805 Einladung
992 3737 1039 3790 des
1057 3737 1240 3790 Grossfltrsten
1258 3736 1314 3801 (Νι.
1331 3731 1428 3798 nm)

163 3823 274 3874 worden
292 3823 366 3874 nicht
383 3823 598 3890 beritclrsichtigt
634 3823 679 3874 Sic
698 3823 808 3890 erfolgte
825 3838 867 3874 sm
889 3826 920 3876 1³
937 3822 1010 3890 April
1027 3822 1153 3890 (Tbeiner
1169 3826 1194 3887 2,
1211 3822 1282 3888 633).
1310 3820 1348 3872 Zu
1365 3819 1428 3888 glei-

165 3908 231 3962 cher
247 3911 307 3962 zois
323 3909 431 3962 worden
446 3909 490 3961 fur
506 3909 610 3960 Delflno
628 3909 683 3961 und
701 3909 820 3962 Oanobio
840 3910 882 3960 die
901 3909 1085 3961 Grsdsntialcn
1104 3909 1258 3976 sucgestellt
1270 3907 1428 3974 (Cyprianus

165 3997 237 4064 1611).
271 3997 317 4048 Da
328 3995 406 4062 jener
422 3997 496 4048 seins
513 3995 660 4048 Rmdrsm
677 3996 760 4048 durch
772 3995 955 4048 Deutschland
966 3995 1037 4048 noch
1054 3996 1128 4048 nicht
1145 3995 1261 4048 beendet
1277 3995 1359 4058 hatte,
1376 3998 1429 4044 trat

166 4081 287 4134 Ganobio
305 4097 349 4134 am
369 4085 400 4134 19
418 4083 473 4136 llai
490 4083 533 4134 die
550 4083 629 4134 Reice
646 4082 716 4134 nach
734 4082 795 4135 dem
805 4082 913 4134 Norden
931 4097 974 4134 an.
1000 4083 1052 4134 Ein
1069 4083 1164 4134 kuraer
1180 4081 1289 4132 Berioht
1305 4096 1358 4133 von
1375 4079 1429 4130 ihm

166 4183 201 4220 an
220 4168 273 4220 den
289 4170 323 4220 K.
341 4169 503 4220 Maximillau
526 4185 574 4220 atus
591 4168 681 4221 Wilns
697 4170 793 4222 rotuli
811 4169 915 4236 bugum
939 4167 1021 4220 findet
1047 4168 1105 4220 sich
1128 4170 1157 4220 in
1180 4167 1232 4220 deu
1250 4167 1429 4230 Concilscten,

166 4255 253 4307 bietet
269 4255 334 4307 aber
351 4252 439 4307 nichts
455 4271 545 4308 neusa

236 4339 326 4394 Usber
352 4339 395 4392 dis
411 4341 560 4393 Pensionsn
587 4357 636 4393 aus
659 4341 710 4393 den
727 4341 891 4393 Einlrttntlen
916 4341 963 4394 der
980 4341 1059 4393 Abtei
1076 4340 1187 4394 Mosach
1211 4341 1283 4391 kann
1300 4340 1343 4391 ich
1360 4339 1430 4391 nach

169 4427 222 4480 den
238 4429 345 4482 Briefen
362 4429 389 4479 iu
407 4428 458 4480 dsn
475 4429 595 4481 Romana
610 4429 666 4480 und
687 4429 716 4480 in
734 4429 785 4480 den
802 4427 906 4480 Veneta
929 4427 1054 4496 folgende
1071 4427 1240 4494 Auflrllrung
1256 4429 1350 4494 geben.
1384 4426 1430 4478 Ala

170 4514 256 4566 Ptana
272 4531 326 4566 von
343 4514 442 4566 'l'hurm
460 4515 556 4567 Orator
572 4516 600 4566 in
617 4515 684 4567 Rom
701 4529 763 4578 war,
781 4515 829 4567 bat
846 4531 874 4566 cr
885 4516 949 4566 Pius
966 4516 1065 4566 selnem
1083 4513 1143 4565 dem
1161 4513 1315 4581 geistliohen
1332 4511 1431 4563 Stande

170 4601 349 4668 angebbrigsn
365 4601 468 4652 Bruder
484 4601 608 4653 Phoebus
626 4601 699 4652 dieso
709 4601 789 4653 sotei
807 4616 840 4652 ru
858 4601 1000 4665 verleiben,
1019 4601 1063 4652 die
1080 4601 1122 4652 bis
1140 4599 1220 4650 (labin
1236 4600 1272 4650 im
1283 4597 1371 4649 Besitn
1384 4597 1431 4649 des

171 4685 201 4738 (l.
215 4685 321 4738 Caralis
332 4702 454 4754 gewassn
465 4703 526 4752 war,
544 4689 617 4752 aber,
634 4688 723 4739 indam
735 4687 830 4740 dassen
845 4687 1049 4755 Verurtlrsilung
1060 4703 1113 4739 ron
1125 4686 1224 4738 'l'hurm
1237 4684 1432 4751 vorausgesehn

171 4771 270 4834 surde,
296 4773 363 4824 ttber
389 4772 454 4823 lunia
481 4770 546 4825 oder
568 4771 630 4840 lang
648 4773 760 4842 erlcdigt
782 4773 887 4826 werden
910 4779 1017 4826 musste.
1055 4774 1111 4826 Der
1127 4773 1211 4840 Papst
1232 4776 1306 4838 sagte
1323 4772 1362 4820 sie
1379 4769 1432 4820 ihm

172 4858 241 4910 auch
257 4858 285 4908 in
303 4857 507 4910 bestimmtester
525 4859 614 4910 Weiss
632 4875 673 4910 au.
708 4859 838 4911 Denuooh
857 4861 919 4926 ging
936 4857 1042 4922 Τιιιιιιιι,
1066 4859 1126 4911 weil
1144 4874 1173 4910 cr
1191 4859 1267 4909 sinen
1284 4855 1431 4922 Iiinsprucb

172 4957 224 4996 von
242 4943 315 4996 Seite
333 4943 467 5010 Venedigs
483 4944 657 5009 belttrchtete,
675 4959 708 4996 nu
726 4944 821 4996 dssscn
839 4945 936 4997 Gabist
954 4944 1001 4996 der
1018 4949 1138 5012 grosssre
1156 4943 1233 4996 ‘ineu
1251 4940 1298 4994 des
1315 4941 1432 5010 Klpster·

171 5036 248 5098 gutss
271 5031 388 5099 μιιιιιο,
412 5045 454 5082 aru
474 5033 506 5082 11
523 5029 678 5096 September
696 5033 765 5082 toto
781 5029 850 5082 auch
873 5031 924 5082 den
940 5031 1035 5083 Kaisar
1050 5047 1097 5084 um
1114 5031 1187 5084 scine
1204 5025 1388 5096 Vemandnng
1404 5029 1432 5078 in

157 5124 251 5166 steret
268 5137 287 5166 ι.
307 5125 335 5166 o.
352 5126 376 5168 u.
393 5124 490 5166 masur.
1198 5136 1230 5184 13
