3498 5818
148 703 230 769 'l'age
252 707 374 756 §usserat
386 702 508 769 wichtige
521 702 609 754 Brielc
628 702 746 754 erhelten
765 701 842 766 habs,
859 717 913 752 von
932 699 1018 752 denen
1036 715 1064 750 er
1082 700 1146 750 aber
1164 697 1287 748 niemand
1298 695 1434 748 Abschrift

149 791 246 857 geben
270 791 356 841 wolle.
392 791 436 840 Da
452 806 506 840 nun
525 788 629 840 Cosano
654 803 689 838 an
706 788 805 838 diesem
829 788 903 856 Tage
927 788 986 836 eine
1004 785 1202 849 Uebersetaung
1225 784 1284 850 (nur
1307 783 1354 833 der
1371 783 1434 833 Ein-

150 891 229 942 gnng
251 877 332 936 fehlt)
352 875 399 926 des
416 875 517 926 Briefes
535 890 570 926 an
581 875 623 926 De
635 874 707 925 Lisle
720 891 781 924 vom
793 877 809 924 3
822 874 924 940 August
942 871 1090 923 oinschicht
1107 870 1153 920 der
1171 871 1198 920 in
1209 867 1248 920 Le
1260 868 1320 924 Plat
1338 871 1362 930 4,
1382 870 1431 920 713

150 962 298 1027 gedrnclrt
316 965 358 1025 iat,
383 979 412 1012 so
435 963 469 1011 ist
492 961 539 1012 der
556 961 659 1028 geheim
683 960 823 1026 gehaltenc
843 959 916 1009 Brief
930 957 1149 1009 wahrscheinlich
1175 957 1222 1007 der
1242 956 1288 1006 der
1306 955 1433 1021 Konigin-

157 1053 273 1098 mutter
289 1063 351 1100 vom
368 1051 387 1098 4
402 1048 505 1114 August
524 1047 555 1112 (s.
573 1048 671 1098 Martin
688 1047 748 1097 hist
768 1046 801 1096 de
819 1045 922 1096 Franco
940 1047 964 1109 9,
982 1046 1036 1110 87).

667 1246 866 1331 cxxix.

410 1395 478 1472 Die
507 1394 788 1496 Concillepaten
816 1416 862 1470 en
891 1395 964 1470 den
994 1392 1140 1486 Kaieer3

524 1515 651 1584 'Prien-t,
670 1517 686 1566 9
705 1514 905 1581 September
924 1515 1014 1568 1561.

450 1627 586 1684 Rornoao.
612 1626 760 1699 Oripiaol,·
781 1626 812 1682 ia
827 1632 916 1700 terpo:
939 1630 958 1680 5
977 1626 1093 1680 October.

412 1753 513 1822 Sacra
536 1777 689 1822 caesarea
710 1757 871 1821 maiestas.

192 1857 295 1922 Inter
317 1855 398 1922 alias
420 1857 533 1924 laudes
556 1857 673 1946 quibus
695 1859 808 1924 merito
831 1858 896 1924 ΜΨ
919 1857 960 1922 V.
982 1880 1099 1923 nomen
1121 1859 1154 1922 in
1177 1855 1304 1924 caelum
1325 1857 1436 1940 lemur,

95 1967 142 2023 eat
164 1969 211 2025 et·
233 1959 320 2026 haec
347 1962 476 2026 minime
504 1960 668 2048 postrema
696 1961 801 2049 quod,
834 1983 908 2027 cum
929 1960 1055 2026 videret
1082 1959 1198 2026 Ser⁸²¹¹¹¹¹
1211 1960 1320 2025 ¹filium
1344 1983 1437 2025 suum

91 2061 301 2130 Bohaemiae
327 2087 437 2150 regem
460 2065 547 2152 apud
576 2064 752 2139 catholicos
780 2076 813 2131 et
840 2065 1037 2131 orthodoxos
1065 2066 1098 2128 in
1125 2087 1198 2129 eam
1222 2066 1437 2151 suspicionem

95 2168 251 2250 venisse,
280 2169 373 2254 quasi
396 2191 462 2233 non
482 2169 569 2234 idem
592 2191 665 2235 cum
689 2169 826 2234 ecclesia
849 2168 1008 2234 catholica
1031 2177 1172 2254 saperet,
1199 2177 1332 2256 propter
1353 2167 1438 2232 hanc

93 2270 308 2353 potissimum
337 2293 469 2336 causam
497 2271 585 2360 quod
613 2273 747 2359 impium
778 2271 940 2360 quendam
968 2270 1077 2337 alebat
1103 2273 1158 2358 qui
1180 2294 1239 2359 pro
1263 2272 1315 2336 dci
1337 2271 1438 2336 verbo

95 2369 242 2439 Lntheri
262 2373 398 2440 verbum
420 2374 541 2462 populo
569 2364 775 2462 praedicaret
796 2377 928 2462 suisque
952 2374 1153 2440 sermonibus
1176 2374 1349 2439 multorum
1372 2375 1438 2438 ani·

93 2497 162 2542 mos
193 2477 362 2561 inficeret,
396 2501 454 2565 pro
484 2499 543 2545 sua
570 2487 603 2544 et
631 2501 710 2564 erga
739 2477 836 2544 deum
862 2479 982 2564 pietate
1011 2487 1043 2542 et
1070 2499 1148 2563 erga
1180 2477 1281 2541 filium
1303 2485 1439 2564 paterna

97 2577 263 2646 charitate
290 2581 369 2646 nihil
397 2605 494 2647 curae
522 2581 708 2669 diligentiae
729 2581 851 2648 laboris
871 2582 1103 2668 praetermisit,
1130 2589 1167 2646 ut
1189 2579 1278 2645 illum
1300 2580 1341 2645 ab
1365 2579 1439 2645 aula

97 2678 191 2746 Sarffl
218 2685 290 2749 eius
313 2695 486 2751 amoveret.
517 2685 605 2774 quod
625 2695 838 2774 posteaquam
860 2683 911 2750 dei
932 2683 1088 2750 beneficio
1110 2682 1242 2749 tandem
1265 2683 1439 2771 aliquando

99 2785 286 2868 perlectum
308 2798 372 2872 est,
403 2789 512 2854 statim
533 2812 573 2856 ea
595 2791 735 2877 suspicio
758 2788 887 2855 sublata
910 2798 959 2854 est
981 2790 1084 2853 omnis
1106 2789 1140 2852 in
1162 2810 1259 2876 quam
1281 2787 1440 2852 inciderat

101 2992 198 3059 modo
230 2993 310 3058 nihil
339 2996 369 3058 ei
399 3018 471 3062 cum
499 2997 598 3061 variis
626 3005 659 3062 et
687 2996 866 3083 peregrinis
897 2994 1050 3061 doctrinis
1081 2995 1151 3059 istis
1180 3015 1347 3080 commune
1376 2995 1441 3058 iam

107 3116 177 3162 esse
203 3096 407 3180 confidimns,
436 3121 549 3164 verum
563 3098 669 3164 etiam
692 3097 899 3165 vehementer
921 3100 1063 3163 animum
1085 3099 1154 3163 eius
1176 3096 1218 3163 ab
1241 3097 1303 3162 fllia
1326 3095 1440 3163 abhor-

104 3219 174 3264 rere
199 3209 292 3266 tanto
308 3202 427 3266 certius
442 3223 632 3287 persuasum
647 3201 814 3283 habemus,
838 3212 958 3289 quanto
974 3201 1146 3288 plurimum
1161 3201 1195 3275 id
1210 3223 1230 3265 a
1244 3201 1352 3266 multis
1368 3223 1442 3266 con·

103 3299 230 3368 firmari
259 3306 442 3391 accepimus
469 3327 534 3371 non
563 3306 631 3370 sine
654 3328 779 3392 magna
807 3315 839 3370 et
866 3315 976 3369 nostra
998 3313 1031 3370 et
1051 3305 1177 3390 piorum
1200 3306 1342 3370 omnium
1367 3325 1440 3370 oon-

104 3404 281 3488 solationc,
311 3409 366 3495 qni
388 3407 558 3474 nobiscum
579 3431 645 3474 una
665 3408 744 3473 nihil
767 3409 863 3474 deum
885 3418 1059 3495 precantur
1080 3406 1261 3490 ardentius,
1285 3427 1384 3494 quam
1405 3417 1441 3472 ut

101 3510 250 3592 paternis
271 3512 417 3598 vestigiis
440 3511 591 3578 incedere
614 3511 731 3578 Setmum
753 3512 854 3576 filium
875 3521 908 3578 et
930 3512 963 3575 in
985 3533 1024 3576 ea
1045 3509 1110 3576 lide
1133 3519 1318 3576 constanter
1339 3511 1439 3575 faciat

102 3631 297 3695 permanere
319 3637 416 3701 quam
437 3637 458 3680 a
479 3617 600 3681 sanctis
619 3614 797 3682 maioribus
821 3616 886 3680 suis
909 3613 970 3679 sihi
993 3635 1052 3700 per
1074 3634 1189 3678 manue
1212 3612 1364 3679 traditam
1387 3636 1440 3679 ac-

105 3717 207 3800 cepit;
243 3738 283 3781 ac
309 3715 469 3782 facturum
486 3718 588 3806 ,deum
619 3718 809 3785 confidimus
841 3727 877 3782 ut
904 3718 963 3783 has
991 3718 1117 3804 piorum
1139 3739 1253 3803 preces
1277 3717 1440 3782 exaudiat.

105 3821 262 3903 quoniam
283 3829 392 3886 tamen
412 3845 478 3887 non
501 3822 617 3888 dormit
639 3833 789 3907 satanas,
803 3845 915 3888 verum
930 3819 1045 3888 circuit
1068 3819 1205 3886 subinde
1220 3829 1375 3908 tanquam
1390 3820 1440 3888 leo

107 3944 267 4008 quaerens
282 3947 379 4011 quem
396 3924 537 4009 devoret,
560 3946 627 3992 non
647 3945 819 4013 possumus
842 3925 883 3990 ab
908 3925 991 3990 illius
1014 3926 1139 3990 insidiis
1153 3947 1219 3990 non
1234 3923 1442 3990 vehementer

105 4027 200 4094 nobie
224 4037 375 4094 mettere.
399 4031 547 4115 quamvis
569 4030 655 4094 enirn
679 4029 766 4117 quod
790 4027 833 4094 ad
854 4029 960 4116 ipsum
976 4027 1094 4094 Sermum
1109 4051 1219 4114 regem
1242 4029 1356 4093 attinet
1375 4049 1442 4093 me·

107 4125 188 4196 liora
216 4128 310 4195 nobis
338 4129 527 4217 pollicemur
555 4133 676 4216 omnia,
710 4139 776 4198 lton
803 4153 876 4197 raro
904 4141 1012 4198 tamen
1041 4131 1078 4197 fit
1104 4141 1141 4196 ut
1170 4153 1280 4196 eorum
1304 4153 1442 4218 qnorum

111 4233 343 4298 consuetudine
364 4235 527 4322 principes
549 4243 691 4315 utuntur,
721 4235 761 4300 de
783 4242 873 4300 recta
895 4236 951 4300 via
975 4255 1205 4320 nonnunquam
1228 4232 1440 4300 deducantur.

109 4355 166 4400 nos
188 4357 267 4400 voro
296 4345 383 4402 certo
413 4335 508 4402 nobis
536 4337 787 4424 persuademus,
820 4347 856 4402 ut
883 4338 917 4401 in
939 4347 1114 4423 conspectu
1135 4335 1176 4402 V.
1199 4346 1353 4424 paternae
1376 4338 1440 4402 Ml·

111 4437 297 4504 cathedram
320 4447 433 4506 contra
455 4439 643 4506 cathedram
666 4442 875 4507 constitueret
896 4447 928 4506 et
950 4441 1082 4527 impium
1105 4439 1193 4505 illum
1216 4437 1332 4524 aleret,
1363 4463 1438 4506 nun·

112 4562 208 4626 quam
224 4540 326 4607 gepa
348 4541 434 4608 illius
457 4545 700 4614 commissuram
723 4544 831 4628 fuisse,
854 4544 916 4610 nisi
931 4545 1042 4629 pravis
1058 4544 1259 4630 quorundam
1281 4543 1442 4632 persuasi

113 4645 225 4711 onibus
248 4645 431 4713 adductam.
455 4647 573 4735 quibus
588 4670 630 4714 ne
644 4669 731 4714 nunc
746 4669 873 4735 quoque
894 4645 956 4713 loci
973 4645 1027 4712 det
1042 4646 1175 4733 aliquid,
1198 4670 1272 4713 cum
1288 4671 1307 4712 a
1321 4646 1378 4711 M¹⁸
1389 4646 1442 4727 V,

114 4746 200 4833 quod
221 4747 314 4816 brevi
336 4749 480 4816 futurum
502 4751 695 4837 accepimus,
719 4749 879 4816 disiuncta
899 4749 1005 4833 luerit,
1029 4751 1125 4815 etiam
1148 4759 1245 4838 atque
1268 4753 1366 4816 etiam
1388 4772 1442 4816 ve·

115 4847 279 4916 hementer
299 4854 480 4920 metuimus.
504 4875 544 4920 ao
566 4875 630 4941 quo
652 4853 754 4920 maior
775 4875 835 4918 nos
858 4853 948 4938 angit
970 4850 1140 4919 solicitudo
1164 4853 1204 4920 de
1228 4853 1331 4920 salute
1354 4851 1443 4918 Sera·

115 4949 196 5018 illius
219 4965 251 5019 et
273 4978 312 5022 ea
334 4956 465 5045 quidem
487 4958 682 5045 sempiterna
704 4955 823 5041 salute,
858 4955 919 5022 hoc
941 4956 1046 5022 minus
1068 4965 1177 5024 tenere
1198 4979 1258 5025 nos
1279 4957 1442 5044 potuimus

117 5058 191 5144 quin
212 5057 301 5126 hisce
323 5059 423 5126 literis
443 5061 562 5128 nostrie
583 5058 785 5128 hortaremur
806 5082 971 5127 oraremus
993 5069 1026 5127 et
1048 5061 1291 5128 obsecraremus
1306 5059 1384 5127 hl‘em
1400 5055 1441 5128 V.
