3498 5818
1349 486 1417 552 m

140 671 186 724 Ale
203 671 319 738 Bailnge
338 671 421 738 copie
440 669 487 722 des
505 685 558 722 von
575 669 678 724 Panav.
701 671 727 733 2,
745 671 797 722 260
821 670 972 724 emtbnten
995 671 1096 726 Brerss
1119 687 1181 724 rom
1204 673 1237 724 14
1254 672 1330 734 dan.)
1354 689 1410 729 vor.

141 757 308 810 Verbandelt
324 757 414 808 wurde
432 758 499 808 iiber
517 757 560 806 die
579 757 635 807 drei
654 755 737 807 schou
755 772 798 807 arn
816 760 849 808 27
862 757 965 808 Jannar
979 757 1184 826 eingebrachtsn
1198 759 1409 824 Propositionen.

139 841 189 894 Die
206 849 278 894 erate
298 843 398 893 welche
416 842 467 892 den
479 841 564 892 Iudex
582 842 676 905 betrai,
695 842 785 892 warde
794 842 862 908 jetzt
874 859 904 894 so
918 844 1030 910 gelasst:
1050 843 1083 893 de
1095 842 1169 894 libris
1182 844 1308 910 quicquid
1320 851 1410 908 autem

138 931 172 981 ab
189 931 223 979 iis
240 929 323 979 merit
340 927 485 978 iudicatum
503 929 548 992 qni
565 927 601 978 ad
619 927 689 978 banc
707 927 915 993 disquisitionem
934 927 1091 996 deligantur,
1118 934 1145 979 et
1162 943 1179 980 a
1201 929 1315 981 concido
1337 947 1407 982 com·

140 1017 291 1084 probatum,
308 1015 339 1066 id
354 1029 408 1066 non
420 1018 482 1066 ants
494 1029 574 1079 quam
585 1015 635 1064 sub
648 1013 755 1064 concilii
766 1015 850 1080 ipsius
862 1013 942 1066 finem
954 1013 1173 1082 promulgandum
1185 1015 1290 1066 diniarr.
1310 1016 1411 1068 I'ernsr

138 1103 277 1154 berichten
297 1102 341 1152 die
359 1101 501 1152 Oratoreu:
524 1116 574 1151 nos
590 1097 696 1166 quidem
715 1117 819 1152 omnem
838 1118 869 1152 eo
888 1101 1047 1154 contulimus
1065 1117 1173 1168 operam
1190 1107 1219 1157 et
1235 1103 1353 1156 amorum
1369 1109 1407 1168 ut,

138 1191 159 1240 si
177 1188 235 1238 ficri
253 1192 354 1254 posset,
372 1187 501 1238 terminus
516 1186 566 1236 ista
584 1187 708 1238 sessionis
727 1183 896 1252 [emissan
916 1203 969 1240 war
987 1187 1029 1238 dia
1047 1187 1157 1257 nicbsto
1170 1187 1281 1258 sinung
1297 1190 1347 1241 nus
1356 1189 1408 1241 den

137 1278 169 1326 26
187 1275 269 1327 Febr.
292 1273 456 1339 anberaumt]
474 1274 502 1324 in
515 1271 620 1340 longius
632 1272 740 1340 aliquod
753 1279 856 1340 tempus
869 1274 1026 1338 differretur,
1044 1275 1092 1325 sed
1104 1275 1169 1326 nihil
1182 1278 1288 1327 omnino
1302 1275 1407 1328 efficere

136 1363 286 1426 potnimua3
320 1351 373 1410 noir
392 1361 460 1409 enim
477 1359 534 1409 aina
552 1374 648 1425 magno
666 1357 793 1410 scandalo
811 1361 882 1411 istud
906 1361 1022 1412 edictum
1044 1363 1138 1412 mutari
1158 1378 1240 1428 posse
1263 1360 1410 1417 videbatur.

136 1463 219 1512 quare
236 1445 292 1498 hoc
309 1445 403 1497 saltem
420 1459 470 1496 noe
488 1451 679 1496 consecuturos
696 1461 839 1511 speramus,
857 1461 892 1496 ne
910 1446 974 1512 quid
985 1448 1013 1496 ln
1026 1461 1058 1497 ea
1069 1449 1188 1498 sessione
1202 1451 1329 1499 tractetur
1339 1447 1410 1514 quod

138 1533 246 1585 condlii
265 1534 492 1584 continuationem
509 1545 574 1597 prae
591 1545 622 1581 se
639 1531 708 1582 icrre
724 1531 867 1595 videatur,
885 1533 933 1584 aad
956 1535 979 1583 si
1003 1547 1071 1599 quae
1091 1537 1166 1584 amnt
1183 1533 1300 1599 agenda,
1324 1549 1356 1584 ea
1373 1534 1413 1584 ad'

136 1619 277 1686 publicum
289 1614 395 1684 aliquod
407 1633 460 1668 non
471 1619 579 1668 maximi
595 1619 722 1670 momenti
740 1619 875 1684 negotium
892 1620 1069 1684 pertinebunt
1086 1613 1139 1671 h'oc
1157 1619 1199 1672 Ill.
1216 1619 1249 1670 D.
1264 1619 1343 1673 osius
1360 1620 1410 1672 sed

137 1705 219 1758 valde
237 1709 341 1758 secrete
358 1705 443 1756 nobis¹
459 1702 625 1770 significavit
651 1727 685 1740 -
707 1703 761 1756 dus
787 1702 833 1755 der
855 1705 973 1756 Anium
996 1705 1044 1756 dea
1060 1705 1169 1757 Κείιοτε
1192 1720 1252 1758 rom
1275 1707 1309 1758 22
1322 1705 1408 1760 ¹Febr.

140 1792 276 1858 (concept
292 1791 321 1840 in
333 1789 385 1840 den
399 1787 580 1854 Ooncilacten)
593 1789 764 1840 tbeiltschon
777 1789 1007 1854 auctorizans
1020 1792 1119 1857 sinigas
1132 1792 1186 1842 mit
1205 1789 1408 1857 Hinnuzur'tigcn

137 1880 173 1928 iat
190 1893 242 1928 nur
259 1876 331 1929 noch
349 1875 411 1926 dass
427 1873 581 1925 I'erdinand
599 1875 647 1925 auf
662 1874 754 1926 Grund
776 1875 824 1927 der
844 1875 898 1926 ihm
916 1893 968 1927 von
981 1875 1042 1928 Ulm
1060 1889 1267 1943 zugegangensn
1284 1876 1409 1928 Barichte

137 1965 227 2030 (dnm.
240 1963 286 2014 Nr.
300 1961 447 2027 CXLVIII)
464 1959 520 2011 und
537 1959 586 2012 aur
601 1961 694 2013 Grnnd
712 1963 784 2011 siuas
802 1961 863 2012 sehr
879 1961 1039 2014 maserollen
1053 1959 1212 2014 schreibens
1231 1961 1276 2013 des
1288 1959 1409 2030 Herzogs

137 2067 190 2101 von
209 2050 389 2115 wirtemberg
405 2046 574 2109 versicherte,
593 2047 724 2099 decaron
743 2047 829 2098 dieser
846 2047 918 2100 Seite
936 2049 983 2100 der
1000 2047 1115 2100 Frieden
1131 2047 1187 2099 und
1205 2048 1248 2099 die
1266 2048 1409 2100 Rube'dos

139 2135 250 2189 Oeneus
267 2135 342 2188 nicht
359 2133 498 2203 geliibrdet
514 2132 615 2196 aciem,
973 2137 976 2144 '
1065 2159 1067 2164 .
1118 2139 1121 2144 '

684 2573 806 2660 OLll.

306 2811 375 2886 Dic
404 2811 484 2886 drai
513 2809 830 2886 Ooneiloretoren
858 2831 906 2883 an
935 2809 1009 2883 den
1038 2809 1188 2902 Kaisar3

506 2964 639 3028 Trieut,
659 2966 695 3014 17
713 2963 865 3016 Februar
883 2965 974 3017 1562.

374 3169 553 3225 Conciiooten.
579 3164 728 3240 Orioiaal;
748 3169 779 3224 in
801 3173 893 3239 ierom
914 3170 957 3224 26
978 3167 1115 3223 Februor.

171 3351 253 3418 Cum
271 3401 278 3414 .
295 3399 327 3414 ..
356 3353 476 3438 passim
507 3356 711 3438 spargeretur
737 3347 801 3412 hoc
829 3343 999 3411 concilium
1029 3343 1121 3410 brevi
1150 3343 1338 3410 conclusum
1367 3346 1407 3409 iri

77 3465 206 3543 propter
239 3451 506 3533 accelerationem
540 3449 703 3540 quandam
730 3449 828 3516 valde
856 3449 1129 3536 intempestivam,
1165 3449 1408 3520 communicatis

79 3561 158 3624 iuter
186 3580 247 3624 nos
276 3556 416 3623 consiliis
438 3559 649 3643 inspectaque
672 3553 706 3618 S.
727 3553 789 3618 Me.
811 3553 849 3617 V.
872 3553 1092 3633 instructione,
1114 3551 1222 3616 visum
1243 3558 1293 3616 est
1313 3549 1407 3616 nobis

75 3660 153 3726 illm·
175 3661 219 3725 D.
249 3659 374 3746 legatos
396 3660 467 3724 eius
496 3661 542 3724 rei
564 3655 788 3722 admonendos
810 3677 890 3738 esse,
914 3677 954 3720 ac
976 3661 1146 3740 praeterea
1168 3654 1245 3739 quia
1269 3652 1309 3718 ds
1332 3675 1406 3718 con-

78 3763 262 3828 demnandis
284 3762 374 3827 libris
395 3760 564 3827 baereticIs
588 3759 776 3826 deliberatio
799 3768 869 3823 erat
894 3759 1039 3821 instituta
1058 3765 1343 3842 memeremnsque
1365 3780 1407 3822 ne

78 3869 179 3931 statim
201 3863 243 3931 ab
267 3864 355 3930 initio
372 3863 564 3952 Augustana
591 3883 720 3952 quoquc
736 3861 894 3928 confessio
910 3859 1126 3944 damnaretur,
1150 3857 1407 3924 existimavimus

77 3993 228 4058 perquam
252 3969 470 4034 necessarium
493 3967 570 4052 fore,
595 3967 622 4030 si
639 3975 744 4032 certos
760 3963 912 4030 articulos
928 3959 1205 4032 conscriberemus
1227 3958 1407 4048 (nunquam

77 4083 180 4138 tamen
201 4096 222 4138 a
242 4070 381 4138 formida
402 4071 521 4157 agendi
541 4070 634 4136 nobis
657 4070 858 4155 praescripta
879 4064 1075 4148 recedendo)
1097 4087 1219 4151 eosque
1233 4063 1276 4130 D.
1292 4063 1407 4151 legatis

79 4176 309 4241 exhiberemus.
332 4197 429 4261 quam
452 4173 585 4262 quidem
608 4171 873 4237 deliberationem
896 4171 937 4236 13
958 4169 1011 4235 die
1033 4169 1127 4233 huius
1142 4169 1261 4234 mensio
1277 4171 1407 4234 executi

81 4301 193 4361 snmus,
216 4278 291 4342 dum
312 4280 345 4341 in
360 4275 493 4342 aedibus
509 4274 576 4339 Ill⁸l
588 4275 623 4341 Ο.
635 4273 808 4340 Mantuani
831 4295 941 4338 omnes
963 4273 1061 4359 legati
1085 4269 1273 4358 congregati
1289 4281 1406 4351 essent

81 4385 132 4469 qui
159 4379 300 4469 perlecto
329 4381 448 4468 scripto
476 4389 586 4445 nostro
609 4387 736 4466 tempus
759 4377 799 4443 ad
825 4375 1068 4443 deliberandum
1092 4384 1124 4440 et
1146 4373 1406 4462 respondendum

83 4485 140 4550 sibi
162 4485 229 4552 dari
258 4487 442 4572 petiverunt
471 4493 569 4570 atque
598 4484 630 4548 in
659 4481 850 4548 hodiernum
884 4504 987 4567 usque
1022 4477 1107 4545 diem
1142 4477 1407 4546 deliberationem

87 4589 187 4673 ipsam
208 4598 242 4654 et
262 4609 452 4674 responsum
474 4595 717 4674 protraxerunt
735 4583 832 4652 hodie
854 4607 932 4652 vero
959 4583 1040 4650 hora
1065 4604 1152 4650 nona
1179 4580 1273 4648 nobis
1300 4581 1345 4648 ad
1372 4603 1406 4647 se

83 4694 200 4757 sumtis
221 4713 412 4778 responsum
443 4711 537 4756 auum
563 4689 616 4754 vel
644 4697 740 4776 prout
770 4687 919 4754 audimus
942 4709 985 4754 cx
1007 4685 1098 4752 Urbe
1130 4686 1239 4772 potius
1272 4683 1405 4750 allatum

82 4794 169 4858 nobis
190 4799 223 4860 in
246 4796 372 4881 scriptis
395 4793 561 4877 dederunt,
586 4815 650 4880 quo
674 4790 805 4880 quidem
827 4811 982 4879 responso
1005 4787 1149 4855 articulis
1171 4806 1230 4876 per
1251 4791 1311 4872 nos
1333 4810 1405 4878 pro-

83 4899 187 4982 positis
209 4897 407 4962 satisfactum
430 4920 501 4964 esse
524 4896 669 4962 arbitrati
692 4893 964 4991 dominationibus
987 4896 1053 4960 suis
1075 4885 1154 4982 nrt·
1180 4915 1239 4984 pro
1262 4887 1324 4981 hac
1346 4890 1405 4957 hu·

84 5003 226 5068 inanitate
248 5001 370 5090 gratias
393 5001 540 5088 egimus.
557 5049 589 5066 ..
612 4998 690 5066 illud
711 5021 789 5066 vero
811 4999 943 5068 unicum
965 4985 1058 5064 nobis
1071 4985 1243 5064 'ederetur
1256 5017 1404 5062 necessa-
