3532 5832
947 730 1064 815 XIV.
1137 719 1141 730 ⁵

579 942 709 1018 Altera
738 946 941 1022 cardinalis
967 948 1177 1050 Augustani
1205 954 1420 1048 confestim

841 1102 1033 1156 November
1051 1107 1143 1158 1⁶59.

487 1277 624 1335 Romana.
644 1275 833 1356 Gleichaeitr'qc
847 1283 997 1354 Ahcchre'ft,
1019 1285 1134 1360 Bellopc
1148 1287 1221 1344 einer
1235 1289 1372 1361 Depeocltc
1389 1291 1512 1348 Thumna.

537 1459 758 1527 illustrissimo
781 1465 891 1550 signer
911 1465 986 1528 mio.

439 1597 613 1685 Ringrazio
635 1597 676 1664 V.
700 1598 732 1664 S.
756 1599 830 1664 Ille·
853 1599 912 1666 che
937 1626 998 1667 con
1013 1613 1103 1668 tanta
1118 1604 1362 1672 amorevolezza
1383 1606 1413 1672 le
1437 1609 1484 1672 sia
1505 1611 1673 1696 piacciuto

332 1703 504 1767 avertirme
527 1701 612 1768 della
634 1725 767 1787 accusa,
798 1702 1137 1772 ch'innocentamente
1159 1710 1202 1772 mi
1225 1711 1298 1774 vien
1322 1709 1399 1775 data
1421 1735 1518 1798 sopra
1539 1712 1571 1777 la
1593 1737 1671 1780 nar-

335 1807 475 1891 ratione,
513 1805 595 1871 ch'a
618 1808 722 1893 questi
745 1808 850 1894 giorni
872 1811 995 1894 passati
1017 1811 1148 1875 mandai
1171 1812 1255 1876 fuori
1276 1837 1335 1900 per
1357 1817 1480 1880 scarico
1503 1818 1567 1880 mio
1590 1866 1598 1882 .
1624 1866 1632 1880 .
1661 1867 1670 1882 .

329 1909 433 1997 peril
456 1909 531 1999 quel
556 1905 690 1998 [scritto]
698 1961 707 1994 ,
746 1933 836 1976 come
859 1912 1006 1996 intendo,
1043 1937 1108 1979 non
1132 1937 1167 1980 so
1190 1913 1241 1978 chi
1263 1918 1307 1980 mi
1330 1918 1425 1982 vuolc
1447 1917 1497 1984 far
1519 1930 1669 2008 sospetto

328 2015 513 2098 d'heresia,
542 2038 601 2102 per
624 2013 729 2101 quelle
757 2014 869 2101 parole
899 2015 947 2080 ch’
960 2018 991 2081 io
1016 2015 1103 2102 dico,
1134 2017 1192 2082 che
1216 2019 1284 2084 s'el
1315 2021 1450 2086 concilio
1480 2033 1513 2087 et
1532 2023 1555 2086 il
1577 2047 1670 2110 papa

330 2119 519 2185 concedessi
535 2117 599 2184 alla
615 2117 792 2184 Germania
813 2119 846 2184 la
869 2122 1092 2186 communione
1115 2122 1175 2188 sub
1191 2135 1329 2210 utraque
1352 2136 1384 2189 et
1404 2123 1427 2188 il
1450 2127 1600 2210 coniugio
1617 2119 1667 2192 de'

329 2224 506 2304 secerdoti,
539 2224 584 2287 mi
613 2225 802 2288 causeriano
839 2222 871 2286 di
893 2223 1027 2288 ridurmi
1049 2226 1082 2290 in
1105 2223 1328 2292 Gierusaleme
1357 2250 1375 2292 o
1398 2229 1431 2291 in
1453 2225 1667 2295 Bethleheme

327 2349 474 2414 pernen
495 2325 615 2392 vedere
637 2325 702 2391 tale
723 2325 883 2413 indignita
905 2325 992 2391 nella
1015 2337 1108 2400 santa
1130 2329 1240 2394 chiesa
1261 2329 1417 2396 Romana.
1452 2344 1484 2396 ct
1506 2355 1666 2419 appresso

328 2431 369 2496 m’
386 2432 571 2518 imputano,
592 2429 712 2516 perche
734 2431 779 2494 mi
802 2429 997 2496 scandelizai
1020 2431 1053 2496 di
1076 2431 1184 2520 quello
1207 2436 1491 2522 raggionamento,
1526 2437 1666 2502 essendo

329 2533 389 2600 ohe
410 2558 477 2600 non
498 2557 578 2600 sono
601 2535 784 2600 constituito
808 2544 932 2620 otpero
948 2558 1013 2600 non
1035 2535 1119 2603 devo
1141 2537 1192 2602 far
1213 2539 1258 2603 tal
1280 2539 1440 2624 giudicio,
1462 2563 1504 2604 ne
1526 2539 1577 2606 col
1599 2541 1665 2606 mio

331 2638 485 2705 scandalo
509 2637 732 2704 scandalizare
754 2636 827 2702 altri
850 2637 923 2702 fuor
945 2637 978 2702 di
1000 2641 1175 2726 proposito.

433 2744 589 2810 ...etsi
612 2742 683 2832 quis
712 2741 800 2806 dicat
821 2740 928 2806 ch'un
954 2764 1042 2830 papa
1070 2755 1103 2808 et
1130 2745 1333 2810 un'concilio
1362 2768 1405 2810 ex
1426 2747 1663 2832 urgentissimis

330 2848 435 2914 caueis
457 2849 560 2936 possit
581 2847 644 2912 ista
670 2845 870 2932 permittere,
901 2845 1019 2910 similes
1042 2869 1160 2912 causas
1188 2871 1254 2914 non
1282 2848 1377 2915 video
1400 2873 1495 2936 posse
1519 2851 1664 2916 conside·

327 2953 393 3022 rari
414 2952 449 3018 in
477 2973 556 3018 casu
576 2951 742 3038 proposito
766 2948 1023 3034 Germanorum,
1047 2953 1102 3038 qui
1125 2961 1172 3016 tot
1194 2951 1274 3018 alias
1297 2953 1448 3020 haereses
1470 2955 1662 3040 profitentur

327 3067 361 3122 et
383 3055 543 3121 obstinate
566 3053 752 3120 defendunt
774 3077 850 3118 nam
871 3053 954 3120 haec
975 3055 1132 3119 tentanda
1154 3066 1203 3120 est
1223 3057 1306 3121 ratio
1328 3056 1490 3124 ineundae
1505 3082 1580 3123 oum
1595 3057 1660 3123 illis

328 3161 537 3227 concordiae:
569 3159 692 3226 scilicet
714 3160 791 3246 quia
814 3159 1031 3232 discesserunt
1054 3181 1073 3223 a
1095 3159 1204 3242 nobis,
1227 3163 1317 3248 prius
1339 3160 1509 3228 humiliter.
1524 3161 1660 3228 redeant

328 3264 371 3330 ad
382 3266 541 3352 gremium
558 3274 688 3330 sanctae
702 3263 814 3330 matris
831 3260 986 3327 ecclesiae
1002 3273 1035 3327 et
1049 3262 1133 3327 illius
1149 3263 1268 3330 iudicio
1285 3287 1319 3330 se
1336 3267 1543 3332 summittant.
1561 3264 1657 3330 dove-

327 3377 380 3436 '1no
405 3367 535 3458 dunque
556 3391 695 3456 pensare
718 3365 782 3432 alla
804 3363 1018 3432 celebratione
1042 3367 1072 3432 d’
1085 3390 1148 3434 uno
1173 3367 1324 3453 concilio,
1352 3381 1389 3434 ut
1417 3393 1472 3436 eos
1501 3369 1556 3457 qui
1578 3369 1659 3434 veri-

327 3475 387 3542 tati
410 3473 634 3540 contradicunt
656 3482 689 3538 et
709 3493 796 3536 nova
818 3491 945 3556 semper
962 3469 1145 3554 moliuntur,
1169 3471 1454 3539 confundamus..
1472 3522 1479 3550 ,

428 3577 503 3644 Non
525 3576 677 3664 adunque
702 3597 801 3639 senaa
822 3595 922 3638 causa
944 3574 988 3636 mi
1012 3573 1223 3658 scandalizai,
1246 3575 1396 3641 havendo
1411 3577 1442 3641 io
1457 3575 1545 3640 bona
1561 3597 1659 3640 eausa

327 3679 361 3744 di
383 3681 547 3768 sospicare
571 3678 631 3745 che
653 3680 680 3743 si
702 3679 849 3764 pensassi
872 3676 915 3740 ad
937 3675 1010 3741 altri
1033 3680 1245 3762 concessioni,
1283 3700 1348 3743 non
1371 3679 1439 3744 solo
1461 3701 1521 3766 per
1542 3677 1565 3741 il
1585 3701 1657 3765 par-

325 3783 465 3850 lamento
490 3782 634 3868 sudetto,
672 3804 726 3846 ma
746 3780 866 3866 perche
889 3777 968 3844 altre
991 3779 1076 3845 volte
1099 3779 1151 3844 nol
1176 3783 1259 3847 1552
1293 3795 1325 3848 ct
1346 3782 1399 3847 nel
1424 3783 1521 3864 1555,
1555 3784 1657 3868 ragio-

325 3889 434 3954 nando
458 3912 519 3955 con
540 3887 564 3952 il
584 3885 734 3953 medcmo
758 3881 922 3950 cardinale
947 3881 979 3946 di
1002 3881 1195 3968 Germania,
1232 3886 1277 3949 mi
1307 3885 1399 3972 parlo
1431 3887 1488 3972 piu
1511 3883 1596 3950 volte
1617 3885 1656 3950 de

325 3989 383 4056 tali
405 3993 477 4058 suoi
498 3993 648 4058 conoetti.
670 4013 725 4056 ma
747 4011 809 4054 con
830 3998 913 4052 tutto
937 3987 987 4051 oio
1009 4009 1074 4050 non
1096 3986 1137 4052 ho
1160 3997 1271 4055 tenuto
1293 3991 1359 4054 mai
1382 3989 1415 4054 S.
1439 3988 1496 4054 Sl*
1517 3989 1581 4054 R¹¹¹¹
1602 4012 1658 4074 per

325 4093 482 4178 heretica,
507 4097 534 4160 si
555 4095 639 4162 bene
661 4117 727 4160 non
749 4094 794 4156 mi
816 4093 864 4156 sia
885 4091 1027 4178 piaoiuto
1050 4111 1115 4155 una
1137 4103 1226 4157 certa
1240 4093 1445 4158 inclinatione
1468 4091 1501 4158 di
1523 4115 1657 4178 pensare

330 4220 351 4262 a
370 4197 429 4264 tali
452 4200 724 4265 concessioni...
1397 4251 1403 4260 .

427 4301 654 4390 Indulgentiae
677 4303 762 4367 enim
778 4309 809 4364 et
824 4297 1048 4364 concessiones
1063 4294 1263 4382 huiusmodi,
1286 4309 1322 4362 ut
1337 4301 1525 4388 experentia
1541 4297 1656 4382 docuit,

327 4405 495 4472 credentes
510 4403 693 4472 incredulos
714 4399 858 4494 [faciunt]
877 4413 909 4468 et
925 4397 980 4488 [in]
998 4401 1171 4466 incredulis
1187 4402 1408 4468 crudelitatem
1420 4404 1561 4490 pariunt.
1577 4425 1655 4467 mor-

326 4507 400 4574 dius
416 4511 636 4576 emotissimas
652 4508 809 4576 ecclesiae
823 4506 1013 4573 traditiones
1035 4507 1238 4589 retineamus,
1261 4529 1326 4572 non
1342 4507 1494 4572 obstinati
1510 4504 1568 4572 sed
1583 4529 1655 4572 con-

326 4621 449 4678 stantes
472 4613 605 4698 erimus3
629 4635 725 4678 versa
747 4622 855 4676 autem
877 4613 950 4676 vice
976 4608 1096 4674 similes
1117 4609 1333 4675 relaxationes
1349 4610 1541 4676 arundinem
1562 4621 1654 4674 vento

331 4717 488 4802 agitatam
509 4739 570 4782 nos
591 4715 744 4781 facerent.
759 4737 827 4802 pax
848 4715 931 4779 inter
946 4735 1039 4800 reges
1053 4715 1118 4777 iam
1141 4713 1227 4777 facta
1249 4723 1281 4778 et
1294 4737 1354 4801 per
1375 4713 1428 4778 dei
1449 4714 1586 4800 gratiam
1607 4712 1654 4778 fir-

329 4821 425 4884 miter
449 4818 591 4885 stabilita
612 4822 646 4884 in
662 4843 753 4906 spem
774 4841 834 4884 nos
851 4819 1062 4883 certissimam
1077 4819 1187 4882 venire
1210 4815 1388 4903 compellit,
1412 4829 1447 4881 ut
1471 4818 1654 4882 auctoritate

329 4923 457 4990 concilii
480 4923 641 5010 generalis
664 4933 697 4989 et
719 4921 841 4990 auxilio
864 4931 1028 4987 tantorum
1050 4943 1164 5006 regum
1191 4929 1369 4986 avocentur
1396 4920 1529 4986 heretici
1552 4920 1593 4986 ab
1608 4943 1654 4986 co·

325 5049 398 5094 rum
420 5029 476 5095 via
497 5027 594 5094 mala.
