3512 5838
89 682 247 749 luntatem
273 683 457 774 intelligere
479 681 727 769 desideraverat,
752 684 846 750 simul
859 686 954 751 etiam
962 685 1116 752 indicavit
1130 683 1224 753 nobis
1235 701 1422 775 responsum

88 787 144 852 ll¹¹⁸
151 788 194 852 V.
203 785 239 854 S.
252 790 350 876 pium
362 799 394 855 et
404 787 588 876 benignum,
598 788 685 876 quod
695 789 758 854 iarn
765 797 973 858 anteanosex
979 789 1080 879 copiis
1088 790 1130 855 ad
1144 813 1202 856 nos
1216 791 1321 856 missis
1334 792 1422 857 intel·
1501 829 1505 836 ·

84 890 286 958 lexeramus.
305 893 423 982 quibus
435 895 588 981 expositis
600 887 727 978 rogavit
737 915 796 959 nos
808 903 843 958 ut
854 893 904 959 Me
923 893 962 960 V.
972 892 1003 959 S.
1017 893 1299 982 perscriberemus,
1314 895 1419 984 ipsum

88 997 149 1060 iam
172 995 233 1062 8¹²⁰
259 996 309 1062 D.
325 997 366 1064 N.
390 997 585 1085 promisisse,
609 1020 644 1064 se
665 998 768 1084 primo
791 1020 919 1086 quoque
934 1008 1079 1087 tempore
1100 998 1144 1066 ad
1165 997 1230 1064 8⁸⁸nn
1248 998 1282 1066 S.
1297 999 1421 1086 profec-

87 1108 194 1164 turum
219 1119 318 1186 ease;
352 1123 394 1166 ne
415 1111 524 1166 tamen
552 1099 702 1188 publicae
734 1101 969 1168 reformationis
996 1105 1166 1190 negocium
1193 1125 1251 1168 suo
1280 1103 1424 1168 discessu

89 1204 340 1288 interturbaret,
363 1227 428 1270 non
450 1205 540 1292 priua
563 1227 660 1293 quam
682 1207 833 1292 proxima
855 1207 957 1273 sessio
973 1206 1153 1274 celebretur
1166 1206 1241 1273 hinc
1256 1205 1423 1272 discedere

87 1309 319 1393 proposuisse,
341 1311 387 1373 ita
409 1317 445 1374 ut
467 1317 541 1373 ante
563 1330 635 1373 eam
651 1331 734 1396 quae
749 1311 930 1397 proximam
946 1310 1158 1398 subsequetur
1172 1311 1346 1376 sessionem
1361 1309 1425 1375 huo

87 1410 194 1478 redire
219 1420 256 1478 et
280 1413 316 1480 in
338 1412 441 1501 ipsius
463 1411 590 1478 concilii
613 1411 675 1478 fine
698 1413 751 1478 hic
773 1413 888 1480 adesse
910 1415 1020 1501 possit
1043 1416 1169 1500 rogavit
1183 1423 1351 1502 praeterea
1365 1435 1424 1479 nos

88 1523 123 1580 ut
143 1516 277 1603 apertis
301 1516 409 1582 verbis
430 1515 482 1581 M..
510 1516 550 1582 V.
574 1514 608 1582 S.
631 1517 894 1603 significaremus,
917 1541 952 1584 se
975 1527 1159 1585 curaturum
1186 1528 1223 1584 ut
1244 1515 1329 1582 Urbs
1357 1515 1423 1582 ani-

88 1641 175 1684 mum
201 1620 280 1686 eius
303 1619 429 1686 rriutare
450 1641 515 1686 non
538 1621 649 1706 possit,
673 1620 910 1709 affirmauitque
934 1643 969 1686 se
983 1621 1063 1687 nihil
1085 1643 1252 1688 asumma
1274 1619 1425 1707 pontifice

88 1724 276 1809 petiturum
298 1723 363 1789 nisi
386 1722 478 1812 quod
494 1721 536 1788 ad
559 1721 750 1789 Gallicanae
773 1722 825 1790 vel
846 1727 954 1811 potius
975 1724 1168 1791 universalis
1191 1724 1345 1790 ecclesiae
1367 1725 1445 1790 uti-⁴

88 1823 219 1893 litatem
245 1829 390 1894 maxime
412 1828 571 1914 pertinere
600 1826 825 1915 maiestatique
853 1827 892 1892 V.
916 1826 948 1893 S.
972 1838 1102 1916 gratum¹
1129 1827 1197 1895 fore
1224 1825 1423 1916 intelligeret.

89 1931 131 1996 ad
156 1941 351 1999 extremum
372 1930 503 1998 tandem
526 1931 693 1998 subiunxit
720 1953 797 1997 suae
828 1933 861 1996 in
890 1929 1012 1998 Urbem
1040 1930 1246 2018 profectionis
1269 1953 1426 2015 summam

89 2057 174 2120 esse,
198 2045 240 2102 ut
265 2035 377 2102 aalide
400 2057 495 2100 usum
516 2034 582 2100 suis
605 2043 638 2101 et
660 2033 846 2100 facultatem
861 2034 1087 2101 nonnullorum
1102 2034 1261 2103 bonorum
1276 2035 1426 2102 ecclesia·

91 2139 256 2205 stioorum
280 2161 321 2204 ex
343 2159 502 2204 consensu
521 2139 589 2203 eius
605 2140 696 2224 regni
709 2136 925 2225 praelatorum
947 2137 1190 2204 alienandornm
1211 2139 1369 2225 impetret,
1392 2149 1428 2204 ut

91 2243 139 2306 sic
163 2252 199 2306 et
223 2263 340 2307 eorum
363 2243 486 2308 animos
509 2241 564 2325 qui
589 2263 623 2307 se
646 2240 687 2306 ab
711 2240 849 2307 ecclesia
871 2249 1062 2328 separarunt
1083 2241 1239 2307 ecclesiae
1255 2241 1427 2308 conciliare

93 2346 201 2431 possit
225 2353 262 2411 et
283 2345 353 2432 regi
376 2366 433 2410 suo
455 2345 599 2430 graviter
628 2365 727 2409 causa
754 2343 952 2432 reipublicae
981 2344 1132 2410 obaerato
1161 2343 1316 2410 auxilinm
1344 2344 1427 2410 ferre

93 2456 207 2534 queat.
235 2447 411 2514 affirmavit
432 2447 529 2514 etiam
550 2447 644 2514 nobis
667 2445 762 2534 quod,
786 2447 814 2512 si
835 2446 1004 2534 legationis
1027 2470 1142 2514 munos
1164 2450 1197 2512 in
1213 2445 1329 2514 Galliis
1344 2446 1427 2512 ultro

95 2550 160 2616 sibi
184 2551 335 2618 oblatum
357 2550 469 2630 fuerit,
498 2573 533 2618 se
560 2560 796 2630 recusaturum,
825 2559 862 2614 ut
889 2550 942 2617 vel
970 2552 1030 2616 hac
1051 2552 1175 2617 ratione
1197 2548 1428 2617 malevolorum

97 2652 286 2720 calumniae
308 2666 340 2720 et
361 2653 595 2720 haereticorum
617 2654 784 2737 graviores
806 2654 1020 2741 impetitiones
1044 2654 1186 2741 effugere
1208 2656 1319 2742 possit,
1342 2654 1428 2720 ideo·

97 2779 161 2844 que
190 2761 277 2825 citra
305 2759 441 2824 aliorum
468 2756 686 2847 praelatorum
715 2756 799 2821 illius
826 2760 918 2845 regni
954 2779 1145 2824 consensum
1174 2757 1252 2823 nihil
1279 2759 1427 2846 privatim

98 2861 199 2928 etiam
224 2861 404 2950 apostolica
426 2862 597 2929 autoritate
618 2883 715 2948 agere
739 2857 835 2927 vellet
851 2911 857 2926 .
875 2911 905 2926 ..

206 3071 269 3122 Von
286 3069 338 3122 den
355 3070 412 3122 viar
428 3069 607 3134 Exemplaren
625 3070 672 3121 der
690 3085 733 3124 am
761 3072 795 3122 20
818 3069 1007 3139 eingesandten
1028 3069 1144 3137 Vorlage
1168 3071 1195 3120 in
1218 3069 1270 3120 den
1294 3069 1323 3122 C.
1342 3069 1372 3122 Α.
1397 3071 1431 3120 ist

110 3143 111 3146 ¹
173 3157 224 3208 das
244 3157 304 3208 eine
320 3155 540 3208 uberachriehan:
560 3156 689 3222 originale
708 3156 841 3224 exemplar
858 3155 1028 3208 articulorum
1046 3154 1239 3208 reformationis
1257 3157 1364 3206 missum
1381 3173 1428 3222 per

172 3247 353 3294 oratores...
380 3241 452 3308 quod
470 3243 532 3308 quia
549 3241 599 3294 fuit
617 3242 742 3294 collatum
761 3259 821 3294 cum
839 3243 1003 3294 correctione
1020 3245 1115 3306 postea
1140 3240 1235 3304 allata,
1259 3241 1347 3294 factae
1365 3247 1426 3293 sunt

172 3330 360 3381 annotationes
373 3327 529 3395 marginales
542 3333 568 3380 et
580 3327 769 3380 aubductionea
781 3327 903 3391 lineares,
915 3332 945 3378 ut
957 3341 989 3376 eo
1002 3327 1097 3378 clarius
1110 3326 1264 3392 patefierent
1276 3327 1430 3382 differentia.

172 3415 259 3466 Diese
276 3415 392 3482 Vorlage
409 3413 510 3465 anthlilt
527 3416 560 3464 36
579 3413 693 3480 Capitol.
713 3414 825 3466 Glosairt
841 3414 875 3465 iat
893 3414 931 3466 eia
949 3412 1046 3465 wieder
1063 3429 1116 3464 von
1135 3411 1208 3464 Seld.
1236 3413 1370 3466 zunichst
1386 3415 1432 3465 he-

173 3500 262 3552 merkt
279 3516 315 3564 er,
333 3499 434 3552 welche
452 3498 554 3566 Capitol
574 3497 621 3551 der
639 3504 726 3551 ersten
743 3499 859 3568 Vorlage
876 3499 1054 3566 suegelassen,
1072 3499 1175 3550 welche
1192 3515 1245 3552 neu
1261 3499 1432 3568 hinaugelilgt

174 3587 245 3652 sind,
262 3586 363 3640 welche
380 3587 408 3637 in
426 3585 507 3638 andra
525 3583 653 3654 Ordnung
671 3585 798 3652 gebracht
815 3586 869 3638 und
887 3586 988 3637 welche
1007 3586 1105 3637 hereits
1123 3587 1164 3636 bis
1182 3601 1241 3638 aum
1259 3587 1293 3636 20
1309 3588 1363 3636 von
1380 3585 1433 3637 den

175 3675 298 3740 Legaten
314 3673 362 3726 auf
377 3672 428 3724 den
447 3671 564 3724 Wunsch
589 3671 636 3723 der
653 3671 784 3724 Oratoren
801 3673 963 3740 ahgeitndert
980 3672 1049 3724 sind
1068 3671 1167 3724 Perner
1183 3672 1242 3723 sind
1254 3688 1306 3724 von
1318 3673 1371 3724 ihm
1389 3672 1432 3723 die

178 3757 280 3812 Stellen
298 3760 437 3826 angeneigt
463 3759 504 3810 fiir
521 3759 622 3810 welche
641 3759 711 3811 noch
728 3761 756 3810 in
774 3759 825 3810 den
843 3759 985 3828 folgenden
997 3758 1119 3811 Wochen
1130 3758 1361 3827 Verbeseemngen
1372 3774 1432 3810 vor·

178 3847 340 3914 geachlagen
357 3845 472 3898 werden.
490 3847 536 3898 Da
552 3845 600 3898 dae
618 3852 699 3912 caput
716 3846 909 3898 reformationis
921 3845 1096 3898 saecularium
1108 3861 1161 3896 von
1173 3844 1332 3898 besonderer
1343 3844 1433 3896 Wich·

178 3933 275 4000 n’gkeit
291 3932 394 3998 warde,
417 3931 470 3983 will
494 3932 537 3983 ich
560 3933 719 4000 wanigstens
743 3933 809 3983 [lber
834 3931 919 3984 dieses
944 3933 1044 4000 sinigas
1061 3931 1214 3986 hemerhen.
1243 3931 1274 3984 fn
1292 3931 1338 3983 der
1356 3935 1432 3984 amit

180 4019 370 4087 eingesandten
387 4019 502 4086 Vorlage
520 4034 574 4071 war
592 4035 620 4069 es
639 4025 719 4085 caput
737 4020 770 4069 39
788 4017 842 4070 und
859 4019 960 4070 laurete
978 4020 1028 4070 wie
1047 4034 1075 4070 es
1092 4019 1119 4068 in
1136 4017 1265 4070 Bucholm
1283 4019 1308 4083 s,
1323 4020 1372 4070 703
1386 4020 1430 4070 ab·

180 4105 312 4174 gedmokt
329 4107 371 4156 ist.
391 4104 485 4172 Spttter
502 4121 556 4156 war
574 4121 602 4156 es
622 4105 670 4157 das
688 4109 733 4157 36⁸
748 4105 802 4156 und
819 4105 919 4158 laetate
937 4106 986 4156 wie
1005 4121 1034 4155 es
1051 4104 1120 4156 nach
1138 4105 1236 4172 Dupuy
1253 4119 1306 4157 von
1323 4106 1362 4158 Le
1374 4107 1434 4158 Plat

181 4195 206 4256 6,
224 4193 274 4243 220
291 4193 319 4243 in
336 4191 451 4242 hlainem
464 4192 558 4243 Druck
576 4193 734 4260 mitgetheilt
752 4196 794 4247 ist.
811 4191 935 4256 Endlich,
952 4191 1006 4242 und
1024 4207 1093 4242 awar
1110 4193 1150 4243 bia
1168 4208 1228 4242 aum
1247 4192 1278 4243 18
1296 4191 1376 4260 Sept,
1395 4209 1433 4246 er·

181 4278 246 4330 hielt
264 4295 292 4331 es
310 4279 353 4330 die
372 4279 400 4328 in
417 4279 456 4329 Le
474 4277 535 4330 Plat
552 4278 570 4328 l.
589 4294 614 4330 c.
634 4281 703 4331 oben
715 4278 841 4332 stehcnde
858 4279 987 4345 Fasmng,
1005 4277 1053 4328 auf
1070 4277 1111 4328 die
1129 4277 1185 4328 sich
1203 4278 1250 4329 des
1259 4279 1365 4330 Kaisers
1383 4280 1432 4331 130-

182 4365 345 4433 nierlrungen
362 4366 389 4416 in
407 4365 451 4415 Nr.
471 4363 662 4430 cccmus,
681 4382 757 4417 wenn
775 4366 843 4417 anch
862 4365 905 4416 die
921 4363 1093 4431 Eintheilnng
1110 4366 1137 4415 ln
1153 4363 1257 4415 Artilrel
1276 4367 1334 4417 eine
1352 4371 1432 4419 etwas

182 4453 279 4506 andere
296 4453 338 4517 ist,
355 4452 491 4505 heaiehen.
509 4451 568 4519 Vgl.
587 4452 686 4504 Beluae
703 4456 729 4516 3,
747 4455 811 4517 491;
829 4451 971 4502 Mendham
988 4453 1052 4514 591;
1071 4449 1147 4517 Sarpi
1165 4453 1229 4516 ⁷373
1246 4452 1314 4508 Pell.
1331 4453 1431 4506 844.-

183 4540 249 4592 Was
266 4539 336 4592 oben
358 4555 419 4592 vom
442 4537 601 4604 LothrInger
623 4539 754 4590 berichtet
775 4539 854 4602 wird,
879 4537 961 4588 findet
986 4537 1043 4588 sich
1061 4536 1130 4588 auch
1147 4538 1175 4588 in
1191 4537 1258 4590 Pell.
1277 4541 1337 4591 860.
1365 4541 1436 4592 Zwei

184 4627 275 4679 Seiten
292 4641 374 4678 auvor
396 4626 454 4692 ffl'ht
474 4641 524 4677 uns
548 4625 633 4678 dieser
656 4627 698 4676 dia
723 4625 845 4692 wichtige
871 4623 1023 4691 Erhliirung
1046 4623 1107 4674 dass
1123 4622 1176 4674 ihlh
1193 4639 1245 4676 ron
1262 4625 1320 4677 hier
1337 4641 1372 4678 an
1390 4629 1433 4678 ein

184 4711 373 4779 vollstltndiges
390 4713 513 4780 Regiater
530 4711 577 4762 der
593 4712 681 4763 Briefe
701 4713 747 4762 des
764 4712 872 4762 Kaiaers
890 4726 924 4760 an
943 4710 986 4760 die
1005 4708 1219 4761 Conciloratoren
1238 4713 1369 4779 vorliege;
1391 4729 1435 4779 ge-

185 4801 267 4852 meint
283 4800 317 4850 ist
335 4798 417 4849 demit
434 4800 499 4850 aber
515 4797 585 4849 auch
602 4797 646 4849 die
664 4796 879 4864 Comeapondsna
898 4796 944 4847 der
962 4794 1097 4847 Oratoren.
1116 4796 1164 4847 Ich
1180 4797 1267 4848 werde
1286 4798 1366 4850 daher
1382 4815 1435 4850 von

185 4887 300 4949 hieran,
318 4884 498 4937 insoweitich
521 4884 564 4935 die
586 4884 708 4952 Ausahge
733 4886 760 4935 in
782 4885 939 4935 Pallavicini
961 4882 1100 4949 geutigend
1121 4882 1176 4933 und
1200 4883 1341 4949 ungetarbt
1356 4881 1435 4947 finde,

184 4973 254 5025 mich
272 4973 367 5024 lrflraer
383 4971 479 5025 fassam
498 4999 531 5010 -
548 4970 640 5022 Ueher
658 4972 709 5023 den
726 4971 884 5036 Lothringer
901 4969 955 5035 vgl.
974 4969 1043 5019 auch
1061 4966 1120 5021 Bal.
1139 4970 1197 5020 490.
1223 4996 1255 5008 -
1273 4969 1322 5020 Am
1340 4971 1373 5021 20
1390 4970 1434 5020 be·

185 5060 287 5112 richten
305 5059 348 5110 die
365 5058 495 5110 Oratoren
512 5057 582 5110 noch
599 5058 665 5110 thar
683 5059 726 5110 die
743 5055 953 5125 Angelegenheit
970 5055 1017 5106 des
1043 5055 1216 5108 Patriarchen
1240 5070 1293 5108 von
1315 5055 1437 5124 squilaja
