3468 5820
1360 487 1420 552 ill

87 667 165 734 tilex
188 691 256 754 per
276 667 403 757 legatos
425 678 462 736 ιιι
482 669 696 757 personaliter
717 669 760 735 ad
782 669 955 736 concilium
984 673 1103 738 veniat
1138 673 1189 738 111
1215 683 1251 740 ut
1278 684 1421 742 oratores

87 774 233 838 caesaris
258 774 300 838 ad
323 795 487 838 caesarem
508 773 663 855 referant,
693 773 721 836 si
742 795 826 860 quae
847 774 929 840 forte
951 777 1084 841 tractari
1115 778 1315 865 contingeret
1336 803 1421 867 quae

86 873 234 941 libertati
259 875 387 942 concilii
409 898 590 964 repugnare
612 875 716 942 videri
737 888 878 964 possent.

653 1077 857 1088 u—-u—-n

183 1295 284 1362 Haec
307 1307 381 1362 sunt
403 1321 487 1385 quae
509 1300 598 1364 circa
618 1301 810 1364 revisioncm
832 1307 865 1364 et
886 1301 1157 1366 examinationem
1173 1303 1365 1388 scriptorum
1381 1302 1417 1369 Ο.

79 1399 148 1483 Ma,
173 1399 389 1466 articulorum
411 1405 487 1469 item
509 1403 759 1490 Hispanicorum
776 1412 808 1468 et
823 1401 1023 1468 Gallicorum
1046 1402 1173 1469 concilii
1193 1404 1371 1471 'Ibidentini
1387 1415 1420 1471 et

78 1505 231 1569 omnium
253 1503 367 1571 horum
389 1508 473 1570 inter
502 1529 537 1572 se
561 1505 765 1573 collationem
788 1516 820 1572 et
847 1504 1045 1592 singularum
1074 1507 1280 1574 materiarum
1306 1509 1340 1572 in
1367 1508 1417 1574 hia

78 1617 314 1674 contentarum
337 1608 398 1676 sub
425 1620 530 1676 certos
561 1609 672 1676 titulos
701 1619 735 1676 et
759 1611 906 1676 rubricas
936 1611 1164 1696 repositionem
1191 1633 1231 1677 ac
1257 1620 1417 1698 postremo

78 1710 156 1797 quid
180 1713 364 1798 posthaec
386 1714 493 1778 omnia
515 1711 551 1779 O.
577 1713 628 1778 M‘¹
643 1715 677 1779 iu
697 1713 760 1778 hoo
783 1711 918 1779 concilio
941 1712 1102 1798 agendum
1125 1714 1175 1797 sit,
1197 1713 1267 1780 ficri
1289 1724 1321 1780 et
1343 1739 1416 1781 con·

77 1813 198 1878 rultari
225 1813 344 1880 debeat
366 1819 560 1883 curavimus.
586 1840 669 1904 quae
692 1827 800 1882 tamen
823 1814 927 1882 omnia
961 1828 994 1880 et
1022 1840 1106 1904 quae
1137 1820 1416 1906 anteasuper13

75 1917 262 1985 Moronicis
285 1919 428 1986 articulis
452 1921 714 2006 commutavimus,
739 1921 884 1986 similiter
912 1929 944 1985 et
966 1944 1048 2008 quae
1073 1921 1112 1987 de
1135 1921 1291 1988 electione
1311 1924 1415 2007 ponti·

75 2021 147 2086 ficis
173 2033 211 2090 et
237 2025 399 2090 creatione
422 2025 633 2090 cardinalium
657 2027 743 2090 circa
764 2023 844 2090 XIV
866 2023 1036 2090 articulum
1063 2023 1268 2107 contulimus,
1296 2024 1415 2092 iudicio

80 2122 113 2189 S.
143 2127 265 2192 matris
288 2127 484 2213 apostolicae
519 2128 675 2194 ecclesiae
709 2127 896 2192 subiicimus
930 2137 962 2192 et
993 2127 1029 2193 Ο.
1056 2127 1119 2193 Mo·
1147 2125 1189 2192 V.
1216 2126 1415 2215 aliormnque

78 2229 333 2313 prudentiorum
360 2230 480 2296 iudicia
501 2231 635 2298 meliora
663 2230 811 2296 omnibus
839 2229 945 2294 modis
973 2251 1191 2314 reservemus,
1220 2229 1263 2294 ad
1291 2229 1326 2296 0.
1354 2231 1415 2296 Ml·

76 2331 117 2396 V.
143 2333 308 2422 obsequie
329 2335 535 2422 paratissima
557 2333 733 2400 humillime
755 2355 814 2399 uos
838 2333 1017 2399 offerentes.

182 2437 230 2502 Et
253 2460 313 2524 ego
337 2437 506 2504 Comedus
528 2437 656 2504 Brunus
688 2438 801 2505 doctor
835 2445 867 2503 et
899 2439 1073 2503 canonicus
1101 2435 1323 2523 Augustanus,
1358 2438 1413 2526 qui

76 2545 229 2608 omnium
252 2543 447 2630 scriptorum
469 2565 569 2629 supra
590 2543 769 2629 positorum
790 2543 967 2608 revisiones
989 2543 1241 2607 examinationes
1264 2549 1296 2604 ct
1318 2539 1413 2608 colla·

75 2646 187 2712 tiones
220 2649 285 2713 feci
321 2669 361 2713 ac
387 2656 551 2733 postremo
580 2648 676 2711 etiam
705 2667 789 2732 quae
821 2645 973 2732 deinceps
1001 2648 1129 2712 nomine
1152 2644 1187 2714 Ο.
1208 2645 1272 2710 Mc·
1296 2644 1330 2710 in
1351 2641 1414 2712 hoc

77 2749 222 2815 concilio
244 2748 457 2838 proponenda
479 2759 512 2814 et
533 2748 661 2835 agenda
684 2751 755 2831 sint,
778 2751 812 2814 in
833 2749 896 2815 hoc
918 2751 1072 2837 scriptum
1095 2753 1254 2836 congessi,
1279 2757 1412 2837 quaeat

77 2853 176 2918 aR==⁰
201 2853 243 2918 D.
273 2856 424 2941 episcopo
453 2852 650 2940 praesidenti
674 2861 705 2918 ct
728 2855 863 2919 caeteris
885 2851 945 2918 Rl¹¹
967 2853 1113 2940 patribus
1137 2862 1169 2918 et
1183 2853 1226 2918 D.
1251 2853 1412 2940 deputatis

77 2959 362 3044 approbatasunt,
383 2957 466 3022 heec
489 2957 596 3022 omnia
618 2965 651 3022 et
672 2957 700 3021 si
723 2979 807 3044 quee
831 2958 926 3021 etiam
942 2957 975 3020 in
990 2958 1171 3043 praeteritis
1188 2956 1411 3023 communibus

76 3064 203 3128 nostris
227 3060 515 3128 consultationibus
537 3061 743 3126 continentur
765 3082 850 3147 quae
872 3057 913 3124 de
934 3061 1074 3146 propriis
1096 3061 1176 3126 meis
1199 3070 1274 3126 ante
1289 3059 1413 3148 aliquot

76 3174 230 3254 tempora
250 3165 413 3231 meditatis
435 3165 562 3252 scriptis
585 3164 712 3230 adiecta
735 3173 817 3247 sunt,
834 3163 867 3229 S.
883 3163 1003 3229 catha*
1025 3164 1063 3229 lt
1088 3173 1120 3229 et
1141 3163 1337 3252 apostolicae
1360 3186 1408 3230 ec-

78 3269 200 3336 clcsiae
222 3267 343 3334 iudicio
366 3266 518 3332 submitto
541 3276 573 3332 et
595 3265 792 3332 intellectum
821 3289 927 3331 meum
950 3267 983 3332 in
1006 3266 1196 3354 obsequium
1219 3270 1288 3333 eius
1310 3269 1410 3333 omni·

76 3371 139 3437 bus
164 3373 271 3438 modis
292 3373 431 3460 captivo.
456 3369 543 3459 quod
566 3379 674 3434 autem
703 3370 911 3457 singulariter
937 3373 980 3435 ed
1009 3371 1264 3436 communionem
1292 3371 1408 3437 laicam

78 3476 194 3544 calicis
217 3477 364 3565 pertinet,
388 3476 538 3564 quoniam
561 3472 732 3540 articulum
753 3473 839 3539 hunc
862 3475 1003 3540 omnium
1026 3471 1247 3538 difficillimum
1271 3496 1341 3540 csse
1362 3476 1408 3539 in·

80 3579 165 3664 dico,
202 3589 239 3645 ut
260 3580 326 3645 sive
349 3601 389 3644 ea
411 3579 592 3644 communio
618 3576 702 3642 laico
724 3579 927 3664 permittatur
949 3578 1017 3642 sive
1039 3599 1105 3642 non
1127 3579 1338 3662 permittetur,
1361 3588 1408 3642 ut-

78 3685 206 3772 rimque
246 3691 320 3746 sunt
349 3684 493 3747 maxima
524 3680 669 3767 pericula
708 3681 933 3767 expectanda,
976 3682 1101 3744 maiora
1138 3688 1245 3744 eutem
1274 3702 1317 3745 ex
1344 3703 1409 3746 una

77 3799 172 3872 perte
196 3809 292 3872 quem
315 3809 356 3851 ex
379 3785 489 3861 altera,
520 3784 563 3848 ad
585 3807 682 3872 quem
703 3807 771 3848 rem
794 3781 1032 3848 diiudicandam
1053 3805 1104 3848 me
1126 3805 1191 3849 non
1213 3785 1291 3847 satis
1313 3782 1404 3849 intel·

78 3887 232 3976 ligantem
256 3888 313 3954 sed
336 3891 477 3954 omnium
499 3891 628 3953 minime
651 3887 862 3952 sufficientem
885 3909 955 3951 esse
978 3909 1129 3972 agnosco,
1160 3885 1298 3974 ideoque
1321 3889 1407 3953 circe

80 3991 167 4059 hunc
190 4015 323 4080 gravem
351 3989 520 4058 articulum
547 4013 598 4055 me
629 3989 838 4068 consulendo,
870 3989 905 4055 id
932 3999 981 4054 est
1004 3989 1170 4056 suadendo
1198 3989 1251 4054 vel
1283 3988 1406 4054 dissua-

81 4095 189 4162 dendo
211 4096 289 4184 quid
312 4097 379 4182 peti
407 4105 549 4160 autnon
571 4095 653 4182 peti,
684 4094 763 4181 quid
792 4094 930 4180 proponi
953 4102 1095 4159 autnon
1117 4093 1255 4181 proponi
1278 4092 1403 4177 debeat,

80 4201 290 4266 intromittere
312 4219 418 4285 neque
439 4219 571 4284 possum
593 4219 698 4284 neque
721 4196 834 4276 debeo,
848 4206 1001 4282 tantoque
1023 4200 1129 4262 miuus
1152 4219 1235 4284 quae
1257 4207 1352 4262 antea
1374 4206 1406 4262 et

80 4301 236 4368 hactenus
260 4302 439 4367 consultata
462 4309 494 4365 ct
514 4302 680 4387 proposita
702 4309 777 4365 sunt
797 4299 1033 4388 reprehendere
1048 4309 1104 4364 aut
1126 4301 1159 4365 in
1174 4299 1405 4365 dubitationem

80 4429 234 4472 revocare
258 4404 370 4471 debeo.

216 4619 317 4670 Sobald
335 4619 378 4672 die
396 4618 720 4684 Theologeucornmiesion
743 4617 786 4669 dic
810 4620 857 4669 mit
881 4617 927 4668 der
949 4617 1134 4670 Anwesenheit
1156 4618 1279 4668 Moronss
1304 4633 1404 4669 amam·

149 4704 348 4771 menhllngendo
365 4705 458 4756 Arbeit
474 4702 611 4754 rollcndet
627 4703 709 4766 hatte,
733 4703 827 4754 crhielt
844 4705 883 4755 sie
901 4719 943 4754 am
963 4706 994 4754 14
1012 4703 1067 4754 Mai
1084 4719 1146 4754 vom
1163 4703 1257 4755 Kaisar
1275 4703 1405 4770 (concept

148 4794 175 4842 in
194 4790 245 4842 den
263 4791 292 4842 O.
311 4790 354 4857 Δ.)
379 4790 421 4840 die
445 4792 550 4840 weitere
574 4790 757 4855 ausgetregcn,
783 4789 835 4840 alle
858 4789 1008 4855 bisherigen
1030 4787 1252 4858 Verhandlungeu
1275 4789 1323 4840 aus
1343 4789 1403 4841 dem

150 4878 242 4929 Concil
260 4877 315 4928 und
338 4875 408 4928 auch
426 4875 478 4928 alle
501 4875 560 4927 dort
578 4876 718 4941 gestellten
740 4875 856 4941 Antrtge
880 4875 944 4926 oder
967 4873 1154 4942 Forderungcn
1180 4893 1213 4926 au
1236 4876 1403 4944 vergleiolren

147 4963 203 5014 und
221 4981 254 5014 au
271 4963 408 5026 beratheri,
427 4964 460 5013 ob
478 4961 532 5012 und
550 4962 685 5012 inwicforn
704 4961 751 5012 das
768 4961 855 5013 Libell
872 4977 925 5012 von
945 4963 1010 5012 1⁶62
1029 4977 1061 5012 an
1078 4963 1234 5014 torbessem
1251 4964 1297 5013 sci
1321 4963 1402 5014 Dieuc

147 5063 215 5100 neue
234 5046 327 5100 Arbsit
344 5048 432 5099 wurde
451 5051 482 5098 41
501 5048 593 5116 Bngen
610 5047 683 5098 starlr
701 5063 745 5100 am
762 5049 778 5099 ὅ
796 5047 860 5099 Juni
876 5047 1021 5100 vollendst.
1046 5047 1105 5099 Den
1126 5050 1195 5100 oben
1212 5047 1402 5115 mitgotlreilten
