3498 5818
100 684 349 772 interrumpendi
371 683 499 752 concilii
521 707 651 752 caueam
673 708 839 772 quaerere.
861 687 980 773 quibus
1002 686 1095 754 melis
1119 689 1284 776 cupientes
1299 689 1333 754 in
1347 698 1425 755 tem·

100 809 170 872 pore
192 809 368 854 occurrere
390 788 575 854 induximus
598 787 662 854 8¹⁸²
683 789 751 855 eius
773 788 814 856 de
837 812 872 856 re
894 799 961 856 tcta
983 790 1151 857 confestim
1181 790 1323 858 officiose
1353 791 1426 858 edo·

100 889 232 954 cendum
256 912 338 958 esse.
362 891 471 979 itaque
493 892 553 958 tibi
574 891 713 977 benigno
741 913 781 958 ac
808 893 942 959 tirmiter
968 895 1212 977 committimus,
1240 904 1276 960 ut
1297 893 1337 958 Su
1359 896 1428 959 eius

99 989 172 1056 haec
200 996 314 1059 omnia
339 997 467 1060 nomine
495 1005 605 1061 nostro
634 997 737 1081 primo
768 1017 896 1083 quoque
928 1006 1073 1083 tempore
1107 997 1269 1082 significes
1293 1017 1428 1084 eumque

100 1106 284 1161 reverenter
306 1107 340 1163 et
357 1100 453 1164 enixe
469 1121 550 1182 ores,
573 1109 609 1163 ut
623 1099 665 1163 ed
680 1099 937 1187 praecavendam
953 1102 1094 1164 omnium
1111 1109 1252 1164 motuum
1268 1107 1301 1164 et
1314 1097 1429 1164 tumul·

98 1207 180 1262 urum
202 1198 398 1265 bellicorum
421 1224 551 1266 causam
578 1210 610 1266 et
637 1224 697 1288 pro
728 1203 973 1269 conservatione
1003 1201 1105 1266 almae
1136 1202 1226 1288 pecie
1249 1225 1289 1268 ao
1312 1202 1428 1289 quietis

98 1298 168 1365 velit
188 1300 280 1368 hunc
301 1303 493 1370 sententiam
515 1304 556 1369 de
578 1303 733 1370 mittendo
757 1306 800 1372 ad
815 1305 994 1370 custodiam
1010 1303 1136 1370 concilii
1151 1303 1251 1370 milite
1266 1303 1428 1392 deponere

99 1405 341 1492 sumptibusque
374 1430 441 1474 non
472 1409 662 1473 necessariis
692 1431 842 1495 parcere,
877 1431 951 1474 cum
978 1407 1033 1474 8²¹·
1055 1407 1088 1473 S.
1117 1407 1214 1473 facile
1243 1409 1429 1475 coniectore
1460 1483 1467 1496 ,

99 1508 224 1593 sesequi
252 1511 356 1594 possit
384 1519 448 1575 tom
476 1511 628 1597 exiguam
650 1508 787 1576 militum
809 1534 940 1575 manum
962 1508 1042 1574 nihil
1064 1511 1288 1597 profecturum,
1312 1511 1339 1574 si
1361 1510 1426 1576 Au-

97 1619 252 1692 gustanus
275 1611 485 1678 confessionis
509 1613 636 1680 ordines
660 1614 833 1679 contractis
856 1615 923 1678 suis
946 1623 978 1678 et
993 1614 1153 1679 sociorum
1168 1613 1297 1678 auxiliis
1314 1623 1427 1680 contre

98 1731 160 1775 cani
184 1715 308 1778 moturi
330 1724 445 1780 essent
474 1716 523 1781 sin
553 1725 660 1782 autem
683 1717 828 1782 fortassis
851 1715 906 1781 8¹⁸·
930 1715 963 1781 S.
986 1717 1050 1780 iem
1071 1713 1195 1802 sliquos
1218 1717 1329 1804 copias
1352 1740 1426 1782 con·

99 1814 278 1901 scripsisset
300 1825 332 1882 et
346 1817 536 1884 Tridentum
557 1841 671 1885 versus
693 1819 922 1906 expedivisset,
944 1827 980 1883 ut
1002 1817 1057 1883 8²⁸·
1073 1817 1105 1884 S.
1129 1841 1184 1884 ees
1207 1818 1312 1884 subito
1335 1841 1426 1886 revo-

98 1939 168 1982 cere
191 1927 225 1983 et
248 1919 416 1987 dimetters
439 1920 657 2008 dignetur...

229 2109 292 2160 Dsn
309 2110 418 2162 Bericht
435 2111 483 2162 dos
501 2111 655 2163 Gesondten
672 2111 720 2162 sni
736 2111 787 2162 den
803 2112 861 2162 sich
879 2110 926 2162 der
941 2113 1037 2162 Kaisar
1060 2111 1161 2172 bernit,
1186 2111 1256 2163 iinds
1278 2112 1323 2162 ich
1344 2113 1427 2164 nicht.

161 2194 293 2261 Degegen
318 2195 428 2248 hendolt
454 2197 496 2248 dis
522 2196 606 2248 sehon
632 2213 666 2248 au
689 2198 733 2248 Νι.
752 2197 875 2248 cxxxn
898 2197 1056 2263 sngseurte
1074 2197 1198 2248 chiffl-itte
1216 2198 1358 2264 Depeeohe
1377 2197 1424 2248 des

163 2280 195 2330 G.
220 2279 326 2332 Onssno
353 2299 406 2333 von
430 2283 549 2334 solohem
572 2283 656 2334 Pleno
683 2283 729 2334 der
752 2283 839 2333 Curis.
874 2282 1011 2333 Nechdsm
1029 2282 1134 2336 cismo
1163 2281 1263 2334 entur
1288 2282 1336 2333 het
1363 2282 1425 2333 dass

162 2366 194 2416 K
213 2365 319 2432 Philipp
336 2367 411 2418 nicht
428 2367 524 2419 ᾱιιιιιῐ
539 2369 669 2434 eingehen
686 2367 764 2420 welle
782 2367 866 2419 durch
890 2369 967 2420 sinen
985 2369 1066 2434 Krieg
1089 2369 1137 2420 des
1155 2369 1249 2420 concil
1271 2383 1306 2419 eu
1329 2368 1426 2418 hinter·

162 2454 276 2516 treiben,
300 2452 371 2503 srihrt
394 2469 423 2504 er
445 2453 511 2504 forts
540 2469 652 2506 cercsno
670 2454 737 2506 hors
753 2468 807 2504 une
825 2454 894 2504 altre
909 2454 962 2516 vie,
982 2452 1031 2506 else
1050 2469 1065 2504 e
1084 2453 1133 2504 che
1151 2469 1221 2506 veno
1240 2453 1354 2506 dicendo
1373 2453 1423 2504 che

163 2554 214 2590 non
231 2553 348 2604 possono
366 2539 483 2603 credere,
502 2539 552 2590 cho
569 2540 651 2606 quelli
668 2540 780 2605 principi
798 2538 825 2590 di
842 2539 999 2604 Alemsgnis
1016 2539 1067 2594 eho
1084 2555 1137 2590 non
1154 2555 1220 2591 sono
1234 2540 1341 2592 netolici
1350 2540 1426 2590 eiuno

163 2640 211 2689 per
227 2625 342 2676 tolerare
359 2625 410 2676 che
428 2641 459 2676 ss
475 2625 547 2676 iscis
563 2625 584 2676 il
602 2625 715 2676 concilio
734 2624 856 2692 generale
875 2641 906 2675 su
923 2625 942 2674 li
962 2624 1023 2676 cohi
1045 2639 1126 2676 sensa
1148 2625 1189 2676 iar
1213 2639 1295 2691 prove
1318 2625 1345 2676 di
1368 2641 1427 2691 pro·

164 2709 271 2774 hibirlo,
294 2716 322 2760 et
339 2711 436 2776 perche
459 2711 574 2762 habieno
593 2713 735 2762 occasione
753 2709 781 2761 di
798 2710 873 2762 ierne
891 2712 1079 2774 rissutimento,
1097 2709 1185 2762 denno
1202 2727 1272 2762 voce
1289 2710 1317 2760 di
1333 2709 1425 2762 volere

165 2797 292 2847 mandere
308 2813 362 2847 nna
380 2797 490 2863 guardia
507 2798 533 2848 sl
551 2797 665 2848 concilio
689 2795 828 2862 generale,
857 2796 907 2846 che
929 2797 1028 2848 sebsne
1050 2812 1103 2848 non
1125 2795 1151 2846 le
1174 2811 1294 2848 servessc
1316 2798 1368 2846 mei
1392 2795 1427 2846 ed

162 2881 237 2944 altro,
254 2897 316 2932 sere
334 2897 416 2932 cause
434 2882 462 2932 di
478 2887 578 2934 metere
595 2883 623 2932 in
640 2883 785 2947 suspitione
802 2881 822 2932 li
838 2880 957 2945 heretici,
975 2883 1051 2934 aceio
1070 2881 1185 2934 habisno
1196 2882 1315 2948 legitima
1327 2881 1354 2932 di
1368 2881 1424 2932 dire
1517 2923 1524 2938 ,

164 2967 283 3019 chonon
301 2983 431 3034 reingerio,
450 2969 548 3034 perche
566 2981 619 3018 non
637 2969 660 3018 si
677 2968 845 3031 aesicureno,
864 2967 1003 3018 essondovi
1021 2968 1047 3018 le
1063 2968 1130 3023 armi
1149 2967 1191 3018 del
1209 2981 1287 3032 pepe,
1306 2967 1333 3017 di
1347 2973 1426 3032 poter

168 3053 270 3118 periere
287 3053 473 3116 liberamento,
497 3053 702 3119 prosnponcndo
726 3051 777 3104 che
794 3055 857 3120 ogni
880 3070 949 3119 poco
968 3053 996 3104 di
1015 3069 1078 3106 cosa
1095 3055 1135 3104 sie
1153 3055 1273 3106 bestente
1292 3053 1319 3104 di
1337 3070 1426 3119 proro-

163 3139 236 3205 gerlo
255 3156 271 3189 o
290 3139 318 3189 di
334 3139 504 3190 transierirlo.
522 3167 556 3178 -
573 3139 650 3190 Melit
666 3139 706 3190 ele
724 3139 816 3190 solche
833 3138 1076 3204 Hintsrgsdenlren,
1094 3154 1171 3190 wenn
1189 3139 1227 3188 sis
1246 3138 1364 3190 wuklieh
1377 3140 1422 3191 be-

162 3225 275 3276 stcnden
292 3225 388 3289 heheu,
407 3241 495 3278 waren
513 3241 542 3276 es
552 3225 769 3292 Befflrchtungsu
785 3241 830 3276 um
842 3225 885 3276 die
897 3225 1046 3276 Sioherheit
1057 3224 1104 3276 des
1117 3225 1231 3286 Concils,
1251 3224 1350 3276 welche
1363 3225 1423 3276 dem

162 3311 245 3376 Pepst
263 3312 361 3378 obigsn
377 3311 445 3363 Pleu
462 3313 601 3378 eingshen.
636 3313 700 3362 Men
718 3311 832 3362 erslihlte
850 3311 907 3361 sich
925 3311 952 3361 in
968 3311 1035 3361 Rom
1054 3310 1116 3360 dass
1134 3325 1164 3360 es
1180 3311 1208 3360 in
1220 3311 1311 3361 Tricnt
1321 3309 1421 3376 tiglieh

162 3413 195 3448 cu
213 3397 401 3464 Schltgcrsien
427 3397 557 3448 esrischen
583 3397 635 3448 den
657 3397 835 3448 Einvvohnern
862 3397 915 3446 und
943 3395 1003 3446 dem
1026 3395 1142 3447 Gesindo
1168 3395 1217 3446 der
1239 3395 1423 3448 Concilianten

163 3484 276 3534 homme.
311 3483 361 3533 Διιι
378 3486 394 3533 3
412 3482 513 3534 anusr
529 3483 676 3534 beriehtetc
693 3483 763 3534 ᾶιιιιιι
780 3483 864 3534 Areo:
890 3499 975 3532 venne
993 3487 1032 3532 tre
1050 3482 1134 3548 giomi
1152 3495 1216 3532 sono
1234 3494 1289 3530 uns
1306 3480 1422 3531 stoffetto

163 3568 189 3619 di
206 3569 315 3632 umen,
333 3567 439 3635 lsqnslo
456 3569 491 3619 he
507 3574 611 3634 porteto
630 3568 680 3620 che
696 3567 769 3620 nella
785 3569 856 3620 velle
873 3569 900 3618 di
919 3569 1037 3620 Venosts
1055 3566 1090 3618 da
1107 3567 1158 3618 200
1169 3565 1320 3632 vagabundi
1341 3577 1421 3616 erano

163 3669 209 3720 per
225 3655 314 3704 enirm
328 3691 334 3704 .
347 3691 375 3705 ..
395 3670 443 3720 per
459 3655 514 3705 iere
533 3654 647 3720 qualche
664 3656 834 3707 movimsnto.
861 3654 950 3704 alcuni
972 3655 1017 3720 qni
1041 3653 1170 3704 dicerene
1194 3651 1244 3704 che
1267 3652 1335 3702 serie
1353 3651 1422 3701 bens

163 3755 209 3804 per
226 3745 321 3806 questo
339 3745 449 3791 mettere
467 3740 579 3806 qualche
598 3741 710 3808 guardia
726 3741 753 3791 el
770 3741 897 3804 concilio;
915 3739 1073 3790 nondimeno
1093 3738 1119 3788 S.
1137 3737 1178 3788 8¹·
1191 3755 1244 3788 non
1255 3738 1278 3788 si
1291 3753 1306 3788 e
1318 3735 1423 3788 rieeolta

165 3825 205 3874 siu
223 3826 318 3876 sdoeso
338 3825 388 3876 che
406 3841 470 3876 cose
486 3826 576 3893 reglis
596 3827 658 3877 iure.
690 3826 766 3878 Noch
784 3827 920 3892 besorgter
936 3825 1025 3876 wurde
1042 3840 1104 3876 men
1120 3826 1148 3876 in
1159 3825 1234 3886 Rom,
1253 3821 1422 3874 ulsaueitihr·

164 3907 233 3961 liche
251 3909 376 3962 Berichts
393 3927 446 3962 von
463 3911 523 3960 dem
540 3913 576 3962 im
593 3911 695 3963 Jenuer
713 3913 740 3963 in
757 3911 819 3963 Ulrn
836 3910 1015 3977 sbgeheltnen
1033 3911 1171 3978 Krsietege
1190 3909 1313 3961 einlieisn
1328 3908 1422 3975 (Cepis

163 3996 234 4047 eines
253 4011 288 4046 en
305 3996 358 4047 den
374 3997 458 4061 Pepet
475 3997 620 4062 gmandton
638 3997 759 4048 Berichts
777 3997 843 4064 liegt
860 3997 907 4048 der
924 3997 1066 4063 Depssohs
1082 3997 1166 4048 Areos
1189 4013 1250 4048 vom
1268 3998 1303 4047 01
1321 3995 1424 4046 denuar

165 4082 217 4133 bei.
235 4109 270 4120 -
287 4081 347 4150 vgl.
366 4082 435 4134 auch
452 4083 538 4148 Epist.
557 4083 693 4149 Pogienso
710 4085 735 4146 0,
753 4084 808 4147 00).
830 4083 884 4134 Aue
901 4082 993 4134 Trient
1010 4082 1143 4134 meldsten
1161 4081 1275 4134 dcrttbcr
1292 4081 1336 4132 die
1354 4081 1422 4132 Con-

163 4167 320 4218 eilorstoren
336 4172 415 4218 enter
432 4168 493 4219 dem
511 4169 543 4218 10
560 4169 680 4220 Februsr
696 4183 731 4220 ιιιι
749 4169 800 4220 den
817 4169 924 4220 Keissr:
942 4169 986 4219 hic
1004 4169 1111 4218 incertis
1128 4167 1282 4220 auctoribus
1304 4166 1422 4220 disserni-

165 4258 256 4304 nstmn
274 4257 315 4304 est
336 4253 370 4304 de
394 4259 526 4305 conventu
543 4253 674 4318 lllmensi,
698 4254 770 4322 qnod
791 4254 912 4305 nimirum
937 4253 990 4304 dux
1008 4253 1241 4320 wirtembergicus
1259 4253 1425 4319 proposuerit

163 4341 383 4405 conspirationem
411 4355 470 4392 esso
497 4340 595 4391 scoteni
618 4341 686 4391 inter
708 4355 837 4392 summum
858 4338 1011 4405 ponuueem
1035 4343 1062 4390 et
1082 4353 1173 4405 regem
1190 4339 1377 4405 Hispaniarum
1396 4343 1423 4390 et

162 4423 278 4476 Venetos
296 4439 328 4476 so
346 4424 413 4476 slioe
430 4441 499 4491 quae
517 4441 550 4477 eo
568 4430 684 4491 spectet,
700 4429 731 4476 ut
748 4424 874 4493 quicquid
890 4426 918 4476 in
936 4423 1050 4476 concilio
1070 4427 1163 4476 contra
1181 4424 1328 4476 Germanos
1344 4425 1423 4475 tuerit

163 4510 311 4574 decretum,
336 4510 366 4562 ld
382 4511 434 4576 ipsi
449 4511 519 4564 ferro
538 4515 714 4577 exequentem
741 4525 823 4576 querc
840 4509 986 4562 Germanos
1004 4509 1082 4563 etism
1101 4511 1219 4574 cogitare
1237 4510 1335 4564 debers
1358 4497 1422 4576 quo·

163 4596 242 4649 modo
260 4611 319 4648 sese
337 4601 430 4648 contre
446 4599 523 4648 istem
542 4599 595 4648 vim
612 4597 682 4650 tussi
698 4597 812 4662 possint:
831 4597 876 4662 qui
898 4595 1004 4662 quidem
1028 4611 1116 4648 rumor
1135 4596 1165 4648 D.
1190 4596 1292 4663 legatos
1311 4601 1339 4646 et
1355 4595 1422 4648 ulios

162 4687 250 4747 patros
265 4681 436 4734 vehementer
446 4684 609 4748 perturbavit
620 4688 655 4746 et,
669 4687 700 4734 ut
710 4687 772 4734 sunt
784 4681 864 4749 aliqui
873 4682 1032 4746 meticulosi,
1048 4682 1076 4732 in
1087 4696 1209 4747 magnam
1220 4679 1422 4746 trepidationem

163 4768 284 4819 coniecit
306 4769 362 4820 Der
371 4769 467 4820 Keiser
484 4769 666 4820 wurdsnicht
682 4769 761 4820 mitde
780 4769 823 4820 die
834 4769 1006 4836 Bescrgnisee
1024 4768 1071 4820 der
1089 4769 1166 4820 einen
1184 4766 1239 4818 und
1256 4766 1304 4818 der
1321 4767 1420 4818 andern

162 4851 249 4904 Pertei
266 4853 298 4919 (s.
315 4853 361 4904 ur.
380 4853 501 4906 CXXXV
516 4855 572 4906 und
589 4855 723 4906 CXXXIX
741 4851 831 4906 Noten
848 4854 903 4906 und
921 4855 969 4906 des
988 4854 1132 4910 Schredicn
1151 4851 1198 4902 des
1217 4851 1246 4904 (l.
1264 4869 1317 4902 von
1333 4852 1419 4918 Auge·

163 4935 228 5004 burg
243 4955 305 4990 vom
322 4942 357 4990 24
368 4939 430 4992 an.
446 4941 511 4992 tuoe
528 4942 557 4992 ίιι
569 4939 681 4994 Goldast
692 4940 885 4992 Reiohshmdst
898 4941 960 5006 009)
978 4955 1012 4990 zu
1023 4945 1181 5002 cemtrcnen,
1198 4953 1252 4990 von
1262 4938 1417 5002 Rttstungen

164 5023 215 5075 und
242 5025 411 5092 dsrgleichcn
437 5024 599 5078 sbmrethen
624 5026 679 5076 und
700 5027 850 5078 reincrsclts
872 5025 915 5076 tur
938 5024 990 5078 den
1013 5025 1110 5076 Sohuta
1132 5024 1179 5076 dos
1198 5022 1359 5075 Conciliums
1382 5037 1416 5076 ιιιι
