3450 5818
883 723 1121 810 CLXXIV.

617 945 699 1017 Der
728 943 862 1018 Kaisar
887 965 934 1016 aa
962 943 1025 1016 die
1052 939 1388 1029 Oonciloratorem

826 1097 921 1162 prag,
941 1091 978 1146 φὶ
1000 1090 1066 1145 ltl'at
1087 1093 1177 1148 teitu.

836 1260 1016 1314 Coactlartra.
1043 1258 1166 1330 Ooaeept.

881 1371 1004 1428 Aaou
1029 1372 1119 1444 (aspra

437 1555 655 1642 Cognovimus
678 1578 720 1620 ex
735 1555 835 1622 literis
858 1555 973 1620 vestris
996 1574 1078 1642 quas
1101 1551 1143 1617 ad
1169 1553 1207 1618 12
1230 1553 1319 1620 et13
1342 1555 1520 1639 praesentis
1543 1556 1660 1618 mensis

337 1659 379 1724 ad
401 1681 460 1724 nos
489 1659 638 1736 dedistis,
667 1681 750 1745 quse
774 1658 867 1723 isthic
889 1645 982 1723 vobis
1011 1665 1081 1720 orta
1110 1656 1151 1719 sit
1177 1658 1398 1742 quaestio...
1422 1679 1505 1743 quae
1533 1657 1660 1743 quidem

336 1764 483 1850 quaestio
502 1785 559 1828 seu
576 1764 794 1828 conuoversia
816 1769 938 1826 tantam
960 1759 1054 1825 nobis
1073 1757 1183 1824 attulit
1204 1758 1393 1842 molestiam,
1417 1769 1453 1826 ut
1467 1759 1546 1826 nilsil
1571 1759 1661 1825 nobis

336 1865 397 1932 hoc
413 1877 559 1953 tempore
574 1868 607 1932 in
621 1867 757 1952 negocio
773 1867 834 1932 isto
851 1865 934 1930 sacri
950 1861 1076 1929 concilii
1092 1861 1257 1928 molestius
1279 1871 1335 1928 aut
1355 1863 1488 1948 gravius
1510 1863 1658 1930 accides

333 1968 509 2058 potuisset,
533 1993 599 2038 non
621 1968 708 2056 quod
730 1971 791 2056 ipsi
812 1987 1035 2055 propersonae
1056 1973 1167 2033 nostra
1190 1963 1231 2030 de
1254 1966 1493 2033 continuatione
1514 1967 1581 2032 ista
1595 1977 1661 2032 ten·

334 2085 445 2162 topere
468 2058 583 2142 soliciti
606 2073 705 2138 simus
722 2121 729 2136 .
745 2119 777 2136 ..
802 2071 860 2138 sed
881 2070 1039 2141 habemus
1061 2067 1142 2136 eliae
1164 2067 1284 2135 arduas
1307 2083 1427 2155 sasque
1443 2068 1608 2155 legitimas
1627 2081 1658 2135 et

336 2178 436 2244 iustas
454 2175 574 2242 doloris
589 2178 688 2242 nostri
705 2197 821 2242 causas
838 2223 843 2240 .
860 2222 868 2240 .
885 2221 893 2240 .
916 2173 1033 2261 quibus
1055 2173 1204 2237 nimirum
1229 2171 1367 2238 antehae
1383 2171 1661 2254 seductissima,

334 2292 370 2348 ut
398 2303 469 2346 eum
491 2279 551 2346 8¹⁰⁰
584 2279 625 2344 D.
653 2279 691 2344 N.
721 2287 906 2370 reverenter
932 2287 967 2342 et
1000 2275 1142 2344 officiose
1173 2291 1342 2360 egeremus
1371 2275 1411 2342 de
1434 2275 1611 2342 indicendo
1631 2287 1663 2342 et

333 2382 528 2450 celebrando
544 2406 628 2448 novo
645 2381 790 2466 concilio,
816 2382 936 2447 omissa
957 2381 1073 2466 prioris
1090 2379 1328 2446 continuatione
1345 2377 1511 2446 catholicis
1524 2379 1661 2466 perinde

336 2510 375 2554 ac
399 2489 437 2551 iis
461 2488 515 2574 qui
538 2509 558 2551 a
579 2485 735 2572 religione
761 2484 921 2551 catholica
943 2483 1161 2549 discesserunt
1189 2505 1299 2548 exosa.
1331 2504 1386 2546 eas
1416 2503 1493 2548 sane
1515 2485 1658 2549 rationes

332 2599 460 2657 nostras
478 2603 546 2654 non
565 2590 629 2653 erit
651 2587 709 2654 abs
732 2605 767 2653 re
785 2588 843 2652 ³hie
863 2599 923 2674 pro
946 2587 1170 2653 informatione
1191 2591 1302 2652 'vestm
1322 2593 1523 2651 enumerare.

437 2692 580 2757 Rimata
603 2691 701 2778 igitur
723 2706 796 2756 cum
813 2681 984 2756 concilium
1002 2687 1126 2754 ueneat
1143 2697 1218 2754 'este
1242 2689 1484 2754 oecumenicum
1508 2713 1548 2754 ac
1566 2713 1660 2777 gene·

332 2790 402 2861 rale
416 2846 422 2857 .
437 2843 444 2860 .
459 2847 465 2860 .
482 2815 522 2861 ao
532 2796 688 2860 memoria
699 2803 882 2882 repetamus
894 2795 926 2859 in
939 2795 1086 2880 proximo
1102 2788 1290 2857 Tridentino
1303 2779 1438 2858 concilio
1451 2789 1562 2880 plures
1579 2796 1660 2880 prin-

334 2902 421 2986 cipes
436 2907 621 2986 potentatus
633 2908 667 2984 et
675 2896 812 2986 populos
824 2922 888 2966 uon
901 2899 1119 2996 comparuisse
1132 2947 1140 2960 .
1151 2945 1160 2960 .
1173 2945 1180 2962 .
1197 2919 1237 2974 ao
1248 2896 1489 2982 insuperetiam
1502 2897 1660 2982 quosdam

334 3005 566 3090 protestatione
588 3003 777 3089 interposita
796 3025 871 3069 earn
892 2999 1055 3087 synodum
1078 3021 1139 3085 pro
1153 2997 1289 3066 ennodio
1306 3015 1490 3086 agnoscere
1510 2999 1662 3081 noluisse,

331 3106 392 3174 sed
414 3129 472 3193 pro
486 3117 647 3171 conventu
669 3105 829 3170 duntaxat
846 3103 1035 3192 particulari
1057 3103 1221 3186 habuisse,
1242 3105 1502 3168 existimavimus
1512 3098 1593 3168 illos
1609 3105 1662 3191 qui

324 3219 431 3274 antea
455 3208 635 3274 noluissent
657 3209 792 3292 'adesse
823 3208 918 3296 longe
948 3207 1074 3273 nenias
1099 3204 1270 3273 inductum
1299 3206 1338 3270 iri
1362 3215 1398 3270 ut
1423 3224 1508 3270 nunc
1531 3214 1661 3292 co'mpa-

329 3321 448 3395 rerem,
473 3317 498 3382 si
510 3326 633 3379 'novum
656 3311 827 3379 concilium
841 3312 1038 3377 indiceretur
1053 3307 1346 3398 celebrareturque,
1370 3333 1467 3398 quam
1483 3306 1510 3373 si
1524 3307 1561 3374 id
1572 3309 1662 3397 quod

329 3427 401 3508 ,iam
423 3429 518 3488 antea
537 3427 749 3500 recusassent,
774 3401 1027 3484 continuandum
1043 3417 1268 3501 susciperetur.
1292 3413 1528 3478 arbitrabamur
1555 3424 1663 3478 autern

333 3551 407 3594 eum
433 3524 544 3613 primis
572 3523 669 3588 etiam
691 3519 876 3588 habendam
897 3543 969 3586 esse
989 3519 1186 3606 condignam
1209 3517 1364 3584 rationem
1394 3515 1586 3582 Gallicanae
1610 3539 1662 3580 na·

331 3632 436 3712 tionis
459 3646 500 3692 ne
523 3647 590 3712 qua
610 3625 640 3688 ei
659 3645 758 3688 emsa
779 3633 813 3688 et
827 3635 908 3688 ansa
924 3621 1223 3710 praebereturlroo
1237 3617 1365 3686 sacrare
1381 3616 1553 3684 concilium
1565 3631 1661 3684 v'aver-

328 3735 428 3800 sandi
445 3741 547 3820 atque
563 3727 712 3794 *sunsei
729 3777 736 3792 .
753 3777 780 3791 ..

435 3831 562 3901 Deinde
584 3851 650 3895 non
671 3827 843 3896 videbatur
865 3828 1060 3916 sperandum
1077 3826 1170 3916 ¹qirod
1192 3827 1355 3916 principes
1371 3835 1404 3892 et
1419 3813 1548 3892 ordines
1564 3819 1607 3891 'S.
1623 3826 1659 3890 R.

331 3942 455 4028 imperii
467 3935 699 4004 consessionem
711 3933 935 4022 Augustanam
947 3931 1133 4019 profitentes
1146 3920 1290 3996 adfuturi
1301 3939 1409 3996 essent
1424 3930 1659 3994 continuationi

333 4045 421 4113 illius
432 4037 560 4108 concilii
576 4087 582 4101 .
599 4087 608 4104 .
627 4087 635 4102 .
659 4061 741 4126 quos
757 4040 868 4125 utique
882 4037 986 4104 maior
1000 4058 1075 4122 spes
1089 4044 1161 4102 erat
1175 4033 1217 4101 ad
1232 4056 1351 4100 nevum
1361 4033 1536 4098 concilium
1551 4055 1663 4098 acces-

333 4169 425 4214 suros
448 4167 542 4210 esse.
561 4188 593 4206 ..
615 4157 716 4228 quere
740 4143 766 4206 ri
784 4141 973 4228 »praesentia
985 4139 1113 4204 illorum
1124 4141 1162 4203 in
1176 4140 1317 4204 satarum
1334 4137 1448 4203 saltem
1463 4137 1658 4224 requiratur,

333 4251 395 4315 hae
417 4267 496 4313 sane
518 4247 572 4310 via
590 4245 837 4310 condonationis
857 4258 990 4310 resnou
1006 4241 1226 4330 aggredienda
1235 4244 1310 4326 erit,
1335 4243 1411 4328 qnia
1427 4239 1663 4326 eumalicqmn

332 4355 426 4419 etiarn
451 4353 514 4415 sint
535 4349 606 4436 plus
623 4350 700 4413 satis
712 4347 813 4413 'alieni
829 4365 849 4412 a
864 4345 1000 4413 concilio
1016 4397 1023 4411 .
1042 4396 1049 4410 .
1068 4341 1153 4411 .lro'e
1168 4343 1312 4435 profecto
1328 4340 1423 4410 modo
1439 4341 1536 4430 longe
1553 4343 1659 4427 magis

333 4449 609 4522 abalienabuntur.
633 4475 737 4541 neque
759 4473 837 4518 vero
856 4445 1015 4532 hocloco
1038 4449 1146 4516 obstat
1177 4447 1265 4538 quod
1287 4447 1459 4536 opponitur
1481 4447 1660 4514 adventum

332 4555 566 4626 Germanorum
588 4555 684 4644 plane
707 4557 915 4643 desperatam
935 4577 1016 4624 esse.
1046 4556 1104 4621 etsi
1133 4556 1220 4620 enim
1247 4576 1314 4620 non
1341 4551 1519 4620 audeamus
1549 4573 1658 4638 neque

328 4663 464 4732 velimus
480 4661 639 4728 affirmare
655 4682 710 4726 eos
725 4661 758 4724 in
773 4668 936 4746 posterum
951 4657 1065 4724 saltem
1076 4659 1313 4744 composituros
1334 4679 1414 4740 esse,
1438 4664 1657 4743 posteaquem

329 4777 437 4832 tamen
460 4765 675 4831 intelleximus
691 4773 862 4828 venturum
879 4783 927 4827 a.
991 4762 1151 4826 Franciae
1166 4781 1265 4848 rege.
1285 4811 1290 4823 .
1309 4811 1315 4824 .
1335 4769 1500 4826 oratorem
1517 4767 1548 4824 et
1576 4757 1654 4822 affu-

330 4881 418 4936 turos
434 4867 530 4934 e'tiam
546 4865 653 4954 plures
668 4863 796 4932 Gallina
811 4865 961 4953 prelatos,
976 4867 1014 4930 'in
1030 4877 1101 4931 eam
1114 4865 1306 4930 sententiam
1324 4859 1550 4932 descendimus
1562 4861 1657 4949 *quod

331 4973 370 5038 de
387 4973 622 5038 Germanorum
639 4993 766 5058 quoque
781 4979 847 5035 tarn
868 4968 952 5056 Aug.
973 4962 1045 5036 ΟΜ
1068 4968 1285 5056 profitentium
1308 4990 1405 5056 quam
1428 4958 1660 5032 catholicorum

330 5077 471 5145 adventu
483 5096 548 5142 non
560 5075 601 5139 sit
612 5072 708 5162 plane
722 5073 967 5162 desperandum,
984 5073 1009 5137 si
1024 5071 1154 5161 quidem
1167 5081 1366 5160 compertum
1377 5070 1534 5139 habemus
1547 5091 1659 5158 regem
