3468 5820
347 548 409 612 tta

344 735 387 801 ad
410 735 568 820 dextrum,
593 735 684 802 chr*
706 735 792 822 regis
816 745 942 801 oratore
966 734 1009 801 ad
1031 737 1196 801 sinistrum
1217 734 1303 800 latus
1331 735 1506 823 equitante,
1530 734 1613 822 quod
1628 734 1666 799 de

346 840 507 904 communi
530 839 664 906 consilio
689 849 861 927 antequam
885 839 1112 926 egrederemur
1139 839 1245 904 facere
1274 841 1525 904 institueramus.
1558 838 1665 904 Portu-

344 941 462 1028 galliae
483 945 569 1030 regis
592 954 625 1008 et
647 943 738 1008 ducis
762 942 945 1010 sabaudiae
968 965 1008 1009 ac
1031 941 1122 1008 ducis
1138 942 1325 1008 Florentiae
1340 953 1484 1008 oratores
1500 941 1667 1030 tubaeque

347 1047 471 1111 bantur.
494 1046 649 1112 Poloniae
671 1049 757 1134 regis
782 1057 890 1113 orator
913 1049 976 1111 iam
1001 1057 1076 1112 ante
1099 1045 1249 1112 Genuam
1273 1045 1438 1132 profectus
1461 1043 1602 1110 nondum
1623 1071 1666 1110 re-

344 1171 456 1215 versus
479 1160 537 1216 eat.
560 1151 759 1216 Venetorum
782 1159 927 1216 oratores
949 1161 1083 1238 propter
1098 1149 1270 1214 adversam
1285 1145 1504 1214 valetudinem
1521 1149 1668 1235 progredi

344 1274 407 1318 non
430 1262 613 1339 potuerunt.
647 1263 762 1340 postea
789 1255 887 1317 etiam
916 1263 1052 1340 uterque
1082 1275 1155 1317 eum
1186 1251 1273 1318 domi
1302 1274 1379 1317 suae
1408 1253 1618 1316 convenimus
1640 1263 1669 1318 et

343 1363 486 1420 nostram
510 1377 641 1444 operam
664 1359 709 1436 ei,
733 1366 769 1420 ut
791 1356 857 1420 M¹⁸'
880 1357 920 1421 V.
944 1356 976 1420 S.
1000 1354 1156 1422 mandare
1179 1355 1313 1442 dignata
1336 1365 1395 1439 eat,
1417 1353 1602 1420 obtulimus.
1625 1379 1669 1421 se·

344 1461 454 1548 quenti
478 1460 529 1525 die
552 1463 660 1526 statim
683 1459 725 1524 D.
736 1459 861 1547 legatos
885 1459 995 1540 adivit,
1019 1459 1097 1548 quid
1121 1467 1317 1525 autemeam
1333 1457 1396 1524 illis
1411 1460 1515 1546 egerit
1530 1458 1668 1525 nondum

342 1562 436 1628 nobis
459 1563 673 1650 significavit.
687 1612 714 1628 ..

477 1755 530 1804 Dis
548 1759 617 1806 erate
634 1755 804 1822 Aeusaerung
822 1755 888 1808 iiber
905 1753 957 1806 den
975 1753 1006 1808 0.
1018 1755 1128 1808 Morcus
1146 1751 1228 1806 findet
1245 1753 1303 1808 aicb
1320 1755 1349 1806 iu
1366 1755 1453 1806 ιιὶιιοω
1470 1753 1562 1806 Briele
1576 1753 1623 1806 dea
1639 1753 1666 1806 li

409 1856 462 1892 von
479 1839 662 1892 Ptint'lrirchen
680 1856 715 1892 an
732 1841 765 1892 K.
783 1841 946 1892 limmilian
963 1857 1025 1892 rom
1045 1845 1076 1892 ta
1093 1841 1167 1906 April
1186 1840 1272 1908 (Orig.
1291 1843 1318 1892 in
1336 1840 1387 1892 dan
1405 1841 1436 1892 C.
1453 1841 1511 1906 A.):
1539 1845 1613 1892 tanta
1629 1847 1665 1892 est

412 1928 540 1978 bonorum
559 1927 693 1978 hominum
713 1927 746 1977 de
763 1929 838 1980 istius
856 1927 997 1980 cardinalis
1021 1929 1118 1980 virtute
1137 1910 1164 1980 et
1181 1929 1281 1993 pietate
1299 1927 1467 1992 existimatio,
1485 1933 1516 1978 ut
1533 1929 1627 1978 iterum
1644 1930 1667 1976 in

409 2013 524 2079 aliquam
553 2015 763 2079 expectationem
793 2015 873 2065 animi
901 2015 1011 2064 excitari
1036 2021 1062 2064 st
1089 2013 1230 2065 concilium
1257 2016 1342 2080 ipsum
1365 2012 1475 2064 duorum
1500 2011 1665 2064 cardinalium

408 2105 491 2150 morte
509 2099 593 2150 veluti
611 2101 754 2150 extinctum
766 2114 836 2150 nunc
855 2099 942 2150 denuo
959 2101 986 2150 in
998 2100 1080 2150 vitam
1093 2099 1287 2166 quodammodo
1301 2105 1453 2150 revocatum
1467 2111 1526 2149 esse
1539 2099 1663 2151 videatur.

409 2202 463 2236 non
481 2185 576 2236 desunt
594 2191 682 2236 tamen
700 2187 745 2251 qui
762 2201 855 2252 parum
873 2183 1011 2236 commode
1029 2183 1171 2251 loquantur
1189 2191 1217 2236 st
1233 2183 1365 2236 affirment
1382 2185 1416 2236 ob
1436 2199 1495 2236 mm
1507 2186 1665 2252 potissimum

408 2287 515 2324 canaam
535 2287 596 2324 anm
613 2287 631 2324 a
648 2270 699 2322 ΒΝ
717 2271 751 2322 D.
770 2271 802 2322 N.
821 2270 856 2324 ad
873 2269 905 2322 0.
922 2271 991 2322 um
1003 2307 1009 2320 .
1023 2307 1051 2326 ..
1070 2271 1146 2335 mitti,
1163 2275 1194 2322 ut
1210 2272 1295 2338 ipsam
1312 2271 1346 2322 ab
1364 2271 1464 2336 optima
1475 2270 1666 2336 promovendae

407 2357 600 2410 reformationis
618 2357 756 2410 voluntate
774 2356 897 2412 deducat

476 2444 527 2494 Die
544 2442 719 2495 Antritterads
742 2457 795 2494 von
817 2443 929 2494 Morcus
951 2445 978 2494 in
1001 2444 1041 2494 Le
1058 2443 1119 2494 Plat
1142 2445 1167 2508 6,
1192 2448 1215 2496 1.
1241 2444 1297 2495 Der
1315 2444 1345 2497 0.
1362 2461 1416 2497 von
1433 2443 1595 2510 Lothringen
1613 2460 1664 2494 ver-

373 2585 375 2590 ,
407 2528 479 2580 mied
495 2529 653 2581 absiohtlich
672 2529 720 2580 mit
731 2530 841 2582 Morene
853 2545 902 2580 ror
915 2529 1009 2580 dassen
1021 2530 1132 2581 Abreise
1150 2529 1219 2581 nach
1232 2529 1381 2580 lnnsbmclr
1393 2529 1666 2581 zusammenautreffen

406 2613 461 2666 und
478 2615 571 2666 ltebrte
590 2619 644 2666 erst
661 2631 703 2666 am
720 2617 755 2666 20
772 2614 841 2666 nach
859 2615 950 2666 Trient
968 2615 1075 2666 aurdck.
1100 2615 1190 2667 Uebsr
1206 2616 1297 2666 Lunas
1320 2615 1425 2684 Einaug
1446 2615 1500 2683 vgl,
1524 2615 1576 2666 den
1598 2615 1669 2665 Briel

407 2717 459 2752 von
476 2702 581 2752 Lansac
598 2703 626 2752 in
642 2702 682 2752 Le
704 2701 766 2752 Plat
787 2704 817 2765 t,
840 2703 883 2754 aa.
907 2701 997 2753 Soiort
1020 2701 1223 2754 unterhandelte
1245 2703 1323 2754 Luna
1345 2705 1394 2754 mit
1415 2701 1526 2753 Marone
1544 2703 1609 2753 dber
1625 2702 1665 2750 die

407 2787 514 2838 clanaei
531 2788 740 2854 proponentibus
757 2787 852 2854 legatis
879 2786 956 2854 (Pali.
975 2791 1000 2852 a,
1018 2789 1079 2854 697)
1120 2789 1172 2840 uit
1197 2791 1270 2842 einer
1296 2789 1343 2840 der
1359 2788 1596 2855 aicbatiolgenden
1616 2789 1664 2838 De

405 2874 522 2940 pescheu
540 2874 653 2926 aandten
671 2874 713 2924 die
731 2874 908 2926 kaiserlicben
927 2873 1057 2928 Oratoren
1076 2875 1119 2926 die
1136 2876 1217 2928 ibuen
1235 2875 1323 2928 lrdhsr
1339 2875 1379 2928 ala
1398 2873 1450 2926 den
1461 2873 1562 2926 Vttern
1579 2876 1664 2940 mitge-
1724 2873 1725 2886 ¹

406 2961 517 3012 theilten
540 2961 646 3011 articuli
668 2975 747 3028 super
771 2962 898 3012 abusibus
921 2964 992 3012 circa
1016 2962 1115 3013 ordinis
1138 2969 1332 3014 sacramentum
1358 2961 1409 3028 (Le
1432 2961 1493 3012 Plat
1510 2964 1535 3025 6,
1554 2964 1664 3024 ³2—tt;

406 3047 474 3097 daun
492 3047 634 3098 Mendham
651 3049 711 3099 477.
729 3049 780 3098 50⁷
799 3047 854 3098 und
871 3047 1026 3099 Beccadelli
1044 3051 1068 3108 2,
1087 3049 1128 3100 62.
1148 3049 1192 3114 ti)
1211 3049 1261 3102 ein.
1289 3077 1321 3086 -
1348 3048 1391 3100 Da
1415 3048 1463 3099 dae
1481 3047 1599 3099 Geriioht
1617 3065 1663 3098 von

406 3133 453 3184 des
470 3133 577 3185 Kaisers
595 3135 705 3185 Abreiae
722 3149 775 3184 non
793 3133 942 3185 lnnsbruck
967 3135 1107 3201 allgemein
1129 3136 1274 3186 verbreitet
1296 3135 1402 3185 worden
1424 3150 1479 3185 war
1502 3136 1535 3199 (s.
1553 3134 1592 3185 Le
1610 3133 1663 3184 Plat

406 3223 430 3284 e,
448 3220 501 3286 45),
520 3237 550 3271 ao
569 3225 726 3272 antworteta
749 3235 778 3271 er
801 3220 853 3271 den
877 3221 1009 3272 Oratoren
1026 3222 1110 3273 sosort
1137 3221 1268 3288 (Concept
1290 3223 1316 3272 in
1341 3220 1392 3271 den
1420 3221 1541 3271 Romam
1558 3237 1616 3271 vom
1634 3223 1661 3272 21

405 3307 488 3373 April)
508 3307 569 3358 daea
587 3323 616 3358 er
634 3307 703 3358 auch
720 3307 789 3358 nach
808 3307 855 3358 der
872 3308 1109 3358 Zusammenkunit
1126 3307 1176 3358 mit
1193 3307 1305 3359 Morene
1317 3309 1344 3358 iu
1356 3307 1504 3358 lumbrach
1517 3323 1551 3358 au
1562 3307 1661 3359 bleiben

405 3393 535 3459 gedenlre.
562 3393 689 3460 Zugleich
708 3393 823 3444 erkltrte
841 3408 869 3444 er
892 3393 953 3444 dass
973 3409 1001 3444 cr
1018 3403 1081 3460 guae
1101 3393 1209 3444 Grunde
1221 3394 1291 3446 habe
1304 3393 1347 3446 die
1359 3392 1529 3460 Kalnbirage,
1546 3407 1576 3444 ao
1589 3392 1661 3458 unge

406 3479 453 3531 dan
472 3478 566 3532 Concil
584 3479 690 3543 dauers,
713 3479 787 3528 nicht
804 3477 901 3529 wieder
920 3494 1078 3546 anaursgen.

900 3695 1102 3706 --.--.--—-

895 3943 1146 4030 CCXLVII.

567 4163 647 4240 Der
674 4164 879 4240 Kaisaros
907 4165 1041 4240 seinen
1071 4161 1214 4240 Orator
1241 4160 1276 4238 in
1306 4163 1419 4256 Rom3

757 4319 962 4384 Innsbrnolr,
981 4320 1020 4370 18
1036 4318 1133 4386 April
1152 4320 1243 4370 1668.

855 4499 928 4555 Arce
953 4499 981 4555 O.
1006 4497 1144 4572 aniacl.

436 4677 534 4761 Quod
556 4687 664 4743 autem
688 4675 802 4742 scribis
825 4698 985 4740 summum
1007 4673 1190 4762 pontificem
1214 4672 1335 4740 dixisse
1357 4673 1425 4756 tibi,
1461 4698 1536 4741 cum
1559 4687 1647 4740 tecum

334 4781 518 4870 loqueretur
540 4781 582 4846 de
604 4792 694 4866 parte
718 4779 773 4846 illa
795 4777 950 4867 epistolae
979 4789 1108 4845 nostrae
1137 4801 1203 4867 qua
1225 4777 1449 4865 scripserimus
1480 4779 1647 4844 denomina-

334 4889 437 4952 tiones
461 4885 704 4973 episcopatuum
727 4885 871 4971 potuisse
896 4881 1031 4948 concedi
1053 4880 1270 4968 principibus,
1300 4903 1334 4944 se
1359 4880 1401 4945 ad
1424 4881 1457 4946 id
1480 4879 1645 4948 faciendum

335 5011 406 5055 esse
429 4987 619 5075 dispositum
643 4999 674 5052 et
697 4984 895 5060 inclinatum,
918 4985 1015 5050 modo
1037 5007 1097 5072 per
1118 5006 1177 5051 nos
1200 4993 1400 5072 proponatur
1414 4985 1533 5050 modus
1548 4981 1645 5070 aliquis

334 5114 398 5180 quo
422 5091 477 5156 8¹¹¹
500 5089 585 5155 illius
607 5089 669 5155 hoc
693 5087 871 5154 concedere
892 5091 995 5176 possit
1017 5096 1095 5175 etc,
1118 5109 1178 5154 nos
1199 5088 1346 5176 prolecto
1367 5107 1432 5154 non
1454 5087 1644 5176 intelligimus
