3498 5818
669 831 839 920 CXLII.
962 873 964 879 ·

449 1053 528 1128 Der
557 1049 689 1126 Kaisar
715 1071 763 1124 an
793 1051 856 1130 Dr.
887 1049 1073 1151 Gienpsr3

520 1203 620 1269 Prag,
640 1205 677 1253 la
694 1204 883 1254 December
901 1205 993 1255 sset.

587 1397 770 1455 emam.
797 1393 920 1471 caepa

185 1581 340 1666 Inprimis
363 1587 568 1646 autemeam
601 1577 722 1650 tuens
749 1578 792 1644 sit
821 1599 864 1642 ex
893 1576 956 1644 hoc
984 1579 1116 1646 instanti
1145 1582 1282 1650 concilio
1315 1583 1416 1651 ullum

92 1684 226 1748 fructum
250 1703 391 1768 sperare,
414 1681 476 1746 nisi
498 1678 652 1746 tollantur
674 1701 794 1746 causae
815 1680 884 1746 irae
906 1678 1034 1746 divinae
1057 1681 1270 1752 etmalorum
1296 1686 1416 1774 quibus

93 1785 182 1851 modo
207 1783 413 1850 conflictatur
433 1783 586 1848 universa
601 1781 776 1848 christiana
790 1781 983 1869 respublica,
1007 1794 1145 1868 peccata
1160 1785 1283 1854 scilicet
1295 1799 1415 1873 nostra,

91 1911 144 1974 per
164 1890 348 1974 rigorosam
372 1895 405 1952 et
425 1886 614 1952 canonicam
629 1885 890 1980 reformationem
905 1886 1047 1951 omnium
1063 1895 1204 1954 statuum
1220 1897 1253 1954 et
1267 1891 1417 1958 ordinum

92 1993 120 2055 in
141 1991 318 2056 christiano
340 1989 471 2076 populo,
494 1988 634 2076 ideoque
654 1988 806 2054 videatur
828 1989 917 2076 apud
938 1995 1047 2074 patres
1066 1991 1100 2054 in
1115 1989 1252 2058 concilio
1269 1994 1416 2088 omnibus

93 2095 192 2159 modis
217 2093 461 2175 elaborandum,
484 2099 520 2156 ut
542 2114 582 2157 ea
603 2090 728 2179 absque
752 2090 820 2156 ulla
842 2092 1047 2158 cunctatione
1070 2101 1126 2158 aut
1148 2097 1414 2182 tergiversatione

94 2199 276 2262 instituatur
298 2204 331 2261 et
352 2197 385 2260 in
408 2193 557 2260 effectum
578 2193 786 2281 perducatur,
802 2192 1010 2261 vehementer
1031 2194 1177 2282 profecto
1201 2197 1348 2286 cupimus
1370 2203 1416 2267 in-

93 2299 233 2386 telligere
257 2307 347 2364 tuum
371 2297 411 2364 de
433 2295 580 2384 urgenda
595 2307 627 2362 et
641 2295 836 2364 inculcanda
851 2320 891 2364 ea
904 2297 1068 2382 iudicium,
1092 2323 1133 2366 ne
1149 2309 1216 2368 tam
1230 2303 1320 2390 pium
1335 2325 1416 2392 opus

95 2426 162 2468 cum
185 2411 277 2468 tanto
296 2400 538 2468 nascentem
554 2399 747 2467 detrimento
761 2399 882 2466 diutius
896 2409 1110 2488 postponatur
1123 2426 1229 2490 neque
1244 2429 1263 2472 e
1279 2407 1417 2494 diverso,

97 2508 119 2570 si
139 2506 355 2593 importunius
378 2513 434 2568 aut
454 2525 656 2590 praepopere
679 2511 842 2589 urgeatur,
865 2527 901 2570 re
922 2513 989 2569 tam
1011 2505 1125 2571 odiosa
1149 2530 1248 2595 quam
1271 2510 1420 2595 pontifex

97 2631 164 2673 cum
187 2609 343 2674 universa
363 2607 511 2672 Romana
532 2608 622 2672 curia
644 2614 677 2672 et
699 2605 785 2673 clero
808 2629 874 2674 non
895 2609 1001 2672 minus
1030 2630 1129 2695 quam
1158 2610 1332 2678 caeciderit
1360 2612 1419 2678 ho-

93 2713 209 2778 minum
238 2720 341 2777 status
370 2719 539 2796 tantopere
561 2707 796 2776 exhorrescunt
824 2718 857 2776 et
878 2719 1078 2788 aversantur,
1101 2713 1247 2799 pontifici
1270 2723 1327 2779 sut
1348 2713 1420 2780 aliis

94 2835 168 2880 ansa
192 2823 225 2880 et
247 2813 383 2879 materia
403 2810 599 2899 praebeatur
621 2811 793 2878 concilium
813 2812 867 2880 vel
882 2812 1096 2900 abrumpendi
1110 2815 1163 2882 vel
1178 2838 1311 2903 prorsus
1326 2813 1417 2884 dese·

92 2918 187 3000 rendi,
211 2919 258 2982 ita
279 2926 316 2980 ut
338 2917 441 2980 omnis
463 2914 560 3002 plane
582 2914 675 2981 labor
698 2917 807 2980 irritus
829 2915 995 2982 reddatur.

190 3019 232 3084 In
253 3019 438 3105 praesentia
458 3017 591 3104 quidem
614 3027 821 3086 nostrarum
843 3019 1033 3084 recitaretur
1053 3019 1192 3086 formula
1215 3020 1421 3110 supradictae

94 3122 324 3204 mandationis,
356 3142 477 3207 magna
508 3130 540 3185 et
568 3119 671 3186 ardua
700 3122 845 3208 quaestio
875 3120 988 3186 incidit
1016 3121 1056 3186 de
1084 3132 1229 3209 tempore
1256 3125 1353 3191 modo
1382 3148 1422 3191 ac

95 3227 213 3291 ratione
237 3247 302 3312 qua
325 3223 365 3290 de
386 3222 450 3290 hoc
477 3245 600 3290 summe
627 3225 812 3290 necessario
844 3246 942 3311 opere
971 3223 1209 3291 reformationis
1238 3231 1321 3294 serio
1354 3251 1421 3294 sus·

94 3327 238 3414 cipiendo
261 3329 316 3414 agi
339 3326 481 3394 deberet
504 3348 564 3394 nos
587 3328 673 3394 enim
694 3328 779 3392 inter
800 3325 864 3390 alia
886 3347 969 3412 quae
991 3325 1055 3393 iam
1079 3329 1282 3396 instructioni
1296 3331 1418 3396 inserta

95 3441 163 3496 sunt
197 3429 436 3496 discutiendum
466 3431 707 3516 proposuimus,
742 3451 784 3494 an
812 3451 878 3495 non
906 3429 1085 3495 consultum
1115 3431 1198 3497 foret
1225 3441 1319 3498 extra
1348 3457 1421 3500 con·

95 3533 197 3600 cilium
220 3535 397 3622 separatim
417 3533 524 3598 missis
548 3532 632 3600 ultro
656 3535 801 3618 citroque
829 3535 957 3598 nuncfis
986 3555 1085 3619 agere
1107 3543 1140 3599 et
1162 3539 1334 3604 convenire
1356 3537 1419 3604 hae

96 3633 131 3700 de
153 3658 189 3703 re
212 3657 286 3702 oum
306 3633 405 3702 Ser*
425 3635 660 3723 Hispaniarum
683 3645 715 3702 et
738 3634 866 3702 Galliae
887 3635 1029 3721 regibus,
1054 3638 1165 3704 ascitis
1186 3640 1286 3706 etiam
1301 3640 1344 3706 ad
1359 3640 1423 3708 hoc

95 3741 256 3826 negotium
280 3738 377 3806 serr·
399 3738 531 3826 regibru
552 3737 772 3826 Portugalliae
794 3746 827 3803 et
848 3737 1002 3804 Polouiae
1018 3787 1025 3804 .
1043 3783 1050 3804 .
1070 3785 1078 3804 .
1101 3749 1138 3806 ut
1158 3740 1329 3810 nobiscum
1351 3767 1423 3812 sese

96 3845 323 3928 coniungerent
353 3846 387 3908 in
416 3865 489 3908 eum
519 3842 684 3926 effectum,
707 3843 735 3906 si
757 3841 840 3908 forte
863 3863 1006 3908 summus
1028 3843 1176 3929 pontifex¹
1197 3845 1423 3931 impediendae

96 3944 328 4011 reformationis
350 3949 457 4032 gratia
481 3954 653 4012 conaretur
668 3942 797 4011 concilii
813 3943 1063 4010 celebrationem
1078 3945 1131 4012 vel
1146 3970 1279 4035 prorsus
1295 3950 1423 4018 abrum-

95 4066 167 4130 pare
195 4047 248 4114 vel
283 4049 482 4137 suspendere
516 4057 572 4114 aut
605 4045 789 4134 pluralitate
826 4045 1051 4132 episcoporum
1080 4048 1268 4116 Italicorum
1301 4053 1357 4138 pia
1390 4061 1423 4118 et

97 4149 234 4216 salubria
261 4149 459 4240 reliquarum
491 4153 657 4216 nationum
687 4161 764 4216 vota
786 4149 977 4236 opprimere,
1001 4152 1183 4217 istiusmodi
1205 4164 1341 4220 conatus
1363 4156 1419 4220 im·

97 4253 196 4338 pediri
223 4263 256 4320 et
283 4257 488 4342 reprimi...
512 4277 530 4320 e
554 4254 681 4320 diverso
704 4262 813 4320 autem
836 4250 996 4340 allegatae
1018 4253 1147 4320 fueram
1168 4254 1279 4341 plures
1301 4279 1419 4324 causae

95 4367 223 4444 propter
245 4379 326 4446 quas
347 4380 415 4424 non
436 4355 687 4424 existimandum
709 4358 751 4423 sit
773 4354 955 4421 istiusmodi
976 4355 1207 4441 particularem
1221 4369 1366 4424 nostram
1380 4383 1420 4426 ac

97 4460 309 4542 praefatorum
333 4459 470 4526 serm
494 4483 609 4546 regum
632 4461 878 4526 conventionem
893 4457 990 4524 rebus
1005 4457 1140 4524 multum
1156 4459 1420 4547 profuturam...

100 4555 267 4649 [derartige
289 4562 565 4648 Verhandlungen
587 4561 731 4630 konnten
754 4560 875 4628 sowohl
906 4558 970 4626 den
1000 4561 1102 4648 Papst
1129 4563 1178 4628 als
1210 4563 1263 4628 die
1291 4563 1420 4630 Reiohs·

99 4665 205 4730 sttnde
233 4665 449 4752 Augsburger
477 4666 668 4732 Confession
695 4668 753 4730 mit
783 4687 900 4732 neuem
928 4664 1125 4732 Misstrauen
1153 4665 1309 4750 erfflllen;
1340 4666 1424 4732 auch

100 4767 140 4830 sei
160 4769 195 4832 in
215 4767 419 4836 Frankreioh
443 4768 501 4836 das
524 4769 695 4854 Regiment
716 4793 757 4835 zu
780 4767 925 4836 schlecht
945 4767 1085 4852 bestellt,
1107 4793 1162 4838 um
1179 4769 1248 4836 sloh
1262 4772 1322 4836 mit
1336 4769 1422 4836 dem·

99 4869 204 4938 selben
225 4871 284 4936 auf
301 4869 518 4938 vertrauliche
533 4871 847 4957 Unterhandlungen
870 4871 1089 4952 einaulassen3
1113 4873 1172 4938 auf
1182 4871 1338 4958 Portugal
1353 4871 1421 4938 und

97 4969 191 5042 Polen
218 4977 265 5042 sei
293 4973 450 5043 ebenfalls
480 4976 557 5046 kein
579 4971 734 5064 Vorlassl.
773 4973 912 5064 ideoque
939 4977 1041 5044 satius
1068 4975 1138 5044 fore
1165 4974 1228 5045 hoc
1255 4997 1336 5068 opus
1359 4996 1418 5048 suo
