3498 5830
328 457 404 558 ιιι

331 680 516 748 dubitamus
532 682 610 769 quin
626 702 669 748 ex
683 682 723 747 iis
736 681 837 748 literis
857 702 939 770 quas
961 679 1180 769 superioribus
1202 679 1316 748 fflcbus
1339 681 1383 748 ad
1402 689 1436 748 te
1458 683 1680 769 scripsimus,

328 784 458 851 abunde
485 783 681 852 intellexeris
704 785 782 875 quid
812 784 865 851 hic
886 786 970 851 inter
989 807 1049 852 nos
1076 795 1110 852 et
1129 784 1198 850 ΒΜ
1219 787 1355 852 nuncios
1386 785 1587 873 apostolicos
1629 809 1679 851 ea

326 891 398 976 ipsa
421 888 461 956 de
483 911 520 954 rs
540 897 648 954 actum
670 889 712 953 sit
732 899 765 955 et
787 910 942 977 quorsum
964 889 1122 954 sententia
1142 899 1254 955 nostra
1274 889 1406 956 inclinet
1426 897 1461 955 et
1482 889 1573 977 quod
1601 889 1678 955 illis

326 991 487 1058 mandatis
509 993 626 1058 nostris
649 991 849 1081 exequendis
869 1013 1076 1080 nequaquam
1099 991 1267 1059 defuturum
1289 995 1342 1058 sis.
1369 994 1521 1080 quoniam
1546 1003 1677 1059 autem

326 1119 369 1162 ex
391 1119 430 1162 eo
452 1104 597 1182 tempore
619 1095 662 1161 ad
683 1118 743 1161 nos
758 1093 883 1182 perlata
898 1104 973 1162 sunt
987 1093 1148 1182 quaedam
1170 1117 1253 1183 qnae
1275 1104 1350 1162 sunt
1370 1118 1490 1184 magna
1512 1097 1677 1164 conside-

325 1202 449 1266 ratione
471 1198 571 1286 digna
591 1201 624 1264 in
646 1198 709 1266 hoc
731 1200 802 1286 ipso
825 1197 952 1266 concilii
980 1199 1125 1285 negocio,
1158 1199 1413 1265 existimavimus
1445 1221 1505 1266 nos
1537 1223 1677 1289 operae

326 1305 471 1390 precium
491 1302 644 1387 facturos,
679 1304 706 1368 si
727 1301 787 1368 tibi
808 1325 877 1368 rem
899 1324 1037 1384 omnem,
1066 1309 1103 1366 ut
1130 1300 1174 1366 ad
1192 1323 1253 1368 nos
1275 1301 1401 1390 perlata
1421 1313 1480 1387 est,
1514 1303 1677 1391 benigne

326 1405 590 1492 significaremus.
605 1407 689 1472 sone
704 1407 814 1494 itaque
831 1404 930 1472 debes
946 1404 1035 1493 quod
1049 1405 1201 1470 cardones
1215 1403 1294 1470 iacti
1307 1405 1464 1472 fuerimus
1480 1429 1500 1472 a
1515 1407 1675 1496 quodam

325 1508 483 1576 catholico
506 1518 538 1574 et
559 1518 725 1597 spectatae
753 1508 1047 1596 comprobataoque
1069 1529 1148 1596 erga
1168 1529 1229 1576 nos
1249 1507 1327 1576 fidei
1348 1531 1409 1576 nec
1435 1531 1501 1576 uon
1523 1521 1674 1577 sanctae

326 1613 412 1678 sedis
436 1611 635 1700 apostolicae
657 1611 890 1678 studiosissimo
911 1612 998 1695 viro,
1034 1633 1108 1678 cum
1130 1633 1195 1698 quo
1217 1611 1363 1679 nonnulli
1385 1635 1522 1700 magnae
1545 1613 1673 1681 autho·

325 1717 428 1782 ritatis
457 1714 585 1782 ordines
607 1715 833 1803 Augustarum
861 1714 1095 1782 confessionem
1123 1714 1320 1802 prolitentes,
1354 1737 1427 1782 cnm
1457 1718 1487 1782 is
1519 1717 1673 1785 aliorum

326 1818 529 1908 quorundam
556 1827 737 1886 nostmrum
764 1819 973 1906 negociorum
1002 1840 1102 1883 causa
1122 1817 1167 1884 ad
1188 1819 1353 1884 civimtem
1375 1819 1539 1907 quandam
1561 1822 1671 1908 proli-

326 1924 449 1989 oissens
473 1921 627 1992 ditionem
648 1921 776 1990 illomm
797 1923 959 2006 transiret,
987 1923 1244 2011 necquicquam
1274 1945 1348 1989 cum
1370 1923 1434 1989 illis
1456 1933 1568 1992 nostro
1608 1947 1669 1991 no-

327 2027 412 2092 mine
434 2025 639 2094 tractandum
660 2027 694 2092 in
723 2025 884 2092 mandatis
911 2025 1062 2110 haberet,
1092 2026 1176 2093 ultro
1207 2026 1306 2093 utfit
1332 2025 1532 2094 familiariter
1560 2027 1669 2094 collo-

330 2131 421 2218 quuti
443 2138 526 2213 sunt,
549 2130 594 2194 ita
611 2138 647 2194 ut
661 2130 803 2195 animum
818 2151 911 2195 sunm
927 2131 956 2195 ei
971 2131 1099 2216 penitus
1112 2129 1306 2218 patefecisse
1321 2130 1502 2216 videantur,
1524 2131 1668 2198 ordines

327 2229 539 2319 Augustanae
572 2230 781 2300 confessionis
812 2253 871 2319 pro
904 2240 995 2319 parte
1022 2255 1088 2298 non
1115 2232 1244 2321 quidem
1273 2233 1355 2300 adeo
1384 2233 1506 2302 ahenos
1534 2259 1613 2302 esse
1646 2261 1667 2302 a

327 2333 470 2421 generali
492 2343 525 2400 et
545 2333 647 2402 libero
670 2333 815 2418 concilio,
839 2335 866 2400 si
889 2357 954 2424 qua
975 2335 1168 2404 adhdreatur
1182 2339 1238 2424 pia
1260 2337 1436 2407 moderatio
1460 2347 1492 2405 et
1512 2339 1592 2405 telis
1617 2342 1666 2405 in·

327 2438 475 2504 veniatur
496 2436 612 2504 modus
627 2439 755 2506 stratio
771 2437 985 2526 componendi
1000 2438 1062 2504 hoc
1076 2438 1240 2527 religionis
1256 2440 1434 2527 dissidium,
1458 2464 1523 2530 qua
1538 2465 1667 2510 causac

328 2539 498 2629 principali
519 2539 684 2628 religionis
706 2540 884 2608 catholicae
917 2540 995 2607 nihil
1029 2543 1270 2629 praeiudicatur
1299 2543 1421 2610 stillis
1448 2545 1665 2613 nihilominus

329 2645 565 2732 quadamtenus
587 2645 709 2735 aliquid
732 2646 866 2712 concedi
888 2644 1052 2730 videatur,
1082 2648 1261 2734 postposito
1289 2656 1357 2715 tam
1385 2633 1556 2718 obfiimato
1586 2652 1665 2718 rsti-

327 2747 454 2814 rendae
487 2751 732 2816 existimationis
760 2758 792 2816 ct
824 2751 857 2815 in
887 2749 1082 2817 eiuscemodi
1115 2752 1319 2820 contentione
1350 2752 1503 2820 vincendi
1532 2754 1663 2840 studio;

329 2875 443 2918 verum
471 2854 634 2920 enimvero
664 2852 752 2943 quod
779 2853 823 2919 ad
852 2853 1124 2920 continuationem
1158 2853 1285 2922 concilii
1317 2853 1498 2924 Tridentini
1531 2860 1662 2941 attinet,

329 2955 401 3022 illos
422 2955 502 3022 nihil
523 2958 615 3044 peius
644 2957 752 3024 odisse
780 2966 838 3023 aut
864 2961 969 3046 magis
996 2957 1140 3040 aversan
1168 2981 1266 3048 quam
1292 2959 1355 3028 hoc
1378 2959 1432 3026 8⁰¹¹
1451 2961 1494 3026 D.
1515 2960 1557 3028 N.
1583 2984 1661 3028 con·

329 3060 436 3128 silium
457 3060 499 3128 de
521 3060 664 3128 tollenda
683 3061 829 3128 iamdicti
850 3061 977 3130 concilii
998 3063 1178 3130 Tridentini
1200 3065 1428 3151 suspensione,
1451 3065 1593 3154 quodsi
1617 3064 1662 3130 ad

329 3163 479 3230 effectum
499 3164 706 3251 perducatur,
734 3184 900 3254 nunquam
923 3165 1119 3250 sperandum
1142 3166 1231 3256 quod
1258 3166 1304 3233 illi
1327 3189 1398 3235 sese
1420 3167 1463 3234 ad
1484 3181 1660 3260 acceptan-

330 3267 389 3334 das
411 3267 493 3334 ullas
516 3265 708 3336 concordiae
731 3268 933 3335 conditiones
954 3269 1072 3337 adduci
1094 3271 1222 3358 passuri
1245 3271 1316 3356 sint,
1352 3273 1428 3360 quia
1450 3281 1563 3360 aparte
1585 3294 1660 3362 pro
1697 3317 1701 3326 -

328 3371 459 3440 fitentur
479 3393 540 3439 nos
567 3381 733 3462 tamquam
760 3373 985 3461 imperatorem
1007 3381 1040 3439 et
1061 3396 1248 3461 supremum
1270 3384 1369 3463 caput
1389 3398 1454 3442 non
1477 3375 1584 3443 solum
1607 3397 1658 3442 ca·

329 3474 529 3562 tholioorum,
552 3500 665 3544 verum
687 3478 785 3554 etiam
806 3475 1017 3566 Augustanos
1040 3478 1249 3547 confessionis
1271 3478 1420 3548 ordinum
1434 3502 1474 3546 ac
1495 3501 1657 3546 summum

330 3579 531 3647 deiensorem
561 3589 594 3646 et
622 3589 882 3649 conservatorem
910 3583 1138 3649 mansuetionis
1159 3581 1360 3648 Pataviensis
1383 3604 1422 3648 ac
1444 3591 1578 3649 secutae
1601 3582 1656 3648 de·

331 3706 428 3770 super
441 3683 674 3771 pacificationis
688 3685 722 3749 in
741 3682 838 3751 rebus
853 3683 1016 3773 religionis
1031 3695 1159 3752 aeetae
1174 3694 1207 3752 et
1227 3694 1265 3752 ut
1278 3707 1392 3753 verum
1415 3707 1454 3753 ao
1475 3684 1654 3774 legitimum

329 3785 533 3853 felicissimae
555 3788 729 3855 memoriae
752 3787 819 3853 divi
845 3787 954 3854 statis
983 3790 1083 3855 nostri
1105 3790 1308 3876 imperatoris
1330 3787 1438 3856 Caroli
1460 3789 1563 3878 quinti
1587 3809 1654 3854 suc·

328 3911 489 3958 cessorem
515 3892 618 3958 teneri
646 3891 771 3957 ratione
798 3891 938 3957 muneris
958 3893 1061 3959 nostri
1095 3893 1245 3976 caesaris,
1282 3901 1319 3958 ut
1349 3890 1572 3958 huiuscemodi
1607 3893 1653 3956 in·

327 3991 487 4060 tolerabili
497 3993 706 4062 'liidentinae
721 3995 952 4061 continuationi
966 4016 1027 4062 nos
1041 3993 1084 4062 ad
1099 4017 1255 4082 praesens
1271 4005 1303 4062 et
1317 3997 1351 4060 in
1364 3993 1509 4060 futurum
1525 4016 1652 4084 quoque

328 4098 414 4162 omni
429 4106 547 4164 conatu
569 4120 770 4186 opponamus
793 4106 825 4163 et
845 4099 1023 4164 sententiae
1037 4107 1167 4165 nostrae
1183 4098 1290 4164 adhuc
1304 4097 1438 4164 firmiter
1452 4099 1651 4179 insistamus;

240 4223 245 4232 ·
328 4198 421 4266 aliter
452 4203 537 4267 enim
564 4200 720 4271 tumultus
753 4209 785 4266 et
814 4209 920 4268 motus
947 4201 982 4268 in
1004 4199 1181 4270 Germania
1207 4223 1247 4270 ao
1278 4201 1384 4268 almae
1410 4203 1502 4288 pacis
1531 4211 1651 4289 partum

329 4303 492 4372 bationem
515 4307 629 4370 evitari
655 4327 721 4372 non
749 4325 855 4391 posse.
880 4305 996 4394 quodsi
1018 4304 1111 4372 aliter
1132 4325 1311 4392 ageremus,
1334 4304 1369 4369 id
1389 4324 1556 4392 nunquam
1577 4326 1647 4370 con·

331 4417 518 4476 sentaneum
538 4408 607 4474 fore
627 4407 794 4495 premissis
817 4405 882 4472 divi
905 4408 1069 4496 quondam
1090 4407 1198 4473 fratris
1220 4409 1321 4474 nostri
1336 4405 1444 4474 Caroli
1466 4409 1577 4494 quinti,
1600 4405 1650 4492 qui

330 4535 415 4578 anno
438 4512 522 4578 1550
542 4510 689 4577 omnibus
704 4508 915 4596 Augustanae
936 4509 1144 4579 confessionis
1167 4509 1334 4576 ordinibus
1349 4509 1512 4596 pollicitus
1534 4512 1576 4576 sit
1597 4528 1648 4574 eos

331 4637 469 4682 unacum
491 4614 650 4701 theologis
672 4635 784 4679 eorum
805 4613 839 4676 in
860 4611 914 4678 illo
938 4613 1073 4680 concilio
1097 4613 1293 4680 sufficienter
1320 4611 1466 4679 auditum
1488 4613 1537 4697 iri,
1567 4609 1649 4700 quod

330 4727 456 4784 tantum
478 4717 571 4786 abest
592 4727 628 4782 ut
649 4717 838 4804 praestitum
860 4716 911 4798 sit,
936 4725 972 4782 ut
1001 4717 1097 4782 etiam
1125 4716 1256 4784 decreta
1278 4714 1439 4804 quaedam
1461 4716 1569 4784 aedita
1588 4715 1648 4780 lire

331 4826 395 4890 rint
417 4822 457 4889 da
479 4822 663 4910 praecipuis
684 4818 848 4908 religionis
870 4818 1013 4886 articidis
1035 4819 1098 4886 hac
1113 4828 1219 4888 aetate
1233 4821 1267 4884 in
1281 4817 1504 4886 controversia
1517 4821 1646 4886 existen·

331 4928 428 5011 tibus,
452 4911 569 5014 quibus
592 4924 770 4992 doctrinam
792 4922 920 4990 illorum
941 4922 1037 5011 plane
1066 4925 1251 4990 damnatam
1280 4932 1312 4990 et
1339 4922 1552 4990 anathematis
1580 4942 1645 4988 con-

333 5055 409 5103 sura
434 5033 588 5104 reiectam
614 5029 714 5096 irrisae
743 5037 877 5096 constet.
905 5049 981 5096 nam
1009 5029 1036 5096 si
1056 5027 1092 5097 id
1119 5035 1251 5114 agatrrr,
1284 5035 1322 5094 ut
1354 5027 1387 5094 in
1420 5027 1643 5118 praeiudicium
