3498 5818
335 687 529 771 legationem
545 687 708 772 suscipiat,
725 685 776 750 M*i
796 684 828 749 S.
847 684 976 752 difficile
992 697 1040 752 est
1063 690 1141 752 certi
1156 689 1332 775 quicquam
1343 696 1491 772 statuere,
1508 690 1676 776 quoniam

332 785 401 852 ΜΨ
426 786 459 853 S.
482 799 659 876 utrumque
681 811 746 854 non
762 799 828 854 tam
850 789 894 854 ad
907 789 992 854 hanc
1005 789 1201 876 legationem
1217 813 1315 880 quam
1331 791 1373 856 ad
1388 791 1469 858 alias
1483 791 1679 858 functiones

334 888 431 976 longe
453 893 621 978 puriores
647 891 814 957 obeundas
836 892 989 958 idoneum
1012 915 1083 959 esse
1104 896 1204 959 novit.
1228 896 1338 981 itaque
1359 893 1511 981 relinquit
1531 894 1680 961 consilio

330 1002 362 1059 et
383 993 541 1060 voluntati
563 995 600 1059 R.
630 994 672 1059 D.
695 994 794 1082 legati
819 994 855 1060 O.
880 995 1092 1062 Warmiensis
1122 1007 1155 1062 et
1177 998 1279 1084 ipsius
1302 996 1344 1062 D.
1369 997 1522 1076 Ganobii,
1547 1021 1596 1062 an
1620 997 1679 1063 ad·

331 1107 462 1162 ventum
484 1097 526 1162 D.
551 1099 694 1184 episcopi
716 1096 870 1186 Delphini
903 1099 957 1164 hic
990 1100 1181 1186 praestolari
1203 1099 1291 1187 velit,
1315 1109 1358 1164 ut·
1373 1103 1457 1166 inter
1478 1101 1513 1166 se
1535 1102 1680 1187 ipsimet

335 1198 375 1264 de
398 1199 461 1266 hac
482 1199 643 1286 legatione
667 1203 873 1288 suscipienda
894 1206 1098 1282 conveniant,
1123 1227 1165 1268 an
1187 1228 1264 1271 vero
1288 1227 1417 1294 exque
1440 1204 1493 1269 ille
1514 1204 1675 1270 lortasms

332 1303 475 1369 nondum
497 1304 651 1369 mandata
674 1327 733 1369 sua
754 1305 875 1391 ubique
897 1315 1081 1394 exequutus
1104 1317 1153 1372 est
1174 1307 1313 1396 ideoque
1344 1307 1532 1395 aliquandiu
1560 1305 1678 1371 adhuc

336 1405 453 1490 aberit,
487 1409 557 1495 ipse
587 1407 766 1474 molestiam
795 1418 827 1472 et
858 1408 1004 1475 laborem
1031 1411 1125 1475 istius
1157 1411 1280 1478 itineris
1315 1410 1369 1477 illo
1399 1433 1466 1476 non
1488 1418 1676 1496 expectato

334 1505 442 1575 subire
464 1509 612 1576 voluerit.

437 1613 519 1679 Cum
546 1624 718 1701 praeterea
740 1615 811 1680 S¹²¹¹¹
836 1615 879 1680 D.
902 1615 942 1681 N.
965 1616 1017 1681 M¹¹
1036 1616 1073 1684 0.
1107 1619 1318 1703 nunciaverit,
1349 1640 1383 1684 se
1411 1619 1565 1704 ignorare
1591 1615 1675 1704 quid

335 1718 482 1803 responsi
510 1717 579 1782 ΜΝ
601 1716 634 1782 S.
659 1741 679 1782 a
701 1716 746 1784 S²⁶
774 1721 844 1784 eius
872 1728 1038 1806 expectet,
1071 1719 1140 1784 ΜΝ
1162 1718 1195 1785 8.
1219 1720 1255 1786 O.
1279 1743 1319 1787 ea
1347 1742 1476 1809 quoque
1501 1719 1543 1784 de
1567 1741 1608 1784 re
1630 1717 1674 1782 D.

335 1818 515 1886 Oanobium
539 1821 679 1908 benigne
701 1822 939 1888 informandum
974 1832 1099 1907 censet,
1134 1826 1284 1890 nimirum
1306 1822 1386 1889 Mam
1409 1821 1442 1888 S.
1465 1845 1582 1888 mense
1612 1820 1674 1886 Fe

334 1922 464 1990 bruerio
500 1927 618 1991 oratori
647 1947 705 1990 suo
738 1925 826 2013 apud
847 1925 915 1992 gom
948 1929 1016 1992 eius
1050 1926 1204 1992 residenti
1236 1926 1425 1992 mandatum
1458 1922 1604 2009 dedisse,
1638 1933 1675 1988 ut

201 2099 208 2118 .
334 2023 404 2092 S²⁹¹¹¹
436 2028 504 2092 eius
528 2029 697 2093 certiorem
719 2028 870 2094 redderet
893 2029 933 2095 de
965 2051 1120 2116 responso
1149 2029 1237 2118 quod
1266 2028 1422 2096 electores
1444 2039 1476 2094 et
1497 2029 1671 2115 principes

333 2129 561 2216 Augustanam
584 2132 817 2198 confessionem
840 2133 1026 2219 profitentes
1033 2185 1041 2216 ,
1066 2136 1204 2223 quitum
1219 2135 1346 2200 fuerant
1365 2132 1573 2219 Naumburgi
1598 2153 1673 2197 con·

334 2235 476 2319 gregati,
499 2234 564 2299 ΜΨ
597 2234 629 2300 8.
654 2235 689 2302 C.
714 2236 895 2302 oratoribus
919 2238 952 2301 in
974 2239 1109 2324 negocio
1144 2237 1270 2304 concilii
1306 2236 1485 2320 dedissent,
1509 2259 1529 2300 a
1554 2233 1617 2302 8²¹⁸
1639 2232 1673 2299 S.

335 2345 367 2426 et
387 2335 452 2402 ΜΨ
478 2337 513 2405 O.
537 2341 763 2424 expectatione
785 2348 817 2404 et
839 2339 1000 2405 desiderio
1022 2339 1119 2406 valde
1142 2339 1291 2422 alienum,
1314 2341 1502 2405 transmisso
1527 2337 1573 2404 ad
1596 2359 1672 2403 eum

332 2438 395 2505 hac
418 2440 458 2506 de
482 2465 582 2507 causa
604 2441 703 2508 latino
726 2453 758 2508 et
780 2446 966 2528 germanico
989 2446 1059 2509 eius
1081 2446 1228 2531 responsi
1250 2443 1410 2530 exemplo,
1433 2441 1521 2530 qued
1546 2441 1622 2507 ΜΝ
1637 2438 1669 2506 S.

332 2541 368 2607 0.
392 2541 483 2608 illum
505 2567 578 2609 cum
601 2544 646 2609 Sa
675 2547 743 2610 eius
767 2547 1003 2612 communicare
1025 2546 1137 2630 voluit,
1161 2549 1254 2612 sicuti
1277 2549 1374 2612 etiam
1397 2545 1454 2610 hie
1472 2567 1548 2610 cum
1572 2565 1667 2632 prae·

331 2647 398 2712 lato
422 2647 459 2712 R.
481 2647 524 2712 D.
548 2646 583 2713 (l.
608 2647 805 2714 Warmiensi
833 2649 991 2715 benevole
1019 2649 1207 2733 contulerat,
1238 2661 1275 2715 ut
1295 2648 1353 2715 S¹⁸⁸
1379 2651 1464 2732 eius,
1486 2646 1666 2714 intellectis

332 2751 370 2814 iis
395 2759 427 2815 et
449 2758 583 2836 accepto
607 2773 627 2815 a
649 2753 785 2818 caeteris
807 2775 937 2839 quoque
961 2751 1127 2818 christiani
1142 2752 1230 2818 orbis
1244 2752 1376 2838 regibus
1392 2761 1425 2817 et
1439 2749 1665 2838 potentatibus

332 2851 373 2918 de
395 2852 445 2918 his
473 2855 571 2921 rebus
601 2853 727 2920 concilii
758 2864 846 2920 certo
874 2877 1045 2941 responso,
1076 2864 1211 2941 paterne
1245 2853 1424 2920 deliberare
1452 2863 1484 2920 et
1520 2861 1666 2918 statuere

331 2966 452 3045 posset,
475 2957 554 3044 quid
576 2957 637 3024 sibi
660 2968 829 3045 praetcrea
850 2960 883 3023 in
905 2959 1041 3044 negocio
1062 2981 1122 3045 pro
1146 2961 1253 3046 quiete
1268 2957 1488 3024 incolumitate
1504 2967 1537 3022 et
1553 2955 1660 3021 salute

332 3061 442 3145 gregis
465 3060 631 3128 christiani
652 3062 746 3126 iuxta
768 3060 910 3126 officium
933 3083 1027 3126 suum
1049 3061 1212 3148 pastorale
1236 3060 1477 3148 suscipiendum
1508 3069 1542 3124 et
1565 3080 1664 3144 agen-

331 3161 409 3227 dum
431 3173 524 3229 esset.
549 3186 633 3250 quae
648 3163 779 3252 quidem
797 3186 870 3230 cum
884 3164 1072 3231 viderentur
1086 3164 1165 3230 talia
1180 3187 1265 3253 quae
1280 3174 1439 3230 matrinam
1454 3163 1659 3229 deliberatio·

332 3288 407 3332 nem
429 3264 481 3332 8ιιι
504 3265 537 3332 8.
561 3289 625 3334 non
648 3269 858 3355 requirerent,
881 3267 960 3333 Mam
984 3266 1018 3333 8.
1042 3267 1078 3335 O.
1103 3267 1163 3335 sibi
1186 3291 1377 3357 persuasum
1399 3267 1555 3333 habuisse
1571 3263 1659 3354 quod

337 3367 394 3435 8³²·
411 3371 480 3436 eius
501 3367 555 3434 Μιι
588 3368 621 3435 S.
645 3369 681 3436 0.
705 3370 785 3458 quid
806 3373 840 3455 in
861 3394 896 3436 re
918 3372 999 3436 tanti
1014 3373 1167 3438 momenti
1183 3370 1321 3460 amplius
1336 3371 1499 3458 agendum
1516 3377 1658 3451 censeat,

333 3471 430 3559 plane
452 3472 635 3538 indicatura
657 3483 751 3557 esset,
774 3482 810 3539 ut
833 3472 958 3540 collatis
981 3475 1131 3563 utrinque
1161 3474 1303 3542 consiliis
1324 3475 1359 3541 id
1379 3476 1449 3541 lieri
1472 3471 1659 3541 attractari

331 3585 451 3662 posset,
475 3575 563 3663 quod
584 3575 628 3643 ad
649 3600 718 3642 rem
739 3587 828 3644 recte
850 3577 1026 3666 gerendam
1050 3578 1321 3646 consultissimum
1343 3580 1441 3662 soret,
1472 3577 1512 3644 de
1535 3599 1603 3665 qna
1624 3597 1657 3640 re

333 3678 401 3744 Ma.
412 3679 449 3746 O.
471 3703 492 3744 a
513 3676 558 3744 8·
573 3679 642 3744 eius
664 3682 698 3746 in
719 3679 807 3746 hunc
830 3703 934 3768 usque
957 3681 1043 3748 diem
1063 3681 1143 3748 nihil
1164 3685 1299 3770 accepit

435 3782 533 3864 Quod
565 3792 733 3871 praeterea
762 3782 822 3849 gu.
850 3785 919 3851 eius
947 3785 1144 3852 cardinalem
1174 3785 1423 3872 Neapolitanum
1456 3807 1515 3871 pro
1544 3807 1606 3851 sua
1626 3784 1657 3848 in

333 3907 407 3951 eum
428 3887 548 3974 pietate
571 3897 604 3952 et
625 3887 828 3974 indulgentia
859 3888 987 3955 modica
1013 3889 1202 3954 mulctatum
1234 3912 1343 3977 poena
1363 3888 1493 3956 liberari
1515 3887 1652 3966 iusserit,

331 3989 400 4074 Mas
423 3987 456 4055 8.
480 3989 516 4057 O.
533 3994 680 4078 agnoscit
695 4015 737 4058 ex
753 4015 791 4057 eo
807 3993 960 4058 eximiam
976 3993 1030 4058 Si·
1049 3995 1203 4080 pietatem
1218 4003 1250 4059 et
1264 3993 1438 4078 lenitatem,
1462 4018 1505 4061 ex
1520 3993 1653 4059 aliorum

330 4114 409 4157 vero
444 4093 602 4180 supplicio
634 4096 795 4161 iusticiam
827 4104 859 4162 et
888 4097 1115 4163 inconcussam
1148 4098 1380 4183 integritatem,
1415 4120 1499 4183 quae
1533 4095 1586 4164 8²¹¹
1619 4090 1649 4157 S·

337 4195 551 4284 aequabilitas
573 4208 606 4263 et
626 4197 799 4286 prudentia
820 4198 1002 4286 praedicari
1026 4201 1113 4266 omni
1134 4199 1231 4266 laude
1253 4201 1366 4267 merito
1389 4201 1493 4268 debet

432 4299 598 4368 Postremo
614 4302 702 4392 quod
717 4301 774 4369 S²¹⁸
789 4305 858 4370 eius
873 4305 1012 4391 priorem
1033 4303 1259 4370 resolutionem
1276 4305 1479 4370 conferrendi
1493 4303 1653 4371 abbatiam

332 4401 556 4470 Monacensem
578 4405 620 4492 D.
643 4405 774 4472 Phoebo
799 4406 839 4473 de
862 4407 958 4472 Turri
979 4408 1070 4473 fratri
1093 4409 1229 4473 oratoris
1248 4407 1314 4473 Μ’ῑ·
1337 4407 1371 4473 8.
1386 4406 1476 4495 apud
1489 4407 1587 4474 Ill¹¹¹¹¹¹¹¹
1603 4406 1653 4471 do·

333 4507 466 4572 minium
498 4509 658 4574 Venatum
686 4509 728 4574 D.
756 4510 924 4576 Francisci
958 4510 999 4576 de
1027 4511 1123 4576 lunt
1144 4513 1318 4578 mutaverit
1339 4520 1372 4577 et
1394 4533 1492 4599 super
1513 4509 1651 4579 eiusdem

333 4608 483 4676 abbatiae
505 4612 662 4678 fiuctibus
683 4614 848 4701 pensionis
869 4615 998 4680 nornine
1019 4616 1234 4681 reservaverit
1260 4613 1347 4682 mille
1370 4637 1487 4682 aureos
1508 4631 1648 4682 nummos

332 4714 546 4800 assignandos
568 4715 633 4780 Μῑῑ·
656 4715 692 4783 0.
716 4726 749 4782 et
771 4715 826 4781 8Ιιιὶ
848 4716 891 4781 D.
914 4719 1000 4803 regis
1022 4716 1219 4784 Bohoemiae
1242 4727 1303 4784 etc.
1326 4717 1548 4804 familiaribus,
1569 4721 1601 4784 in
1615 4735 1650 4780 eo

331 4814 400 4881 ΜΝ
422 4815 455 4884 S.
479 4817 515 4884 C.
539 4821 716 4905 acquiescit
737 4817 896 4885 voluntati
918 4819 971 4886 S²¹⁸
998 4819 1031 4886 8.
1055 4822 1150 4908 eique
1171 4843 1231 4907 pro
1246 4821 1471 4888 huiuscemodi
1486 4819 1647 4889 clementia

332 4933 364 4989 et
388 4923 609 5006 beneficentia,
639 4945 704 5009 qua
726 4921 784 4989 Su·
807 4925 876 4989 eius
904 4923 970 4988 Mi·
994 4922 1027 4990 S.
1051 4923 1086 4990 C.
1111 4947 1150 4990 ac
1179 4923 1256 4990 dieti
1288 4923 1343 4990 811Ιὶ
1369 4927 1456 5012 regis
1483 4925 1648 4992 familiares

331 5030 545 5118 prosequitur,
568 5051 703 5115 magnas
725 5029 846 5114 gratias
870 5029 938 5113 agit
960 5037 1057 5115 atque
1079 5050 1242 5116 propensa
1265 5037 1314 5094 est
1334 5030 1478 5096 vicissim
1500 5028 1553 5096 8ω
1582 5028 1642 5093 eins
