3498 5830
348 666 470 753 pariter
492 663 698 732 hortarentur
720 666 762 732 ad
785 688 878 752 opem
902 665 963 731 sibi
985 666 1160 734 ferendam.
1192 677 1319 732 etcum
1341 691 1393 734 me
1416 687 1513 732 unum
1537 667 1678 752 primum

348 767 587 854 interpellasset
608 779 644 832 ut
667 767 746 855 quid
769 770 920 833 sentirem
943 768 1094 852 dicerem,
1116 769 1283 856 respondi:
1308 769 1348 835 de
1371 768 1526 856 hisquae
1549 767 1633 832 aS“
1647 769 1679 834 S.

277 873 288 898 '
348 870 570 936 intellexeram
592 870 791 936 redditurum
813 871 890 934 ΜΨτι
914 872 954 937 V.
979 875 1162 956 certiorem,
1192 874 1286 938 sicuti
1309 872 1366 938 8²¹⁸
1398 871 1430 938 S.
1455 871 1680 954 desiderabat;

349 996 462 1040 verum
484 973 592 1061 quoad
621 997 715 1060 opem
737 974 918 1056 ferendam,
950 977 1044 1041 sicuti
1072 999 1130 1063 pro
1160 987 1247 1042 66116
1276 986 1419 1042 tenerem
1440 974 1518 1039 Mos
1550 975 1589 1038 V.
1622 996 1681 1038 sue

350 1075 542 1142 beatitudini
569 1079 654 1142 omni
683 1100 746 1165 quo
770 1087 879 1164 posset
910 1077 1087 1144 officiorum
1117 1101 1235 1164 genere
1263 1101 1327 1144 non
1357 1077 1455 1144 hrisse
1485 1076 1680 1154 defuturam,

348 1182 394 1245 ita
416 1178 571 1262 dubitari,
606 1203 646 1244 ne
668 1181 876 1267 inexpectata
904 1190 936 1246 et
964 1181 1173 1246 tumultuaria
1203 1181 1285 1246 haee
1319 1181 1507 1248 deliberatio
1541 1179 1680 1244 multum

348 1283 542 1348 incommodi
567 1293 652 1348 esset
673 1283 811 1348 allatura
833 1282 876 1348 ad
899 1307 938 1348 ea
960 1284 1157 1372 praestanda
1179 1307 1262 1372 quae
1284 1284 1366 1350 forte
1381 1285 1540 1371 praestari
1555 1285 1679 1371 potuis-

348 1397 420 1452 sent
453 1409 526 1450 cum
557 1385 665 1473 aliquo
694 1389 847 1474 temporis
876 1387 1059 1472 intervallo,
1095 1411 1168 1454 cum
1201 1386 1296 1453 isthic
1324 1389 1406 1453 ratio
1436 1385 1679 1453 tractandarum

348 1513 454 1554 rerum
477 1487 541 1553 alia
563 1490 604 1553 sit
626 1499 723 1577 atque
744 1489 811 1554 hio:
836 1490 924 1578 quod
946 1513 984 1557 eo
1001 1488 1133 1557 consilio
1149 1490 1212 1556 feei
1227 1501 1271 1574 ut,
1296 1492 1322 1554 si
1338 1488 1461 1578 aliquid
1474 1513 1534 1578 per
1548 1489 1627 1554 ΜΝ
1640 1490 1679 1552 V.

347 1592 527 1680 profecerit,
552 1614 645 1656 omne
667 1591 748 1657 illud
763 1595 796 1657 in
810 1603 934 1681 partem
957 1593 1038 1658 lucri
1059 1604 1210 1682 reponat;
1234 1595 1283 1658 sin
1305 1595 1419 1676 minus,
1442 1591 1549 1657 nullus
1564 1601 1679 1680 postea

348 1697 416 1760 eius
439 1695 578 1783 querelis
600 1695 690 1760 loeus
714 1719 784 1761 esse
813 1699 930 1782 possit,
953 1709 1125 1786 postquam
1148 1720 1182 1762 re
1206 1696 1313 1762 adhue
1335 1698 1461 1784 integra
1484 1696 1524 1761 de
1546 1695 1598 1760 his
1621 1697 1679 1760 fuit

347 1798 529 1864 admonitus
552 1821 635 1886 quae
657 1811 790 1885 possent
811 1804 1005 1886 contingere.

450 1900 531 1966 Cum
543 1912 651 1967 autem
663 1913 829 1968 excuteret
844 1903 980 1968 aliorum
995 1915 1158 1970 oratorum
1174 1905 1351 1990 opiniones,
1368 1913 1526 1992 quotquot
1541 1903 1679 1969 aderant

348 2001 477 2092 (aderat
499 2016 607 2072 autem
630 2018 738 2072 orator
759 2007 848 2072 Serrni
877 2009 964 2094 regis
987 2006 1152 2092 catholici,
1181 2010 1267 2094 regis
1290 2007 1455 2090 Lusitani,
1477 2006 1677 2095 reipublicae

347 2109 492 2173 Venetae
516 2120 548 2174 et
568 2110 660 2175 ducis
677 2109 874 2196 Sabaudiao)
900 2115 1006 2178 cuncti
1029 2137 1084 2179 ore
1107 2135 1171 2179 uno
1195 2111 1446 2199 comprobarunt
1469 2110 1501 2175 S.
1525 2109 1581 2175 8¹¹⁸
1609 2133 1677 2174 661-

345 2214 479 2277 tentiam
502 2234 694 2301 omnemque
716 2238 839 2280 moram
862 2215 1037 2282 tollendam
1065 2215 1250 2282 censebant.
1278 2215 1337 2280 sed
1359 2213 1417 2280 8²⁸⁸
1442 2213 1475 2280 S.
1505 2237 1539 2280 se
1561 2213 1675 2279 tandiu

347 2314 390 2379 ad
412 2317 656 2402 suspensionem
678 2316 854 2384 tollendam
876 2331 1100 2386 cunctatorem
1115 2319 1297 2402 affirmavit,
1322 2317 1477 2406 quamdiu
1491 2319 1674 2406 principum

347 2417 443 2482 etiam
466 2441 596 2485 suorum
618 2443 776 2508 responsa
797 2421 910 2488 haberi
932 2434 1074 2511 possent,
1098 2431 1131 2488 et
1153 2425 1250 2488 etiam
1273 2444 1307 2487 se
1330 2419 1373 2486 ad
1395 2421 1474 2485 ΜΝι
1490 2421 1529 2485 V.
1552 2420 1675 2485 litterae

345 2522 435 2610 prius
458 2519 620 2608 daturam,
652 2524 692 2589 de
726 2548 791 2614 qua
823 2536 859 2591 ut
880 2529 1010 2593 minime
1034 2526 1218 2610 dubitabat,
1248 2527 1294 2591 ita
1316 2548 1520 2614 summopere
1542 2526 1675 2591 letatum

345 2623 444 2689 fuisse
468 2625 551 2691 dixit
573 2611 768 2693 serenissimi
785 2631 998 2696 Maximiliani
1014 2631 1168 2697 Boemiae
1191 2632 1277 2717 regis
1298 2629 1422 2713 litteris,
1446 2652 1527 2718 quas
1542 2631 1578 2694 in
1604 2651 1674 2694 eon·

346 2729 534 2814 gregatione
555 2729 685 2817 publice
707 2732 771 2819 legi
793 2734 968 2818 mandavit,
993 2757 1032 2800 eo
1055 2735 1183 2800 nomine
1206 2734 1375 2821 presertim
1398 2731 1459 2798 sibi
1474 2733 1674 2820 gratissimas

347 2831 589 2920 quodpropter
611 2857 683 2900 eam
706 2859 803 2924 quam
825 2861 905 2925 prae
928 2860 963 2904 66
985 2837 1105 2904 ferrent
1126 2836 1376 2920 humanitatem,
1406 2847 1551 2924 speraret
1575 2859 1596 2902 a
1618 2858 1674 2900 sua

348 2935 537 3002 celsitudine
560 2961 688 3004 omnem
710 2962 842 3028 operam
865 2943 899 3006 in
920 2941 970 3006 his
993 2941 1210 3007 conficiendis.

449 3039 557 3127 Opere
579 3045 718 3128 pretium
740 3055 848 3110 autem
872 3067 943 3111 esse
966 3045 1045 3110 duxi
1068 3045 1175 3111 omnia
1197 3047 1279 3112 haee
1301 3069 1359 3134 per
1386 3045 1583 3110 destinatum
1597 3065 1672 3106 nun-

344 3141 424 3208 tium
457 3142 500 3209 ad
522 3141 599 3210 Mam
621 3143 662 3211 V.
685 3145 875 3212 Tridentum
907 3171 1011 3237 usque
1046 3149 1151 3214 citatis
1186 3151 1277 3237 cquis
1306 3149 1456 3237 perferri,
1487 3157 1523 3211 ut
1556 3145 1671 3211 adven·

342 3257 411 3312 tum
434 3245 592 3313 tabellarii
615 3252 730 3316 summi
752 3252 913 3340 pontificis
936 3261 1167 3338 anteverteret,
1191 3275 1255 3341 quo
1278 3261 1404 3317 mature
1425 3250 1494 3316 ΜΨ
1512 3249 1550 3315 V.
1567 3248 1672 3314 valcat

344 3373 441 3436 snper
474 3353 521 3418 eis
551 3351 746 3439 deliberare,
781 3357 873 3420 onius
907 3355 1096 3421 clementiae
1124 3379 1175 3421 me
1204 3378 1303 3444 qnam
1336 3375 1470 3442 possum
1497 3351 1670 3420 humillime

344 3455 544 3522 commendo.

444 3557 552 3628 Datae
572 3561 695 3628 Romae
718 3563 760 3628 24
784 3563 836 3628 die
857 3565 977 3629 mensis
1001 3561 1199 3651 Septembris
1222 3588 1307 3632 anno
1331 3563 1452 3631 domini
1476 3561 1569 3628 1560.

445 3747 527 3818 Cum
550 3754 731 3841 superiores
754 3754 819 3819 iam
835 3763 987 3818 exaratas
1004 3777 1109 3820 essem
1125 3754 1363 3842 obsignaturus,
1388 3753 1494 3819 denuo
1509 3775 1561 3818 me
1577 3747 1669 3816 hodie

345 3873 488 3922 summus
511 3857 657 3943 pontifex
679 3857 854 3923 advocavit
876 3869 908 3922 et
931 3857 1021 3941 dixit,
1045 3860 1237 3924 necessitato
1254 3857 1455 3946 compulsum
1478 3877 1517 3922 ae
1538 3856 1668 3921 invitum

343 3959 426 4025 trahi
449 3962 483 4025 in
506 3984 577 4026 eam
601 3960 865 4026 deliberationem
888 3983 986 4048 quam
1007 3960 1159 4026 hesterna
1188 3961 1239 4027 die
1265 3962 1400 4028 fecerat:
1430 3959 1472 4027 ob
1502 3959 1537 4024 id
1557 3978 1667 4044 rogare

342 4059 421 4128 ΜῑθΙΙι
435 4063 475 4128 V.
491 4086 531 4129 ne
547 4064 680 4130 moleste
695 4063 792 4148 ferat;
815 4065 874 4130 sed
889 4066 916 4128 si
930 4063 999 4127 ΜΝ
1018 4063 1057 4128 V.
1072 4066 1317 4152 impetraturam
1335 4087 1369 4130 se
1384 4087 1481 4151 posse
1497 4062 1668 4129 confideret

343 4166 432 4254 apud
455 4166 577 4232 Chrmum
602 4189 721 4255 regem,
757 4176 792 4231 11
821 4167 992 4232 concilium
1019 4167 1182 4234 nationale
1210 4171 1394 4252 remitteret,
1427 4165 1582 4255 quamdiu
1603 4163 1667 4228 ΜΨ

343 4271 385 4336 V.
407 4273 652 4358 protestantium
675 4255 891 4358 pertentassel
913 4271 1037 4336 animos
1060 4275 1102 4336 61
1113 4271 1239 4336 videret
1254 4293 1297 4336 an
1312 4270 1434 4358 aliquid
1449 4279 1560 4358 posset
1576 4270 1664 4333 etiam

344 4396 418 4439 oum
441 4375 487 4439 eis
505 4375 670 4462 proficere,
695 4384 826 4461 captum
849 4376 912 4439 iam
929 4374 1096 4439 consilimn
1116 4385 1328 4458 mutaturum3
1352 4372 1461 4461 quoad
1476 4372 1591 4456 locum,
1607 4367 1664 4434 alio

343 4477 582 4563 translaturum,
606 4479 735 4566 quando
758 4478 829 4542 ΜΨ
840 4478 881 4543 V.
906 4476 969 4542 alio
992 4477 1250 4544 mansferendum
1272 4477 1478 4563 significaret.

445 4581 552 4648 Datae
574 4583 617 4648 25
640 4581 692 4646 die
714 4583 831 4647 mensis
856 4581 1075 4668 suprascripti.

480 4773 531 4823 Die
549 4775 585 4823 im
602 4773 704 4848 August
721 4785 769 4822 aus
780 4771 943 4822 Frankreiob
961 4773 987 4822 in
1004 4772 1072 4823 Rom
1090 4772 1274 4824 611161161161
1292 4773 1478 4836 1661161161,
1502 4772 1582 4823 16161
1598 4766 1660 4820 anob

411 4861 481 4916 Areo
498 4860 554 4912 und
572 4859 677 4912 cusano
694 4858 864 4925 Eruthnung
885 4858 964 4924 thun,
992 4857 1120 4926 drtngten
1144 4859 1284 4912 11606116
1307 4859 1479 4911 6161116161
1502 4858 1605 4927 etfrtger
1619 4854 1661 4906 mit

412 4951 459 5004 161
477 4944 900 5016 0616116161616661111661.
936 4945 1025 4998 Sohon
1048 4961 1092 5000 arn
1113 4948 1129 5000 8
1148 4945 1305 5014 September
1327 4947 1475 5000 herichtete
1497 4947 1582 5013 Arno,
1606 4941 1661 4994 1111

411 5052 464 5096 von
482 5037 529 5092 161
546 5035 657 5106 Pepstes
674 5033 753 5087 uene
770 5032 840 5088 nach
857 5033 978 5104 Bologna
994 5033 1049 5088 611
1066 5049 1120 5090 von
1138 5033 1185 5088 161
1202 5033 1345 5106 1111611116
1363 5035 1410 5088 166
1426 5029 1654 5106 sonogoensis
