3460 5826
1329 507 1333 584 ξ
1359 506 1422 570 tet

92 693 126 756 ’ξι
163 691 206 742 der
221 693 383 760 Lothringer
399 692 453 744 will
472 693 516 744 die
530 693 845 762 Reformangslegenheit
867 693 942 745 nicht
960 695 1024 746 cher
1041 695 1188 759 betrsiben,
1212 695 1252 747 als
1270 696 1311 747 bis
1329 710 1358 746 er
1376 709 1425 744 sus

162 776 205 827 des
222 779 333 829 Kaisers
351 777 473 843 sigonem
489 778 589 829 Mende
608 777 703 830 dessen
713 778 859 834 Absichten
876 779 983 830 konnen
1000 778 1104 846 gelernt
1120 780 1209 832 haben
1226 779 1305 841 wird;
1324 794 1353 829 es
1371 779 1421 829 cir·

160 862 257 913 euliren
276 863 334 913 hier
350 863 415 912 swei
427 861 579 913 Antwortan
597 863 645 914 asrf
660 863 703 913 die
720 863 1003 930 Beformierderungen
1022 863 1069 914 der
1086 865 1244 928 lbanmsn,
1263 865 1343 916 deren
1361 865 1421 914 eine

160 946 277 999 odenbsr
294 963 348 998 ron
365 947 416 998 den
434 948 555 1014 Legaten
577 949 693 1014 inspirirt
714 948 823 1000 worden
840 950 882 1000 ist
901 976 932 986 -
960 951 1023 998 Vom
1044 949 1227 1000 terebrum:
1251 949 1298 1000 der
1317 949 1347 1000 0.
1365 964 1419 1000 von

157 1031 322 1100 Lctbringen
339 1033 387 1084 hat
404 1033 483 1084 sinen
495 1033 571 1086 Brief
586 1049 648 1086 vem
659 1033 750 1100 Kenig
767 1033 886 1086 erbelten
903 1033 959 1086 und
976 1033 1041 1086 wird
1055 1034 1101 1084 ibn
1118 1037 1166 1086 snit
1182 1034 1252 1086 usch
1270 1033 1422 1086 Innsbruelr

156 1117 269 1168 nehmen
288 1119 336 1169 des
346 1117 461 1169 lnhslts:
479 1119 636 1186 Hugenotos
654 1135 683 1170 se
701 1118 772 1169 velle
784 1120 906 1170 subicere
924 1121 980 1186 regi
994 1125 1021 1170 et
1032 1125 1103 1170 stare
1112 1121 1294 1171 sancfionibus
1307 1135 1328 1172 s.
1341 1133 1421 1169 oecu-

156 1204 251 1254 menici
271 1203 410 1270 generetis,
437 1203 509 1270 quod
527 1206 623 1255 sisino
641 1204 730 1255 fructu
748 1205 887 1269 abruptum
904 1203 991 1267 fuerit,
1016 1219 1062 1256 eos
1079 1207 1210 1271 parituros
1233 1205 1347 1256 coneilio
1373 1219 1420 1254 ns·

155 1289 249 1339 tiensli
267 1289 332 1355 (rgl
352 1289 419 1342 Pall.
438 1294 464 1352 s,
483 1290 553 1354 661).
582 1287 623 1341 lm
641 1291 750 1340 weiteru
769 1290 880 1341 Verlauf
895 1291 975 1351 (dssu
992 1291 1058 1342 Pali.
1077 1294 1102 1354 2,
1120 1291 1198 1358 662):
1221 1292 1298 1342 nubis
1315 1289 1420 1340 videtur

156 1373 354 1440 expectendum
375 1373 439 1440 quid
456 1376 576 1440 responsi
598 1377 733 1442 accipient
749 1380 869 1426 oratores
891 1376 963 1427 Gelli
987 1376 1168 1443 adscriptum
1189 1377 1259 1442 regis
1277 1377 1325 1438 sui,
1349 1381 1379 1426 ut
1396 1377 1419 1425 si

156 1458 339 1510 declarabitur
356 1462 395 1510 eis
412 1465 531 1526 potestas
548 1461 720 1527 proponendi,
744 1477 793 1511 nos
811 1460 906 1511 eadem
923 1461 1048 1512 libertate
1069 1462 1131 1513 freti
1148 1461 1243 1512 librum
1261 1459 1317 1510 Me.
1342 1460 1373 1510 V.
1392 1459 1420 1510 S.

154 1547 205 1595 toti
223 1545 338 1594 concilio
355 1559 540 1610 proponamus.
557 1561 619 1597 num
637 1549 739 1598 etiamsi
757 1546 890 1612 deputatis
900 1545 1044 1612 offerretur,
1061 1551 1150 1598 temen
1167 1549 1256 1598 statim
1273 1545 1308 1596 ad
1325 1560 1418 1596 monus

153 1630 188 1680 D.
208 1635 342 1682 oratorum
359 1631 457 1682 rediret
479 1637 507 1682 st
529 1637 560 1682 ut
582 1638 663 1683 anua
680 1633 877 1698 opprimeretur.
904 1633 970 1684 nihil
993 1639 1081 1686 autern
1104 1634 1161 1684 siue
1184 1634 1257 1684 iussu
1281 1632 1418 1694 iaciemus,

153 1717 307 1782 priusquam
324 1716 385 1766 ΜΝ
401 1715 433 1767 V.
451 1715 479 1770 8.
498 1716 633 1768 dominum
660 1717 690 1768 Ο.
710 1717 901 1783 Letharingiae
919 1718 1023 1784 studiat,
1049 1718 1111 1770 ideo
1139 1718 1296 1770 elementem
1319 1717 1419 1768 resolu-

152 1802 255 1854 tionem
271 1799 326 1852 ΜΕ·
344 1802 376 1855 V.
394 1801 421 1854 S.
439 1803 467 1852 in
485 1816 517 1854 eo
537 1802 745 1868 expectabimus,
771 1817 841 1869 quae
858 1803 930 1854 haud
948 1803 1030 1854 dubio
1056 1819 1104 1870 pre
1128 1803 1255 1870 singulari
1277 1802 1418 1870 prudentia

155 1887 263 1952 accipit,
286 1889 340 1938 ism
358 1889 526 1939 occasionem
544 1903 573 1938 se
591 1887 686 1938 offerre
703 1893 734 1937 ut
752 1887 865 1938 coneilio
883 1888 934 1952 ipsi
951 1887 1056 1938 articuli
1073 1885 1127 1937 Me.
1144 1887 1176 1938 V.
1195 1887 1221 1938 S.
1240 1893 1419 1954 proponantur

154 1987 207 2022 nee
225 1973 325 2022 diutius
351 1974 386 2027 D.
405 1973 554 2040 legatorum
576 1972 684 2024 srbitrio
704 1975 891 2038 opprimentur,
918 1973 1050 2038 siqnidem
1072 1972 1124 2038 ipsi
1140 1973 1175 2026 D.
1193 1973 1276 2040 legati
1297 1973 1418 2025 omnibus

154 2057 299 2108 fenestram
311 2061 433 2124 aperiunt
444 2059 571 2109 menies
588 2059 781 2110 reformationis
799 2057 835 2109 ad
847 2058 987 2124 deputatos
1006 2057 1141 2111 offerendi.
1160 2059 1265 2125 quodsi
1283 2059 1336 2110 illis
1347 2060 1417 2124 prio·

155 2144 230 2194 ribus
249 2144 312 2194 Mis·
324 2144 356 2199 V.
369 2143 397 2196 8.
415 2144 516 2210 aliquid
533 2144 654 2196 additum
671 2145 793 2208 voluerit,
810 2158 933 2212 rogemus
950 2159 1000 2196 nos
1018 2145 1097 2196 eitius
1114 2145 1197 2196 facist
1210 2147 1344 2196 eertimes.
1362 2145 1419 2196 heri

154 2235 281 2295 coeptum
299 2237 340 2280 est
358 2245 376 2281 s
392 2231 526 2295 theologie
544 2230 673 2295 disputem
691 2230 725 2281 ds
736 2235 903 2282 sacramente
920 2231 1078 2282 matrimonii
1094 2235 1121 2282 st
1138 2230 1244 2282 videtur
1261 2230 1294 2281 de
1313 2229 1420 2280 clande-

154 2316 231 2366 stinis
249 2317 422 2368 matrimoniis
439 2317 529 2382 gravis
545 2317 670 2366 intricate
688 2321 716 2366 et
726 2313 831 2379 prolixa
848 2315 1006 2382 disceptatio
1026 2317 1133 2367 oritura.
1146 2343 1179 2354 -
1197 2317 1265 2366 Vorn
1280 2318 1311 2366 1³
1323 2315 1415 2366 Febr.:

151 2399 243 2452 iudom
262 2402 305 2451 dis
317 2400 447 2452 Orstcrsn
466 2401 518 2451 den
535 2414 578 2451 em
597 2403 631 2451 10
647 2401 803 2451 verlesenen
819 2399 895 2451 Brief
911 2401 958 2451 des
975 2401 1077 2466 Ktnigs
1094 2416 1148 2452 von
1158 2399 1321 2452 Frsnlrreioh
1340 2399 1416 2465 (lisgt

149 2484 189 2536 im
208 2487 303 2538 Urtext
320 2487 374 2554 bei)
393 2503 423 2538 se
440 2489 491 2537 wie
511 2487 554 2537 die
565 2485 640 2538 Rede
654 2487 771 2537 Ferriers
789 2486 879 2552 (beide
896 2488 925 2536 in
936 2485 975 2536 Le
987 2485 1049 2537 Plst
1060 2489 1085 2550 ὁ,
1103 2485 1251 2553 ott-een)
1264 2485 1416 2548 einssnden,

149 2571 297 2623 bemerlren
314 2575 366 2624 sie:
385 2572 418 2623 de
432 2587 464 2622 so
476 2577 564 2623 auum
577 2571 650 2638 quod
662 2571 868 2637 nudiusqusrtus
881 2587 914 2621 ex
926 2571 960 2622 D.
972 2571 1161 2638 Lotheringiae
1172 2572 1315 2622 cardinalis
1326 2571 1415 2622 verbio

149 2660 349 2723 scripseramne,
368 2657 441 2724 qued
452 2658 557 2708 scilicet
573 2657 668 2708 iisdem
680 2658 762 2708 literis
779 2657 845 2708 illud
864 2659 943 2708 etiam
956 2657 1142 2721 contineretur,
1160 2673 1194 2708 ne
1211 2657 1322 2723 posthac
1336 2655 1417 2708 chiffl

149 2746 223 2810 regis
241 2749 358 2795 oratores
377 2759 438 2794 cum
450 2743 486 2796 D.
497 2743 601 2810 legatis,
619 2743 667 2793 sed
685 2759 746 2794 oum
762 2745 827 2808 ipsis
844 2744 965 2809 patribus
983 2743 1016 2794 ds
1033 2745 1113 2796 rebus
1124 2743 1281 2794 necessariis
1299 2748 1416 2810 egerent,

149 2830 227 2880 nulla
243 2845 349 2894 prorsus
366 2831 465 2882 mentio
483 2829 534 2880 fuit
556 2828 622 2898 (rgl
640 2829 842 2880 nume-mmet
859 2832 884 2892 3,
903 2831 967 2891 439,
993 2828 1149 2880 Beccsdelli
1167 2832 1191 2893 2,
1208 2831 1253 2892 es,
1272 2828 1415 2878 Mendhsm

149 2917 218 2977 4⁷83
236 2915 303 2966 Pali.
322 2918 348 2978 2,
366 2916 438 2980 648).
473 2915 575 2966 Walter
592 2915 658 2965 iiber
681 2915 725 2964 die
743 2915 940 2982 congregation
958 2929 1020 2964 vem
1039 2916 1072 2964 10
1088 2915 1221 2965 Februer:
1250 2915 1414 2979 prepositum

149 3007 193 3052 est
210 3003 338 3068 patribus,
361 3015 396 3051 an
413 3000 513 3052 vellent
529 2999 586 3052 fieri
604 2999 801 3066 deputationem
824 2999 971 3066 aliquorum
988 3005 1092 3065 patrum
1116 3001 1161 3066 qui
1179 3015 1225 3051 eos
1242 3001 1341 3050 abusus
1359 2999 1413 3050 col-

149 3087 266 3154 ligerent
287 3089 333 3154 qui
356 3089 429 3137 circa
451 3087 549 3138 ordinis
573 3093 768 3137 sacramentum
791 3087 919 3138 committi
937 3086 1037 3144 solent;
1060 3087 1099 3136 ita
1117 3088 1185 3136 enim
1203 3087 1319 3136 futurum
1337 3090 1367 3136 ut
1385 3090 1412 3134 st

150 3171 235 3224 Cirr⁸¹¹³
252 3176 321 3239 regis
338 3171 479 3238 postulatis
497 3177 524 3222 et
535 3172 676 3223 multorum
693 3178 797 3238 patrum
814 3174 936 3238 petitioni
953 3171 1064 3222 sstisiiat
1080 3173 1127 3238 qui
1144 3173 1357 3224 reformationem
1368 3186 1413 3222 ex-

148 3265 244 3324 petere
260 3259 421 3322 riderentur,
439 3273 501 3310 nam
513 3260 536 3308 si
552 3257 588 3308 ad
600 3256 648 3308 hos
660 3258 801 3323 deputatos
810 3264 899 3323 patres
913 3258 1011 3308 abusus
1021 3257 1173 3310 deferantur
1186 3258 1271 3324 deque
1282 3259 1315 3308 iis
1327 3263 1414 3322 patres

149 3351 247 3410 postea
265 3345 420 3407 deliberent,
443 3351 500 3395 tum
517 3359 582 3395 vero
599 3344 699 3394 unllam
717 3345 832 3395 futurem
851 3359 959 3394 eausam
983 3359 1030 3394 eur
1047 3345 1184 3410 quisquam
1201 3344 1414 3394 reformationem

150 3432 328 3497 praetermitti
346 3432 420 3498 queri
436 3432 528 3497 pessit
558 3445 694 3482 assensum
713 3435 754 3481 est
776 3431 810 3481 ab
829 3430 950 3481 omnibus
973 3435 1004 3480 ut
1022 3444 1054 3480 es
1077 3429 1191 3480 delectio
1214 3427 1260 3479 liat
1277 3429 1311 3482 D.
1331 3427 1415 3478 cerdi-

149 3517 252 3568 nalinm
268 3519 384 3582 arbitrio,
402 3520 448 3584 qui
465 3523 548 3568 tetam
558 3532 615 3568 rem
631 3519 659 3568 in
677 3523 831 3584 sequentem
849 3515 918 3566 diem
937 3517 1093 3569 reiecerunt.
1112 3531 1162 3582 ego
1177 3515 1325 3581 Pragensis,
1343 3511 1414 3578 qnod

148 3601 207 3652 Me.
218 3603 251 3657 V.
261 3603 288 3653 S.
301 3603 401 3654 nullam
419 3605 580 3654 mentionem
597 3602 654 3654 fieri
669 3602 794 3666 viderem,
814 3618 874 3652 cum
886 3609 975 3652 temen
986 3603 1068 3667 ipsius
1082 3607 1199 3652 oratores
1210 3601 1286 3667 primi
1298 3601 1414 3650 omniurn

148 3689 187 3740 ad
210 3688 262 3739 hee
281 3687 423 3740 concilium
440 3689 568 3752 venerint,
593 3702 655 3738 euru
679 3689 738 3753 ipss
761 3703 824 3738 vers
841 3688 1031 3753 primogenitus
1050 3687 1180 3738 ecelesiae
1197 3687 1267 3737 filius
1285 3687 1326 3748 sit,
1354 3700 1415 3734 cum

149 3775 206 3825 iam
229 3774 352 3825 amultis
369 3775 503 3825 mensibus
525 3773 591 3824 nibil
609 3772 683 3824 aliud
709 3788 788 3839 quam
814 3774 1027 3824 reformationem
1046 3779 1177 3838 expectat,
1204 3775 1230 3824 ei
1248 3772 1412 3837 deputationi

147 3861 315 3912 subscribere
332 3859 413 3910 nolui.
431 3858 512 3910 rslds
529 3861 598 3910 enim
615 3859 731 3910 absurde
743 3858 848 3909 videtur
865 3859 944 3924 quod,
963 3875 1023 3910 cum
1041 3861 1119 3910 toties
1128 3860 1295 3924 promiserint
1306 3873 1335 3908 ss
1347 3857 1410 3906 arti·

150 3946 227 3998 eulos
244 3945 299 3998 Mi·
318 3945 350 4000 V.
363 3945 389 3996 S.
407 3945 596 4010 propositurus,
614 3949 675 4010 post
692 3950 732 3995 tot
748 3959 852 3994 menses
870 3960 918 3994 nos
935 3946 1069 3995 remittent
1087 3943 1122 3995 ad
1140 3945 1279 4009 deputatos
1297 3945 1342 4008 qui
1355 3942 1410 3992 col·

149 4033 235 4083 lectos
253 4031 379 4082 articulos
397 4047 486 4082 rursus
509 4030 545 4080 ad
561 4032 634 4096 ipsos
651 4031 685 4080 D.
703 4029 807 4096 legatos
825 4031 945 4081 deferent
964 4035 991 4080 et
1008 4032 1041 4082 D.
1060 4031 1142 4096 legati
1165 4029 1266 4080 exiliis
1284 4019 1411 4095 quicquid

149 4119 285 4170 videbitur
302 4123 459 4184 proponent,
477 4117 515 4167 its
525 4121 555 4166 ut
566 4118 701 4182 negotium
713 4117 908 4167 reformationis
920 4122 975 4167 tem
987 4119 1153 4168 necessariae
1165 4131 1254 4166 rursus
1265 4118 1293 4166 in
1305 4115 1413 4183 longum

149 4205 304 4256 extrahatur
321 4208 348 4254 et
365 4203 442 4269 qussi
458 4217 506 4269 per
524 4201 651 4254 circulum
669 4203 704 4252 ad
722 4202 835 4252 eundem
853 4207 950 4252 statum
968 4201 1061 4252 redest
1077 4203 1105 4251 in
1122 4217 1174 4267 quo
1193 4202 1321 4252 hactenus
1339 4202 1412 4253 nullo

149 4293 239 4342 fructu
256 4305 360 4356 semper
377 4290 505 4342 subsistit.
523 4315 558 4326 -
575 4287 644 4339 Vom
662 4289 696 4338 28
714 4288 846 4338 Febrner:
871 4293 976 4354 gestem
993 4289 1048 4338 traf
1063 4287 1110 4338 der
1129 4287 1158 4338 C.
1177 4303 1231 4338 von
1249 4287 1412 4354 Lcthringen
1488 4313 1491 4320 ·

148 4377 249 4428 wieder
261 4379 311 4440 ein,
329 4375 452 4442 sugleieh
469 4374 532 4424 irem
550 4374 597 4424 der
613 4374 722 4440 Herzog
733 4390 786 4425 von
798 4375 909 4424 blentus
921 4388 969 4438 an,
987 4372 1039 4424 elle
1051 4372 1274 4439 Verhandlungen
1291 4375 1413 4439 steclren,

150 4465 187 4514 da
204 4461 251 4514 der
270 4462 299 4514 C.
317 4478 370 4513 von
388 4463 500 4512 Mantus
518 4462 568 4510 seit
586 4460 642 4510 drei
660 4460 752 4526 Tagen
770 4460 872 4510 schwer
890 4460 976 4509 krsnk
993 4461 1028 4508 ist
1050 4458 1105 4508 und
1123 4458 1159 4508 ds
1177 4459 1245 4509 such
1264 4457 1410 4525 Seripendo

149 4551 200 4600 das
218 4549 331 4598 Zimmer
347 4549 430 4598 hilten
447 4561 527 4599 muss.
544 4573 579 4584 ·-
596 4547 664 4598 Vem
682 4547 797 4596 ensis:
817 4546 865 4596 der
882 4544 912 4595 C.
926 4560 979 4596 ren
990 4545 1101 4596 Mantus
1118 4545 1152 4596 ist
1170 4561 1223 4596 von
1235 4545 1287 4596 den
1298 4547 1413 4599 Aersten

149 4634 331 4701 auigcgaben;
359 4649 388 4683 er
411 4635 447 4683 ist
462 4631 648 4695 unersetslich,
675 4631 719 4682 bic
738 4633 807 4682 euim
825 4645 892 4682 unus
910 4637 938 4681 et
954 4631 1094 4696 prudentia
1112 4637 1139 4680 et
1157 4632 1257 4698 optima
1274 4633 1411 4684 voluntate

149 4725 231 4786 atque
249 4721 408 4771 auctoritate
425 4717 566 4784 plurimum
576 4717 661 4782 velet,
680 4717 832 4768 derllsiser
850 4721 928 4782 mbge
942 4716 1128 4781 nschdenlren,
1146 4734 1205 4768 sven
1223 4735 1252 4769 er
1266 4719 1306 4770 uls
1324 4720 1412 4770 Nach-

148 4808 237 4873 folger
254 4807 301 4857 des
314 4805 452 4858 Csrdinals
471 4819 531 4855 sum
542 4804 629 4870 Legat
646 4808 758 4854 ernennt
774 4818 808 4854 su
824 4801 891 4853 sehn
909 4802 1042 4866 wilnsche,
1060 4803 1115 4852 und
1132 4809 1211 4869 mbge
1222 4805 1281 4854 sich
1292 4806 1339 4855 mit
1352 4804 1411 4856 dem

148 4897 248 4960 Papste
270 4893 335 4944 tiber
354 4891 397 4943 die
414 4892 514 4942 Person
531 4889 727 4954 verstttndigen,
751 4889 834 4940 demit
850 4887 925 4938 nicht
942 4902 977 4938 su
996 4889 1068 4938 einer
1084 4889 1231 4941 unreohten
1248 4890 1328 4942 wahl
1345 4891 1411 4941 alles

149 4981 288 5034 scheitere.

638 5097 841 5113 w
