3460 5826
312 533 382 600 ’444

316 715 349 783 S.
373 717 428 784 S‘u
440 739 632 806 promovere
656 721 782 788 debeat.
808 761 843 772 -
870 719 911 788 ad
934 719 1016 787 VIII
1039 721 1113 788 dico
1135 722 1297 808 urgendos
1319 743 1390 788 esse
1418 719 1574 787 articulos
1597 744 1658 809 pa—

315 829 463 910 trumque
476 822 739 890 deliberationem
755 824 992 911 expectandam
1009 825 1049 890 de
1066 822 1177 890 calicis
1192 825 1402 891 concessione
1416 833 1450 890 et
1462 826 1659 890 monitorum

315 925 512 1009 sacerdotio,
540 929 728 1013 praesertim
764 948 835 992 oum
862 925 949 992 Galli
979 949 1108 1014 quoque
1131 925 1241 994 calieis
1263 950 1358 993 usum
1381 927 1518 994 concedi
1541 937 1657 1015 postu-

313 1024 389 1110 lent,
413 1037 445 1093 et
467 1029 553 1094 orbie
576 1039 727 1117 expectet
749 1029 828 1116 quid
851 1028 892 1093 de
914 1031 1037 1094 maritis
1060 1029 1102 1094 ad
1116 1030 1299 1096 sacerdotia
1319 1029 1550 1118 promovendis
1577 1053 1658 1096 oon·

313 1128 423 1194 cilium
446 1133 487 1196 sit
507 1133 799 1218 pronuntiaturum.
831 1142 973 1198 ceterum
993 1131 1149 1198 articulus
1171 1131 1212 1198 de
1234 1155 1293 1198 esu
1315 1133 1460 1198 carnium
1482 1133 1564 1198 mihi
1585 1155 1657 1198 non

313 1233 390 1296 satis
412 1234 575 1319 probatur,
612 1236 804 1321 praesertim
840 1257 913 1300 eum
946 1234 1009 1300 hoe
1030 1243 1174 1323 tempore
1206 1257 1313 1322 neque
1349 1235 1504 1301 haeretici
1541 1258 1656 1322 neque

313 1331 463 1402 catholici
485 1336 619 1402 multum
640 1359 782 1424 vereque
805 1337 948 1402 ieiunare
970 1336 1149 1404 videantur.
1174 1373 1215 1386 -
1237 1334 1280 1402 ad
1300 1337 1352 1402 IX
1375 1360 1418 1403 cx
1445 1337 1495 1403 IV
1514 1361 1656 1426 respon-

312 1435 380 1502 deri
403 1447 518 1525 potest.
542 1477 581 1486 -
605 1439 649 1503 ad
670 1439 705 1504 X
727 1439 799 1504 dieo
828 1437 955 1504 concilii
984 1448 1093 1524 patres
1122 1439 1163 1504 de
1192 1437 1248 1505 tali
1277 1439 1464 1507 diversitate
1486 1463 1546 1506 suo
1569 1453 1655 1507 tem·

310 1561 390 1626 pore
413 1563 484 1608 esse
507 1542 700 1624 edocendos,
725 1543 780 1628 qui
802 1551 916 1628 postea
938 1540 1128 1608 iudicabunt
1154 1542 1234 1629 quid
1262 1545 1436 1631 unicuique
1464 1545 1593 1628 regioni
1619 1555 1655 1608 et

311 1652 471 1728 quatenus
495 1643 738 1710 concedendum
769 1643 822 1709 vel
851 1643 1034 1730 negandum
1061 1645 1120 1723 sit,
1152 1647 1300 1732 quamvis
1331 1645 1365 1710 in
1388 1645 1524 1712 coneilio
1549 1669 1652 1712 oecu-

311 1746 438 1811 menico
461 1747 628 1833 generales
652 1758 792 1812 canones
815 1747 858 1812 ad
880 1769 990 1813 omnes
1012 1748 1160 1833 regiones
1188 1747 1300 1814 mundi
1328 1748 1509 1836 aequaliter
1531 1771 1568 1814 se
1593 1773 1653 1816 ex-

308 1847 480 1914 tendentes
502 1850 634 1916 decemi
658 1850 792 1916 soleant.
814 1887 858 1896 —
880 1850 924 1914 ad
945 1849 996 1914 XI
1017 1849 1090 1917 dieo
1112 1859 1149 1915 ut
1170 1849 1213 1914 ad
1235 1849 1373 1916 viridem
1402 1850 1651 1918 observantiam

308 1953 432 2038 antiqui
455 1975 597 2020 canones
619 1962 813 2019 revocentur
840 1963 936 2040 atque
964 1961 1030 2018 tam
1059 1975 1119 2039 per
1146 1975 1306 2018 summum
1337 1954 1523 2040 pontificem
1547 1977 1650 2042 quam

307 2056 546 2141 imperatoriam
568 2057 643 2122 M“'⁰
662 2056 809 2144 aliosque
831 2077 925 2141 reges
948 2066 981 2120 et
1002 2057 1164 2142 principes
1187 2059 1371 2123 executioni
1394 2067 1552 2144 quatenus
1575 2057 1652 2121 fieri

307 2159 425 2242 poterit
448 2157 692 2224 demandentur.
714 2195 758 2206 --
780 2158 823 2223 ad
849 2158 917 2224 XII
939 2157 1012 2224 dioc
1036 2157 1222 2244 dogmatum
1253 2159 1476 2224 tractationem
1498 2161 1565 2224 iam
1590 2161 1650 2224 im-

306 2259 499 2346 pediri'non
519 2283 626 2348 posse,
650 2285 723 2327 eum
745 2261 858 2326 ultima
871 2283 949 2347 pars
964 2259 1160 2344 dogmatum,
1183 2260 1246 2325 hoe
1260 2271 1310 2326 est
1323 2261 1519 2327 matrimonii
1535 2283 1651 2326 sacra·

306 2372 459 2444 mentum,
483 2363 525 2428 ad
548 2363 779 2452 disputandum
800 2365 864 2428 iam
887 2364 928 2428 sit
949 2364 1132 2450 proposita3
1155 2384 1229 2428 cum
1250 2362 1313 2428 hoo
1333 2371 1443 2428 umen
1465 2372 1498 2428 et
1519 2363 1650 2429 ordinis

306 2476 508 2534 sacramento
530 2466 673 2532 nondum
698 2465 846 2532 absoluto
874 2475 943 2530 tota
970 2464 1205 2532 reformationis
1233 2467 1315 2530 ratio
1345 2474 1433 2532 recte
1456 2466 1592 2532 tractam
1616 2477 1650 2532 et

305 2568 431 2636 absolvi
454 2591 584 2657 quoque
605 2571 734 2655 poterit,
769 2569 796 2633 si
819 2565 864 2633 illi
885 2567 1046 2633 voluerint
1067 2590 1087 2632 a
1109 2567 1228 2655 quibus
1251 2568 1350 2634 ceteri
1370 2567 1566 2655 dependent
1603 2605 1650 2616 -

308 2672 350 2737 ud
373 2671 459 2737 XIII
481 2695 525 2738 ex
545 2672 609 2738 hoo
629 2671 838 2759 praecedenti
866 2671 1002 2737 articulo
1030 2669 1218 2756 responderi
1246 2679 1351 2757 potest
1379 2681 1412 2736 et
1439 2672 1567 2738 remitto
1594 2695 1648 2736 me

305 2775 348 2840 ad
370 2797 411 2840 ea
434 2797 517 2861 quae
540 2777 573 2840 in
596 2776 697 2862 priori
719 2775 839 2861 scripto
863 2796 901 2838 cs
924 2773 964 2840 de
986 2798 1021 2840 re
1044 2774 1122 2839 dixi.
1145 2809 1188 2822 -
1210 2774 1253 2839 ad
1274 2773 1356 2839 XIV
1379 2773 1452 2840 dieo
1475 2773 1508 2839 S.
1532 2774 1596 2839 Mu.
1609 2775 1647 2841 C.

302 2879 336 2942 in
359 2876 496 2945 concilio
519 2878 735 2964 praesentiam
760 2899 963 2963 summopere
985 2876 1096 2942 utilem
1119 2876 1259 2942 futuram
1293 2886 1342 2957 et,
1371 2885 1408 2941 ut
1429 2887 1554 2942 ceteras
1582 2880 1646 2940 uti-

303 2980 410 3046 litates
433 2990 570 3062 taceam,
593 2979 677 3046 hanc
700 2989 787 3046 certo
819 2987 1064 3046 consecuturam
1093 2980 1206 3062 credo,
1234 2988 1344 3066 patres
1373 2980 1523 3046 nimirum
1545 2979 1646 3065 louge

303 3085 419 3150 maiori
443 3106 516 3150 cum
538 3083 686 3150 libertate
709 3075 852 3148 dicturos
875 3091 907 3148 et
928 3090 1057 3148 sobaros
1080 3083 1197 3147 omnia.
1227 3083 1388 3169 pontificis
1416 3103 1546 3169 quoque
1568 3104 1641 3146 ma-

305 3187 387 3260 ximi
417 3187 630 3274 propinquior
658 3206 808 3252 accessus
831 3193 1025 3272 speraretur,
1057 3184 1115 3249 sed
1138 3183 1219 3250 alias
1240 3183 1283 3249 de
1303 3183 1366 3250 hoc
1388 3183 1523 3248 articulo
1545 3184 1644 3271 plura

305 3289 384 3355 dixi.
413 3303 500 3356 nunc
526 3289 589 3356 hoc
617 3281 719 3356 solum
748 3288 865 3354 adiicio
889 3288 964 3353 Μ”“1
985 3286 1019 3354 S.
1043 3286 1086 3369 S„
1115 3286 1192 3352 licet
1213 3285 1314 3352 multa
1345 3295 1378 3351 et
1406 3287 1576 3372 praeclara
1605 3289 1642 3351 in

303 3394 374 3460 vita
394 3394 508 3480 egerit,
530 3392 592 3458 hac
615 3415 680 3458 una
707 3402 817 3458 tumen
844 3415 879 3456 re
906 3389 985 3456 nihil
1013 3389 1212 3478 praeclarius
1241 3388 1386 3476 nihilque
1414 3398 1547 3454 aeterna
1574 3413 1641 3455 me·

302 3497 405 3564 moria
428 3495 556 3583 dignius
579 3496 685 3582 egisse
706 3494 760 3560 vel
781 3496 814 3559 in
836 3504 1002 3580 posterum
1025 3515 1122 3578 agere
1153 3515 1259 3579 posse.
1292 3501 1477 3558 constanter
1504 3493 1640 3579 insuper

300 3599 426 3666 affirmo
449 3621 492 3664 ex
513 3597 576 3664 hac
598 3599 695 3663 unica
716 3621 751 3662 re
773 3599 871 3662 totius
894 3595 1023 3663 concilii
1044 3596 1171 3662 felicem
1192 3617 1401 3682 progressum
1422 3605 1456 3661 et
1477 3593 1639 3660 desidera·

298 3703 458 3768 tissimum
479 3701 714 3788 universseque
740 3699 938 3785 reipublicae
965 3698 1159 3764 christianae
1192 3696 1366 3764 salutarem
1391 3697 1490 3764 finem
1516 3697 1636 3784 depen-

301 3805 388 3871 dere.
400 3841 441 3852 -
453 3804 519 3870 XV
527 3804 675 3891 proxime
688 3802 933 3890 praecedentem
947 3803 1040 3888 quasi
1051 3802 1234 3868 necessario
1246 3801 1400 3890 consequi
1411 3799 1548 3866 videtur.
1559 3822 1636 3865 uam

300 3907 376 3974 MV*
396 3906 430 3972 S.
453 3907 644 3972 Tridentum
665 3905 936 3992 proticiscentem,
968 3905 996 3969 si
1016 3927 1081 3970 non
1105 3926 1233 3982 omnes,
1262 3911 1405 3970 atcerte
1435 3904 1538 3969 maior
1559 3925 1635 3990 pars

300 4009 540 4076 Germanorum
568 4010 794 4097 episcoporum
828 4019 861 4074 et
889 4007 1045 4074 abbatum
1077 4009 1111 4072 iu
1140 4007 1276 4074 concilio
1304 4029 1420 4072 vocem
1448 4004 1634 4072 habentium

299 4121 508 4201 sequeretur,
543 4111 632 4200 quod
653 4133 758 4199 nuper
779 4111 852 4176 R...
877 4109 1123 4198 Salnburgensis
1145 4133 1197 4176 me
1219 4109 1372 4176 audiente
1392 4108 1568 4175 affirmarit
1591 4109 1634 4173 di·

298 4217 413 4304 xitque
436 4239 475 4284 eo
498 4238 578 4283 casu
599 4238 635 4282 se
658 4236 788 4303 quoque
803 4213 993 4280 Tridentum
1015 4213 1226 4279 libentissime
1247 4211 1468 4300 proiecturum
1487 4235 1570 4280 esse.
1595 4255 1631 4266 -

299 4321 342 4386 ad
362 4321 447 4390 XVI
469 4321 542 4387 dico
565 4319 784 4386 necessarium
807 4317 910 4383 videri
932 4325 1056 4383 uttam
1079 4315 1168 4403 apud
1188 4315 1374 4403 pontificem
1397 4337 1495 4404 quam
1510 4316 1545 4382 iu
1560 4339 1632 4383 eon·

298 4423 372 4490 eilio
395 4422 483 4510 apud
504 4423 629 4509 legatos
651 4444 710 4509 per
733 4430 876 4488 oratores
899 4419 961 4484 Me.
976 4418 1009 4486 S.
1033 4420 1116 4486 serio
1133 4428 1256 4506 agatur,
1280 4427 1316 4484 ut
1329 4417 1485 4506 deinceps
1499 4418 1542 4484 ad
1556 4430 1632 4486 vota

298 4535 427 4614 patrum
450 4524 686 4592 conscribenda
708 4524 751 4590 ad
771 4525 940 4588 minimum
961 4531 1027 4588 tres
1051 4521 1217 4588 seeretarii
1241 4521 1465 4603 adhibeantur,
1490 4523 1629 4610 eoquod

298 4651 391 4713 unus,
414 4629 543 4695 etiamsi
564 4631 605 4694 sit
628 4629 778 4715 optimus,
808 4634 917 4692 tantae
945 4626 994 4691 rei
1020 4627 1079 4691 vix
1107 4625 1255 4691 sufficere
1282 4645 1379 4713 posse
1407 4621 1568 4691 videatur.
1589 4659 1628 4677 ·-·

297 4731 341 4797 ad
362 4731 510 4798 ultimum
532 4731 605 4798 dico
627 4739 757 4819 patrum
779 4728 1044 4812 deliberationem
1074 4727 1312 4816 expectandam
1333 4750 1454 4816 eosque
1476 4727 1535 4815 qui
1555 4727 1625 4792 resi·

298 4837 440 4902 dentiam
463 4835 566 4900 etvini
587 4834 666 4898 iuris
689 4855 760 4898 esse
783 4831 953 4915 affirmant,
976 4831 1135 4898 iuvandos
1157 4841 1190 4896 et
1210 4830 1427 4918 protegendos
1449 4851 1532 4911 esse,
1555 4851 1624 4918 quo·

295 4941 356 5006 t'es
378 4961 431 5005 res
452 4937 682 5026 postulaverit;
704 4938 738 5001 in
760 4933 893 5022 reliquis
916 4934 1065 5001 omnibus
1087 4934 1130 5000 ad
1152 4933 1308 5020 scriptum
1330 4935 1350 4998 2
1373 4931 1427 5000 die
1448 4933 1621 5022 praesentis
1726 5013 1727 5016 Ἴ

293 5044 413 5113 mensis
435 5044 474 5113 O.
495 5040 547 5110 Mn
569 5040 750 5110 exhibitum
771 5061 824 5108 me
845 5037 973 5107 remitto
1005 5047 1169 5130 postremo
1185 5037 1335 5128 dignetur
1355 5037 1423 5106 Ma·
1435 5037 1472 5107 0.
1495 5039 1620 5109 veluti·
