<?xml version="1.0" encoding="UTF-8"?>
<!DOCTYPE html PUBLIC "-//W3C//DTD XHTML 1.0 Transitional//EN"
    "http://www.w3.org/TR/xhtml1/DTD/xhtml1-transitional.dtd">
<html xmlns="http://www.w3.org/1999/xhtml" xml:lang="en" lang="en">
 <head>
  <title>
</title>
<meta http-equiv="Content-Type" content="text/html;charset=utf-8" />
  <meta name='ocr-system' content='tesseract 3.04.00' />
  <meta name='ocr-capabilities' content='ocr_page ocr_carea ocr_par ocr_line ocrx_word'/>
</head>
<body>
  <div class='ocr_page' id='page_1' title='image "./zurgeschichtede00unkngoog/zurgeschichtede00unkngoog_0292.png"; bbox 0 0 3450 5818; ppageno 0'>
   <div class='ocr_carea' id='block_1_1' title="bbox 1395 539 1458 606">
    <p class='ocr_par' dir='ltr' id='par_1_1' title="bbox 1395 539 1458 606">
     <span class='ocr_line' id='line_1_1' title="bbox 1395 539 1458 606; baseline -0.016 0"><span class='ocrx_word' id='word_1_1' title='bbox 1395 539 1458 606; x_wconf 74' lang='lat'><strong>2¹27</strong></span> 
     </span>
    </p>
   </div>
   <div class='ocr_carea' id='block_1_2' title="bbox 121 724 1487 2667">
    <p class='ocr_par' dir='ltr' id='par_1_2' title="bbox 121 724 1487 2667">
     <span class='ocr_line' id='line_1_2' title="bbox 130 724 1459 814; baseline 0.005 -26"><span class='ocrx_word' id='word_1_2' title='bbox 130 731 228 789; x_wconf 87' lang='lat' dir='ltr'><strong>tatum</strong></span> <span class='ocrx_word' id='word_1_3' title='bbox 252 724 368 790; x_wconf 85' lang='lat' dir='ltr'><strong>luisset</strong></span> <span class='ocrx_word' id='word_1_4' title='bbox 389 747 496 813; x_wconf 89' lang='lat' dir='ltr'><strong>neque</strong></span> <span class='ocrx_word' id='word_1_5' title='bbox 520 725 690 791; x_wconf 78' lang='lat' dir='ltr'><strong>cecidisset</strong></span> <span class='ocrx_word' id='word_1_6' title='bbox 710 724 881 792; x_wconf 76' lang='lat' dir='ltr'><strong>infeliciter</strong></span> <span class='ocrx_word' id='word_1_7' title='bbox 902 725 959 791; x_wconf 90' lang='lat' dir='ltr'><strong>illa</strong></span> <span class='ocrx_word' id='word_1_8' title='bbox 979 729 1140 794; x_wconf 75' lang='lat' dir='ltr'><strong>tactatio.</strong></span> <span class='ocrx_word' id='word_1_9' title='bbox 1163 727 1274 794; x_wconf 81' lang='lat' dir='ltr'><strong>audiri</strong></span> <span class='ocrx_word' id='word_1_10' title='bbox 1295 727 1383 792; x_wconf 87' lang='lat' dir='ltr'><strong>enirn</strong></span> <span class='ocrx_word' id='word_1_11' title='bbox 1398 749 1459 814; x_wconf 90' lang='lat' dir='ltr'><strong>ego</strong></span> 
     </span>
     <span class='ocr_line' id='line_1_3' title="bbox 129 827 1459 916; baseline 0.004 -25"><span class='ocrx_word' id='word_1_12' title='bbox 129 849 233 914; x_wconf 85' lang='lat' dir='ltr'><strong>saepe,</strong></span> <span class='ocrx_word' id='word_1_13' title='bbox 258 851 331 893; x_wconf 89' lang='lat' dir='ltr'><strong>curn</strong></span> <span class='ocrx_word' id='word_1_14' title='bbox 357 827 397 894; x_wconf 92' lang='lat' dir='ltr'><strong>de</strong></span> <span class='ocrx_word' id='word_1_15' title='bbox 418 829 462 892; x_wconf 66' lang='lat' dir='ltr'><strong>iisv</strong></span> <span class='ocrx_word' id='word_1_16' title='bbox 483 851 566 916; x_wconf 88' lang='lat' dir='ltr'><strong>quae</strong></span> <span class='ocrx_word' id='word_1_17' title='bbox 588 831 719 916; x_wconf 76' lang='lat' dir='ltr'><strong>positivi</strong></span> <span class='ocrx_word' id='word_1_18' title='bbox 741 831 818 894; x_wconf 84' lang='lat' dir='ltr'><strong>iuris</strong></span> <span class='ocrx_word' id='word_1_19' title='bbox 842 838 917 894; x_wconf 89' lang='lat' dir='ltr'><strong>sunt</strong></span> <span class='ocrx_word' id='word_1_20' title='bbox 937 851 1002 895; x_wconf 91' lang='lat' dir='ltr'><strong>non</strong></span> <span class='ocrx_word' id='word_1_21' title='bbox 1025 839 1092 894; x_wconf 90' lang='lat' dir='ltr'><strong>tam</strong></span> <span class='ocrx_word' id='word_1_22' title='bbox 1114 829 1277 897; x_wconf 89' lang='lat' dir='ltr'><strong>mordicus</strong></span> <span class='ocrx_word' id='word_1_23' title='bbox 1301 839 1333 896; x_wconf 92' lang='lat' dir='ltr'><strong>et</strong></span> <span class='ocrx_word' id='word_1_24' title='bbox 1353 829 1459 916; x_wconf 81' lang='lat' dir='ltr'><strong>rigide</strong></span> 
     </span>
     <span class='ocr_line' id='line_1_4' title="bbox 128 929 1457 1022; baseline 0.003 -28"><span class='ocrx_word' id='word_1_25' title='bbox 128 929 339 997; x_wconf 80' lang='lat' dir='ltr'><strong>defendendis</strong></span> <span class='ocrx_word' id='word_1_26' title='bbox 374 955 447 998; x_wconf 92' lang='lat' dir='ltr'><strong>cum</strong></span> <span class='ocrx_word' id='word_1_27' title='bbox 481 931 675 1022; x_wconf 88' lang='lat' dir='ltr'><strong>quibusdam</strong></span> <span class='ocrx_word' id='word_1_28' title='bbox 709 930 928 997; x_wconf 83' lang='lat' dir='ltr'><strong>cardinalibus</strong></span> <span class='ocrx_word' id='word_1_29' title='bbox 961 931 1161 998; x_wconf 80' lang='lat' dir='ltr'><strong>familiariter</strong></span> <span class='ocrx_word' id='word_1_30' title='bbox 1192 934 1260 1020; x_wconf 87' lang='lat' dir='ltr'><strong>egi,</strong></span> <span class='ocrx_word' id='word_1_31' title='bbox 1296 931 1457 999; x_wconf 86' lang='lat' dir='ltr'><strong>dicentes:</strong></span> 
     </span>
     <span class='ocr_line' id='line_1_5' title="bbox 127 1035 1457 1124; baseline 0.001 -24"><span class='ocrx_word' id='word_1_32' title='bbox 127 1035 247 1100; x_wconf 86' lang='lat' dir='ltr'><strong>utinam</strong></span> <span class='ocrx_word' id='word_1_33' title='bbox 271 1035 449 1102; x_wconf 86' lang='lat' dir='ltr'><strong>adversarii</strong></span> <span class='ocrx_word' id='word_1_34' title='bbox 471 1045 597 1102; x_wconf 89' lang='lat' dir='ltr'><strong>tentum</strong></span> <span class='ocrx_word' id='word_1_35' title='bbox 619 1059 657 1101; x_wconf 88' lang='lat' dir='ltr'><strong>co</strong></span> <span class='ocrx_word' id='word_1_36' title='bbox 679 1045 788 1101; x_wconf 86' lang='lat' dir='ltr'><strong>essent</strong></span> <span class='ocrx_word' id='word_1_37' title='bbox 803 1038 955 1120; x_wconf 85' lang='lat' dir='ltr'><strong>contenti,</strong></span> <span class='ocrx_word' id='word_1_38' title='bbox 979 1046 1149 1124; x_wconf 84' lang='lat' dir='ltr'><strong>utramque</strong></span> <span class='ocrx_word' id='word_1_39' title='bbox 1165 1037 1307 1123; x_wconf 90' lang='lat' dir='ltr'><strong>speciem</strong></span> <span class='ocrx_word' id='word_1_40' title='bbox 1323 1035 1457 1102; x_wconf 91' lang='lat' dir='ltr'><strong>innuen-</strong></span> 
     </span>
     <span class='ocr_line' id='line_1_6' title="bbox 126 1137 1457 1226; baseline 0.002 -24"><span class='ocrx_word' id='word_1_41' title='bbox 126 1147 180 1202; x_wconf 86' lang='lat' dir='ltr'><strong>tes.</strong></span> <span class='ocrx_word' id='word_1_42' title='bbox 215 1137 276 1202; x_wconf 90' lang='lat' dir='ltr'><strong>sed</strong></span> <span class='ocrx_word' id='word_1_43' title='bbox 302 1139 409 1202; x_wconf 82' lang='lat' dir='ltr'><strong>risum</strong></span> <span class='ocrx_word' id='word_1_44' title='bbox 430 1149 480 1204; x_wconf 88' lang='lat' dir='ltr'><strong>est</strong></span> <span class='ocrx_word' id='word_1_45' title='bbox 510 1139 705 1226; x_wconf 87' lang='lat' dir='ltr'><strong>quibusdam</strong></span> <span class='ocrx_word' id='word_1_46' title='bbox 728 1161 770 1204; x_wconf 83' lang='lat' dir='ltr'><strong>ex</strong></span> <span class='ocrx_word' id='word_1_47' title='bbox 792 1139 886 1206; x_wconf 92' lang='lat' dir='ltr'><strong>nobis</strong></span> <span class='ocrx_word' id='word_1_48' title='bbox 909 1140 942 1206; x_wconf 94' lang='lat' dir='ltr'><strong>id</strong></span> <span class='ocrx_word' id='word_1_49' title='bbox 965 1162 1031 1206; x_wconf 92' lang='lat' dir='ltr'><strong>non</strong></span> <span class='ocrx_word' id='word_1_50' title='bbox 1053 1139 1300 1226; x_wconf 89' lang='lat' dir='ltr'><strong>proponendum</strong></span> <span class='ocrx_word' id='word_1_51' title='bbox 1324 1161 1396 1206; x_wconf 88' lang='lat' dir='ltr'><strong>esse</strong></span> <span class='ocrx_word' id='word_1_52' title='bbox 1418 1161 1457 1205; x_wconf 89' lang='lat' dir='ltr'><strong>eo</strong></span> 
     </span>
     <span class='ocr_line' id='line_1_7' title="bbox 127 1239 1456 1329; baseline 0.003 -25"><span class='ocrx_word' id='word_1_53' title='bbox 127 1240 211 1327; x_wconf 88' lang='lat' dir='ltr'><strong>qnod</strong></span> <span class='ocrx_word' id='word_1_54' title='bbox 241 1239 371 1305; x_wconf 90' lang='lat' dir='ltr'><strong>concilii</strong></span> <span class='ocrx_word' id='word_1_55' title='bbox 398 1243 672 1307; x_wconf 82' lang='lat' dir='ltr'><strong>continuationem</strong></span> <span class='ocrx_word' id='word_1_56' title='bbox 702 1261 816 1328; x_wconf 87' lang='lat' dir='ltr'><strong>sapere</strong></span> <span class='ocrx_word' id='word_1_57' title='bbox 843 1242 1000 1307; x_wconf 80' lang='lat' dir='ltr'><strong>videatur.</strong></span> <span class='ocrx_word' id='word_1_58' title='bbox 1035 1265 1095 1329; x_wconf 89' lang='lat' dir='ltr'><strong>ego</strong></span> <span class='ocrx_word' id='word_1_59' title='bbox 1123 1265 1200 1309; x_wconf 85' lang='lat' dir='ltr'><strong>vero</strong></span> <span class='ocrx_word' id='word_1_60' title='bbox 1230 1241 1338 1308; x_wconf 87' lang='lat' dir='ltr'><strong>adhuc</strong></span> <span class='ocrx_word' id='word_1_61' title='bbox 1360 1243 1393 1306; x_wconf 90' lang='lat' dir='ltr'><strong>in</strong></span> <span class='ocrx_word' id='word_1_62' title='bbox 1416 1265 1456 1308; x_wconf 90' lang='lat' dir='ltr'><strong>aa</strong></span> 
     </span>
     <span class='ocr_line' id='line_1_8' title="bbox 128 1344 1454 1430; baseline 0.004 -25"><span class='ocrx_word' id='word_1_63' title='bbox 128 1364 196 1406; x_wconf 88' lang='lat' dir='ltr'><strong>sum</strong></span> <span class='ocrx_word' id='word_1_64' title='bbox 220 1344 391 1426; x_wconf 86' lang='lat' dir='ltr'><strong>sententia,</strong></span> <span class='ocrx_word' id='word_1_65' title='bbox 414 1353 451 1408; x_wconf 89' lang='lat' dir='ltr'><strong>ut</strong></span> <span class='ocrx_word' id='word_1_66' title='bbox 473 1346 500 1408; x_wconf 90' lang='lat' dir='ltr'><strong>si</strong></span> <span class='ocrx_word' id='word_1_67' title='bbox 520 1351 631 1430; x_wconf 84' lang='lat' dir='ltr'><strong>patres</strong></span> <span class='ocrx_word' id='word_1_68' title='bbox 652 1354 767 1430; x_wconf 87' lang='lat' dir='ltr'><strong>postea</strong></span> <span class='ocrx_word' id='word_1_69' title='bbox 789 1346 918 1410; x_wconf 91' lang='lat' dir='ltr'><strong>omnino</strong></span> <span class='ocrx_word' id='word_1_70' title='bbox 941 1345 1042 1410; x_wconf 81' lang='lat' dir='ltr'><strong>velint</strong></span> <span class='ocrx_word' id='word_1_71' title='bbox 1063 1367 1161 1430; x_wconf 87' lang='lat' dir='ltr'><strong>agere</strong></span> <span class='ocrx_word' id='word_1_72' title='bbox 1182 1344 1222 1409; x_wconf 89' lang='lat' dir='ltr'><strong>de</strong></span> <span class='ocrx_word' id='word_1_73' title='bbox 1238 1344 1454 1430; x_wconf 80' lang='lat' dir='ltr'><strong>dogmatibus,</strong></span> 
     </span>
     <span class='ocr_line' id='line_1_9' title="bbox 125 1444 1454 1536; baseline 0.003 -28"><span class='ocrx_word' id='word_1_74' title='bbox 125 1444 164 1508; x_wconf 92' lang='lat' dir='ltr'><strong>ab</strong></span> <span class='ocrx_word' id='word_1_75' title='bbox 187 1444 303 1510; x_wconf 91' lang='lat' dir='ltr'><strong>eodem</strong></span> <span class='ocrx_word' id='word_1_76' title='bbox 326 1444 414 1511; x_wconf 93' lang='lat' dir='ltr'><strong>dicto</strong></span> <span class='ocrx_word' id='word_1_77' title='bbox 438 1445 573 1512; x_wconf 87' lang='lat' dir='ltr'><strong>articulo</strong></span> <span class='ocrx_word' id='word_1_78' title='bbox 597 1447 769 1533; x_wconf 79' lang='lat' dir='ltr'><strong>incipiant3</strong></span> <span class='ocrx_word' id='word_1_79' title='bbox 793 1470 897 1536; x_wconf 92' lang='lat' dir='ltr'><strong>neque</strong></span> <span class='ocrx_word' id='word_1_80' title='bbox 921 1449 1006 1512; x_wconf 89' lang='lat' dir='ltr'><strong>enim</strong></span> <span class='ocrx_word' id='word_1_81' title='bbox 1028 1448 1112 1513; x_wconf 89' lang='lat' dir='ltr'><strong>hanc</strong></span> <span class='ocrx_word' id='word_1_82' title='bbox 1128 1471 1198 1513; x_wconf 90' lang='lat' dir='ltr'><strong>csse</strong></span> <span class='ocrx_word' id='word_1_83' title='bbox 1213 1456 1353 1512; x_wconf 89' lang='lat' dir='ltr'><strong>mentem</strong></span> <span class='ocrx_word' id='word_1_84' title='bbox 1369 1446 1401 1512; x_wconf 88' lang='lat' dir='ltr'><strong>S.</strong></span> <span class='ocrx_word' id='word_1_85' title='bbox 1418 1446 1454 1514; x_wconf 82' lang='grc' dir='ltr'><strong>Ο.</strong></span> 
     </span>
     <span class='ocr_line' id='line_1_10' title="bbox 124 1547 1456 1636; baseline -0.001 -23"><span class='ocrx_word' id='word_1_86' title='bbox 124 1548 160 1612; x_wconf 89' lang='lat' dir='ltr'><strong>V.</strong></span> <span class='ocrx_word' id='word_1_87' title='bbox 183 1548 246 1614; x_wconf 57' lang='lat' dir='ltr'><strong>M*</strong></span> <span class='ocrx_word' id='word_1_88' title='bbox 269 1558 306 1614; x_wconf 88' lang='lat' dir='ltr'><strong>ut</strong></span> <span class='ocrx_word' id='word_1_89' title='bbox 327 1549 368 1614; x_wconf 94' lang='lat' dir='ltr'><strong>de</strong></span> <span class='ocrx_word' id='word_1_90' title='bbox 391 1549 593 1636; x_wconf 87' lang='lat' dir='ltr'><strong>dogmatibus</strong></span> <span class='ocrx_word' id='word_1_91' title='bbox 616 1548 696 1614; x_wconf 90' lang='lat' dir='ltr'><strong>nihil</strong></span> <span class='ocrx_word' id='word_1_92' title='bbox 718 1560 848 1636; x_wconf 87' lang='lat' dir='ltr'><strong>agatur,</strong></span> <span class='ocrx_word' id='word_1_93' title='bbox 882 1548 978 1616; x_wconf 91' lang='lat' dir='ltr'><strong>modo</strong></span> <span class='ocrx_word' id='word_1_94' title='bbox 1006 1551 1253 1616; x_wconf 85' lang='lat' dir='ltr'><strong>continuationis</strong></span> <span class='ocrx_word' id='word_1_95' title='bbox 1282 1547 1370 1614; x_wconf 89' lang='lat' dir='ltr'><strong>nulla</strong></span> <span class='ocrx_word' id='word_1_96' title='bbox 1399 1550 1456 1616; x_wconf 89' lang='lat' dir='ltr'><strong>fiat</strong></span> 
     </span>
     <span class='ocr_line' id='line_1_11' title="bbox 126 1651 1456 1740; baseline 0.002 -26"><span class='ocrx_word' id='word_1_97' title='bbox 126 1652 256 1716; x_wconf 89' lang='lat' dir='ltr'><strong>mentio.</strong></span> <span class='ocrx_word' id='word_1_98' title='bbox 280 1661 314 1716; x_wconf 90' lang='lat' dir='ltr'><strong>et</strong></span> <span class='ocrx_word' id='word_1_99' title='bbox 336 1653 363 1716; x_wconf 94' lang='lat' dir='ltr'><strong>si</strong></span> <span class='ocrx_word' id='word_1_100' title='bbox 385 1651 426 1716; x_wconf 92' lang='lat' dir='ltr'><strong>de</strong></span> <span class='ocrx_word' id='word_1_101' title='bbox 449 1652 642 1717; x_wconf 91' lang='lat' dir='ltr'><strong>eucharistia</strong></span> <span class='ocrx_word' id='word_1_102' title='bbox 664 1663 696 1718; x_wconf 92' lang='lat' dir='ltr'><strong>et</strong></span> <span class='ocrx_word' id='word_1_103' title='bbox 719 1654 861 1718; x_wconf 88' lang='lat' dir='ltr'><strong>maxime</strong></span> <span class='ocrx_word' id='word_1_104' title='bbox 885 1654 954 1717; x_wconf 90' lang='lat' dir='ltr'><strong>eius</strong></span> <span class='ocrx_word' id='word_1_105' title='bbox 977 1675 1037 1718; x_wconf 91' lang='lat' dir='ltr'><strong>usu</strong></span> <span class='ocrx_word' id='word_1_106' title='bbox 1052 1653 1278 1740; x_wconf 87' lang='lat' dir='ltr'><strong>disputaretur,</strong></span> <span class='ocrx_word' id='word_1_107' title='bbox 1301 1676 1366 1718; x_wconf 90' lang='lat' dir='ltr'><strong>non</strong></span> <span class='ocrx_word' id='word_1_108' title='bbox 1382 1675 1456 1717; x_wconf 88' lang='lat' dir='ltr'><strong>con-</strong></span> 
     </span>
     <span class='ocr_line' id='line_1_12' title="bbox 124 1753 1454 1843; baseline 0.002 -26"><span class='ocrx_word' id='word_1_109' title='bbox 124 1755 259 1819; x_wconf 89' lang='lat' dir='ltr'><strong>tinuatio</strong></span> <span class='ocrx_word' id='word_1_110' title='bbox 283 1753 412 1820; x_wconf 89' lang='lat' dir='ltr'><strong>concilii</strong></span> <span class='ocrx_word' id='word_1_111' title='bbox 434 1755 499 1820; x_wconf 88' lang='lat' dir='ltr'><strong>dici</strong></span> <span class='ocrx_word' id='word_1_112' title='bbox 520 1766 639 1842; x_wconf 87' lang='lat' dir='ltr'><strong>posset,</strong></span> <span class='ocrx_word' id='word_1_113' title='bbox 664 1755 721 1820; x_wconf 89' lang='lat' dir='ltr'><strong>sed</strong></span> <span class='ocrx_word' id='word_1_114' title='bbox 742 1757 858 1842; x_wconf 88' lang='lat' dir='ltr'><strong>prioris</strong></span> <span class='ocrx_word' id='word_1_115' title='bbox 888 1756 974 1843; x_wconf 92' lang='lat' dir='ltr'><strong>quod</strong></span> <span class='ocrx_word' id='word_1_116' title='bbox 1003 1764 1175 1820; x_wconf 85' lang='lat' dir='ltr'><strong>tractatum</strong></span> <span class='ocrx_word' id='word_1_117' title='bbox 1203 1765 1252 1821; x_wconf 90' lang='lat' dir='ltr'><strong>est</strong></span> <span class='ocrx_word' id='word_1_118' title='bbox 1279 1755 1320 1820; x_wconf 89' lang='lat' dir='ltr'><strong>ad</strong></span> <span class='ocrx_word' id='word_1_119' title='bbox 1349 1777 1454 1821; x_wconf 90' lang='lat' dir='ltr'><strong>emen·</strong></span> 
     </span>
     <span class='ocr_line' id='line_1_13' title="bbox 123 1857 1455 1946; baseline 0.002 -26"><span class='ocrx_word' id='word_1_120' title='bbox 123 1857 286 1922; x_wconf 86' lang='lat' dir='ltr'><strong>dationem</strong></span> <span class='ocrx_word' id='word_1_121' title='bbox 309 1860 445 1945; x_wconf 83' lang='lat' dir='ltr'><strong>repetite</strong></span> <span class='ocrx_word' id='word_1_122' title='bbox 467 1860 615 1924; x_wconf 86' lang='lat' dir='ltr'><strong>tractatio</strong></span> <span class='ocrx_word' id='word_1_123' title='bbox 640 1860 756 1946; x_wconf 92' lang='lat' dir='ltr'><strong>potius.</strong></span> <span class='ocrx_word' id='word_1_124' title='bbox 786 1880 863 1923; x_wconf 89' lang='lat' dir='ltr'><strong>nam</strong></span> <span class='ocrx_word' id='word_1_125' title='bbox 891 1859 932 1924; x_wconf 90' lang='lat' dir='ltr'><strong>de</strong></span> <span class='ocrx_word' id='word_1_126' title='bbox 961 1857 1153 1924; x_wconf 88' lang='lat' dir='ltr'><strong>eucharistia</strong></span> <span class='ocrx_word' id='word_1_127' title='bbox 1182 1857 1369 1924; x_wconf 90' lang='lat' dir='ltr'><strong>conclusum</strong></span> <span class='ocrx_word' id='word_1_128' title='bbox 1391 1860 1455 1922; x_wconf 91' lang='lat' dir='ltr'><strong>iam</strong></span> 
     </span>
     <span class='ocr_line' id='line_1_14' title="bbox 123 1958 1487 2028; baseline 0 -6"><span class='ocrx_word' id='word_1_129' title='bbox 123 1958 180 2024; x_wconf 85' lang='lat' dir='ltr'><strong>fuit</strong></span> <span class='ocrx_word' id='word_1_130' title='bbox 210 1971 287 2026; x_wconf 87' lang='lat' dir='ltr'><strong>ante</strong></span> <span class='ocrx_word' id='word_1_131' title='bbox 316 1961 508 2026; x_wconf 88' lang='lat' dir='ltr'><strong>decennium</strong></span> <span class='ocrx_word' id='word_1_132' title='bbox 538 1971 570 2026; x_wconf 87' lang='lat' dir='ltr'><strong>et</strong></span> <span class='ocrx_word' id='word_1_133' title='bbox 602 1961 636 2026; x_wconf 91' lang='lat' dir='ltr'><strong>in</strong></span> <span class='ocrx_word' id='word_1_134' title='bbox 670 1962 910 2028; x_wconf 86' lang='lat' dir='ltr'><strong>continuatione</strong></span> <span class='ocrx_word' id='word_1_135' title='bbox 941 1983 961 2026; x_wconf 90' lang='lat' dir='ltr'><strong>a</strong></span> <span class='ocrx_word' id='word_1_136' title='bbox 988 1971 1189 2028; x_wconf 89' lang='lat' dir='ltr'><strong>sacramento</strong></span> <span class='ocrx_word' id='word_1_137' title='bbox 1219 1961 1340 2027; x_wconf 90' lang='lat' dir='ltr'><strong>ordinis</strong></span> <span class='ocrx_word' id='word_1_138' title='bbox 1370 1971 1456 2026; x_wconf 88' lang='lat' dir='ltr'><strong>esset</strong></span> <span class='ocrx_word' id='word_1_139' title='bbox 1484 2015 1487 2022; x_wconf 94' lang='lat'><em>.</em></span> 
     </span>
     <span class='ocr_line' id='line_1_15' title="bbox 121 2061 1454 2152; baseline 0.002 -27"><span class='ocrx_word' id='word_1_140' title='bbox 121 2061 349 2151; x_wconf 89' lang='lat' dir='ltr'><strong>incipiendum.</strong></span> <span class='ocrx_word' id='word_1_141' title='bbox 372 2064 493 2128; x_wconf 87' lang='lat' dir='ltr'><strong>laceret</strong></span> <span class='ocrx_word' id='word_1_142' title='bbox 514 2063 576 2129; x_wconf 89' lang='lat' dir='ltr'><strong>hoe</strong></span> <span class='ocrx_word' id='word_1_143' title='bbox 600 2065 739 2130; x_wconf 84' lang='lat' dir='ltr'><strong>maxime</strong></span> <span class='ocrx_word' id='word_1_144' title='bbox 761 2065 804 2130; x_wconf 90' lang='lat' dir='ltr'><strong>ad</strong></span> <span class='ocrx_word' id='word_1_145' title='bbox 826 2064 1029 2131; x_wconf 87' lang='lat' dir='ltr'><strong>alliciendam</strong></span> <span class='ocrx_word' id='word_1_146' title='bbox 1051 2063 1180 2152; x_wconf 91' lang='lat' dir='ltr'><strong>plebem</strong></span> <span class='ocrx_word' id='word_1_147' title='bbox 1203 2074 1234 2130; x_wconf 87' lang='lat' dir='ltr'><strong>et</strong></span> <span class='ocrx_word' id='word_1_148' title='bbox 1257 2064 1454 2151; x_wconf 89' lang='lat' dir='ltr'><strong>eripiendam</strong></span> 
     </span>
     <span class='ocr_line' id='line_1_16' title="bbox 122 2166 1454 2256; baseline 0.001 -26"><span class='ocrx_word' id='word_1_149' title='bbox 122 2189 163 2231; x_wconf 82' lang='lat' dir='ltr'><strong>ex</strong></span> <span class='ocrx_word' id='word_1_150' title='bbox 182 2166 421 2233; x_wconf 88' lang='lat' dir='ltr'><strong>haereticorum</strong></span> <span class='ocrx_word' id='word_1_151' title='bbox 452 2166 615 2247; x_wconf 88' lang='lat' dir='ltr'><strong>faucibus,</strong></span> <span class='ocrx_word' id='word_1_152' title='bbox 646 2179 678 2233; x_wconf 91' lang='lat' dir='ltr'><strong>et</strong></span> <span class='ocrx_word' id='word_1_153' title='bbox 707 2167 794 2256; x_wconf 92' lang='lat' dir='ltr'><strong>quod</strong></span> <span class='ocrx_word' id='word_1_154' title='bbox 822 2169 1023 2255; x_wconf 87' lang='lat' dir='ltr'><strong>potissimum</strong></span> <span class='ocrx_word' id='word_1_155' title='bbox 1052 2176 1198 2254; x_wconf 89' lang='lat' dir='ltr'><strong>spectare</strong></span> <span class='ocrx_word' id='word_1_156' title='bbox 1222 2167 1395 2250; x_wconf 88' lang='lat' dir='ltr'><strong>debemus,</strong></span> <span class='ocrx_word' id='word_1_157' title='bbox 1419 2177 1454 2231; x_wconf 90' lang='lat' dir='ltr'><strong>ut</strong></span> 
     </span>
     <span class='ocr_line' id='line_1_17' title="bbox 121 2270 1452 2358; baseline 0.003 -26"><span class='ocrx_word' id='word_1_158' title='bbox 121 2270 203 2334; x_wconf 86' lang='lat' dir='ltr'><strong>sicut</strong></span> <span class='ocrx_word' id='word_1_159' title='bbox 226 2293 247 2335; x_wconf 90' lang='lat' dir='ltr'><strong>a</strong></span> <span class='ocrx_word' id='word_1_160' title='bbox 268 2270 362 2336; x_wconf 92' lang='lat' dir='ltr'><strong>nobis</strong></span> <span class='ocrx_word' id='word_1_161' title='bbox 385 2270 540 2335; x_wconf 89' lang='lat' dir='ltr'><strong>hactenus</strong></span> <span class='ocrx_word' id='word_1_162' title='bbox 564 2271 740 2336; x_wconf 88' lang='lat' dir='ltr'><strong>discessum</strong></span> <span class='ocrx_word' id='word_1_163' title='bbox 763 2271 838 2349; x_wconf 83' lang='lat' dir='ltr'><strong>fuit,</strong></span> <span class='ocrx_word' id='word_1_164' title='bbox 869 2273 914 2336; x_wconf 84' lang='lat' dir='ltr'><strong>ita</strong></span> <span class='ocrx_word' id='word_1_165' title='bbox 941 2271 983 2335; x_wconf 90' lang='lat' dir='ltr'><strong>ad</strong></span> <span class='ocrx_word' id='word_1_166' title='bbox 1005 2294 1063 2336; x_wconf 89' lang='lat' dir='ltr'><strong>nos</strong></span> <span class='ocrx_word' id='word_1_167' title='bbox 1087 2272 1230 2337; x_wconf 90' lang='lat' dir='ltr'><strong>accessio</strong></span> <span class='ocrx_word' id='word_1_168' title='bbox 1252 2270 1452 2358; x_wconf 88' lang='lat' dir='ltr'><strong>plebeiorum</strong></span> 
     </span>
     <span class='ocr_line' id='line_1_18' title="bbox 121 2371 1452 2460; baseline 0.002 -24"><span class='ocrx_word' id='word_1_169' title='bbox 121 2373 210 2438; x_wconf 88' lang='lat' dir='ltr'><strong>fieret</strong></span> <span class='ocrx_word' id='word_1_170' title='bbox 232 2395 299 2438; x_wconf 93' lang='lat' dir='ltr'><strong>non</strong></span> <span class='ocrx_word' id='word_1_171' title='bbox 321 2374 440 2458; x_wconf 86' lang='lat' dir='ltr'><strong>minor,</strong></span> <span class='ocrx_word' id='word_1_172' title='bbox 473 2373 501 2438; x_wconf 92' lang='lat' dir='ltr'><strong>si</strong></span> <span class='ocrx_word' id='word_1_173' title='bbox 530 2373 632 2439; x_wconf 89' lang='lat' dir='ltr'><strong>divini</strong></span> <span class='ocrx_word' id='word_1_174' title='bbox 656 2375 797 2438; x_wconf 89' lang='lat' dir='ltr'><strong>numinis</strong></span> <span class='ocrx_word' id='word_1_175' title='bbox 821 2393 882 2460; x_wconf 86' lang='lat' dir='ltr'><strong>ope</strong></span> <span class='ocrx_word' id='word_1_176' title='bbox 904 2371 997 2438; x_wconf 90' lang='lat' dir='ltr'><strong>nobis</strong></span> <span class='ocrx_word' id='word_1_177' title='bbox 1021 2371 1237 2460; x_wconf 85' lang='lat' dir='ltr'><strong>adstipulante</strong></span> <span class='ocrx_word' id='word_1_178' title='bbox 1260 2375 1452 2439; x_wconf 84' lang='lat' dir='ltr'><strong>sacramenti</strong></span> 
     </span>
     <span class='ocr_line' id='line_1_19' title="bbox 121 2474 1454 2564; baseline 0 -24"><span class='ocrx_word' id='word_1_179' title='bbox 121 2474 229 2540; x_wconf 87' lang='lat' dir='ltr'><strong>altaris</strong></span> <span class='ocrx_word' id='word_1_180' title='bbox 255 2477 379 2562; x_wconf 89' lang='lat' dir='ltr'><strong>passim</strong></span> <span class='ocrx_word' id='word_1_181' title='bbox 406 2475 489 2543; x_wconf 88' lang='lat' dir='ltr'><strong>liber</strong></span> <span class='ocrx_word' id='word_1_182' title='bbox 519 2477 750 2550; x_wconf 86' lang='lat' dir='ltr'><strong>concederetur</strong></span> <span class='ocrx_word' id='word_1_183' title='bbox 778 2499 871 2561; x_wconf 91' lang='lat' dir='ltr'><strong>usus,</strong></span> <span class='ocrx_word' id='word_1_184' title='bbox 905 2499 1012 2564; x_wconf 88' lang='lat' dir='ltr'><strong>neque</strong></span> <span class='ocrx_word' id='word_1_185' title='bbox 1045 2498 1127 2563; x_wconf 88' lang='lat' dir='ltr'><strong>opus</strong></span> <span class='ocrx_word' id='word_1_186' title='bbox 1162 2499 1233 2541; x_wconf 88' lang='lat' dir='ltr'><strong>esse</strong></span> <span class='ocrx_word' id='word_1_187' title='bbox 1266 2485 1379 2563; x_wconf 88' lang='lat' dir='ltr'><strong>postea</strong></span> <span class='ocrx_word' id='word_1_188' title='bbox 1413 2476 1454 2540; x_wconf 90' lang='lat' dir='ltr'><strong>da</strong></span> 
     </span>
     <span class='ocr_line' id='line_1_20' title="bbox 121 2577 1451 2667; baseline 0.001 -24"><span class='ocrx_word' id='word_1_189' title='bbox 121 2579 249 2644; x_wconf 87' lang='lat' dir='ltr'><strong>Boemis</strong></span> <span class='ocrx_word' id='word_1_190' title='bbox 272 2602 344 2644; x_wconf 88' lang='lat' dir='ltr'><strong>essa</strong></span> <span class='ocrx_word' id='word_1_191' title='bbox 366 2577 530 2646; x_wconf 88' lang='lat' dir='ltr'><strong>sollicitos.</strong></span> <span class='ocrx_word' id='word_1_192' title='bbox 554 2603 655 2667; x_wconf 91' lang='lat' dir='ltr'><strong>quare</strong></span> <span class='ocrx_word' id='word_1_193' title='bbox 677 2579 854 2644; x_wconf 91' lang='lat' dir='ltr'><strong>humillime</strong></span> <span class='ocrx_word' id='word_1_194' title='bbox 877 2589 961 2667; x_wconf 91' lang='lat' dir='ltr'><strong>peto,</strong></span> <span class='ocrx_word' id='word_1_195' title='bbox 984 2579 1050 2643; x_wconf 54' lang='grc' dir='ltr'><strong>ΜΨ</strong></span> <span class='ocrx_word' id='word_1_196' title='bbox 1062 2579 1102 2644; x_wconf 92' lang='lat' dir='ltr'><strong>V.</strong></span> <span class='ocrx_word' id='word_1_197' title='bbox 1126 2601 1178 2645; x_wconf 92' lang='lat' dir='ltr'><strong>me</strong></span> <span class='ocrx_word' id='word_1_198' title='bbox 1200 2579 1385 2666; x_wconf 89' lang='lat' dir='ltr'><strong>singillatim</strong></span> <span class='ocrx_word' id='word_1_199' title='bbox 1410 2579 1451 2644; x_wconf 88' lang='lat' dir='ltr'><strong>de</strong></span> 
     </span>
    </p>
   </div>
   <div class='ocr_carea' id='block_1_3' title="bbox 121 2680 1122 2852">
    <p class='ocr_par' dir='ltr' id='par_1_3' title="bbox 121 2680 1122 2852">
     <span class='ocr_line' id='line_1_21' title="bbox 121 2680 1122 2770; baseline 0 -24"><span class='ocrx_word' id='word_1_200' title='bbox 121 2705 179 2748; x_wconf 90' lang='lat' dir='ltr'><strong>sua</strong></span> <span class='ocrx_word' id='word_1_201' title='bbox 200 2684 234 2748; x_wconf 91' lang='lat' dir='ltr'><strong>in</strong></span> <span class='ocrx_word' id='word_1_202' title='bbox 258 2705 296 2747; x_wconf 91' lang='lat' dir='ltr'><strong>eo</strong></span> <span class='ocrx_word' id='word_1_203' title='bbox 318 2680 483 2748; x_wconf 87' lang='lat' dir='ltr'><strong>voluntate</strong></span> <span class='ocrx_word' id='word_1_204' title='bbox 506 2681 680 2748; x_wconf 86' lang='lat' dir='ltr'><strong>clementer</strong></span> <span class='ocrx_word' id='word_1_205' title='bbox 702 2683 853 2770; x_wconf 89' lang='lat' dir='ltr'><strong>dignetur</strong></span> <span class='ocrx_word' id='word_1_206' title='bbox 874 2683 1122 2748; x_wconf 87' lang='lat' dir='ltr'><strong>informare...</strong></span> 
     </span>
     <span class='ocr_line' id='line_1_22' title="bbox 219 2785 964 2852; baseline 0 -3"><span class='ocrx_word' id='word_1_207' title='bbox 219 2785 324 2850; x_wconf 89' lang='lat' dir='ltr'><strong>Datao</strong></span> <span class='ocrx_word' id='word_1_208' title='bbox 346 2785 492 2850; x_wconf 87' lang='lat' dir='ltr'><strong>Tridenti</strong></span> <span class='ocrx_word' id='word_1_209' title='bbox 516 2786 558 2849; x_wconf 90' lang='lat'><strong>10</strong></span> <span class='ocrx_word' id='word_1_210' title='bbox 580 2786 689 2851; x_wconf 87' lang='lat' dir='ltr'><strong>Martii</strong></span> <span class='ocrx_word' id='word_1_211' title='bbox 716 2808 801 2851; x_wconf 90' lang='lat' dir='ltr'><strong>anno</strong></span> <span class='ocrx_word' id='word_1_212' title='bbox 828 2795 888 2852; x_wconf 89' lang='lat' dir='ltr'><strong>etc.</strong></span> <span class='ocrx_word' id='word_1_213' title='bbox 912 2786 964 2852; x_wconf 82' lang='lat'><strong>62.</strong></span> 
     </span>
    </p>
   </div>
   <div class='ocr_carea' id='block_1_4' title="bbox 417 2955 769 3024">
    <p class='ocr_par' dir='ltr' id='par_1_4' title="bbox 417 2955 769 3024">
     <span class='ocr_line' id='line_1_23' title="bbox 417 2955 769 3024; baseline -0.009 0"><span class='ocrx_word' id='word_1_214' title='bbox 417 2999 418 3002; x_wconf 60' lang='lat'><em>=</em></span> <span class='ocrx_word' id='word_1_215' title='bbox 528 2956 560 3024; x_wconf 88' lang='lat' dir='ltr'><strong>S.</strong></span> <span class='ocrx_word' id='word_1_216' title='bbox 584 2957 624 3022; x_wconf 93' lang='lat' dir='ltr'><strong>V.</strong></span> <span class='ocrx_word' id='word_1_217' title='bbox 649 2955 685 3024; x_wconf 78' lang='lat' dir='ltr'><strong>O.</strong></span> <span class='ocrx_word' id='word_1_218' title='bbox 708 2957 769 3021; x_wconf 60' lang='lat' dir='ltr'><strong>M²¹¹</strong></span> 
     </span>
    </p>
   </div>
   <div class='ocr_carea' id='block_1_5' title="bbox 796 3127 1231 3216">
    <p class='ocr_par' dir='ltr' id='par_1_5' title="bbox 796 3127 1231 3216">
     <span class='ocr_line' id='line_1_24' title="bbox 796 3127 1231 3216; baseline 0.005 -24"><span class='ocrx_word' id='word_1_219' title='bbox 796 3149 799 3154; x_wconf 88' lang='lat'>·</span> <span class='ocrx_word' id='word_1_220' title='bbox 825 3128 1021 3194; x_wconf 90' lang='lat' dir='ltr'><strong>humillimus</strong></span> <span class='ocrx_word' id='word_1_221' title='bbox 1044 3127 1231 3216; x_wconf 88' lang='lat' dir='ltr'><strong>capellanus</strong></span> 
     </span>
    </p>
   </div>
   <div class='ocr_carea' id='block_1_6' title="bbox 696 3247 1347 3336">
    <p class='ocr_par' dir='ltr' id='par_1_6' title="bbox 696 3247 1347 3336">
     <span class='ocr_line' id='line_1_25' title="bbox 696 3247 1347 3336; baseline 0.002 -22"><span class='ocrx_word' id='word_1_222' title='bbox 696 3250 856 3314; x_wconf 86' lang='lat' dir='ltr'><strong>Antonius</strong></span> <span class='ocrx_word' id='word_1_223' title='bbox 879 3247 1142 3336; x_wconf 86' lang='lat' dir='ltr'><strong>archiepiscopus</strong></span> <span class='ocrx_word' id='word_1_224' title='bbox 1165 3249 1347 3336; x_wconf 84' lang='lat' dir='ltr'><strong>Progensis.</strong></span> 
     </span>
    </p>
   </div>
   <div class='ocr_carea' id='block_1_7' title="bbox 181 3423 1450 5143">
    <p class='ocr_par' dir='ltr' id='par_1_7' title="bbox 181 3423 1450 5143">
     <span class='ocr_line' id='line_1_26' title="bbox 253 3423 1450 3506; baseline 0.002 -19"><span class='ocrx_word' id='word_1_225' title='bbox 253 3437 386 3488; x_wconf 84' lang='lat' dir='ltr'><strong>weitarer</strong></span> <span class='ocrx_word' id='word_1_226' title='bbox 397 3437 497 3488; x_wconf 77' lang='lat' dir='ltr'><strong>Inhalt=</strong></span> <span class='ocrx_word' id='word_1_227' title='bbox 514 3437 566 3488; x_wconf 90' lang='lat' dir='ltr'><strong>Die</strong></span> <span class='ocrx_word' id='word_1_228' title='bbox 579 3437 713 3489; x_wconf 79' lang='lat' dir='ltr'><strong>Gerdchta</strong></span> <span class='ocrx_word' id='word_1_229' title='bbox 731 3451 783 3487; x_wconf 80' lang='lat' dir='ltr'><strong>von</strong></span> <span class='ocrx_word' id='word_1_230' title='bbox 795 3435 897 3490; x_wconf 76' lang='lat' dir='ltr'><strong>Plinen</strong></span> <span class='ocrx_word' id='word_1_231' title='bbox 910 3438 957 3488; x_wconf 89' lang='lat' dir='ltr'><strong>des</strong></span> <span class='ocrx_word' id='word_1_232' title='bbox 965 3439 1186 3505; x_wconf 77' lang='lat' dir='ltr'><strong>wirtembergara</strong></span> <span class='ocrx_word' id='word_1_233' title='bbox 1198 3450 1284 3506; x_wconf 80' lang='lat' dir='ltr'><strong>gagen</strong></span> <span class='ocrx_word' id='word_1_234' title='bbox 1296 3439 1344 3492; x_wconf 74' lang='lat' dir='ltr'><strong>des</strong></span> <span class='ocrx_word' id='word_1_235' title='bbox 1357 3423 1450 3490; x_wconf 71' lang='lat' dir='ltr'><strong>concil</strong></span> 
     </span>
     <span class='ocr_line' id='line_1_27' title="bbox 186 3523 1448 3590; baseline 0 -14"><span class='ocrx_word' id='word_1_236' title='bbox 186 3524 240 3576; x_wconf 90' lang='lat' dir='ltr'><strong>und</strong></span> <span class='ocrx_word' id='word_1_237' title='bbox 257 3541 311 3576; x_wconf 87' lang='lat' dir='ltr'><strong>ron</strong></span> <span class='ocrx_word' id='word_1_238' title='bbox 329 3523 598 3575; x_wconf 75' lang='lat' dir='ltr'><strong>Zusammankttnitan</strong></span> <span class='ocrx_word' id='word_1_239' title='bbox 615 3523 662 3574; x_wconf 90' lang='lat' dir='ltr'><strong>dar</strong></span> <span class='ocrx_word' id='word_1_240' title='bbox 680 3523 785 3590; x_wconf 76' lang='lat' dir='ltr'><strong>(inguar</strong></span> <span class='ocrx_word' id='word_1_241' title='bbox 802 3525 831 3576; x_wconf 92' lang='lat' dir='ltr'><strong>in</strong></span> <span class='ocrx_word' id='word_1_242' title='bbox 848 3524 895 3576; x_wconf 86' lang='lat' dir='ltr'><strong>dar</strong></span> <span class='ocrx_word' id='word_1_243' title='bbox 911 3524 988 3576; x_wconf 76' lang='lat' dir='ltr'><strong>Naue</strong></span> <span class='ocrx_word' id='word_1_244' title='bbox 1005 3541 1059 3576; x_wconf 85' lang='lat' dir='ltr'><strong>ron</strong></span> <span class='ocrx_word' id='word_1_245' title='bbox 1070 3523 1226 3590; x_wconf 75' lang='lat' dir='ltr'><strong>Strassburg</strong></span> <span class='ocrx_word' id='word_1_246' title='bbox 1244 3523 1363 3576; x_wconf 85' lang='lat' dir='ltr'><strong>arhalten</strong></span> <span class='ocrx_word' id='word_1_247' title='bbox 1380 3524 1448 3576; x_wconf 79' lang='lat' dir='ltr'><strong>sicli.</strong></span> 
     </span>
     <span class='ocr_line' id='line_1_28' title="bbox 185 3609 1450 3685; baseline -0.002 -23"><span class='ocrx_word' id='word_1_248' title='bbox 185 3611 237 3662; x_wconf 88' lang='lat' dir='ltr'><strong>Die</strong></span> <span class='ocrx_word' id='word_1_249' title='bbox 260 3612 378 3677; x_wconf 72' lang='lat' dir='ltr'><strong>gastrige</strong></span> <span class='ocrx_word' id='word_1_250' title='bbox 404 3610 600 3677; x_wconf 76' lang='lat' dir='ltr'><strong>congregation</strong></span> <span class='ocrx_word' id='word_1_251' title='bbox 622 3615 719 3662; x_wconf 84' lang='lat' dir='ltr'><strong>museto</strong></span> <span class='ocrx_word' id='word_1_252' title='bbox 742 3610 912 3678; x_wconf 78' lang='lat' dir='ltr'><strong>autgahoben</strong></span> <span class='ocrx_word' id='word_1_253' title='bbox 933 3609 1053 3674; x_wconf 84' lang='lat' dir='ltr'><strong>werden,</strong></span> <span class='ocrx_word' id='word_1_254' title='bbox 1081 3610 1142 3662; x_wconf 81' lang='lat' dir='ltr'><strong>weil</strong></span> <span class='ocrx_word' id='word_1_255' title='bbox 1169 3609 1212 3660; x_wconf 85' lang='lat' dir='ltr'><strong>dia</strong></span> <span class='ocrx_word' id='word_1_256' title='bbox 1237 3611 1355 3678; x_wconf 84' lang='lat' dir='ltr'><strong>Legaten</strong></span> <span class='ocrx_word' id='word_1_257' title='bbox 1383 3624 1450 3685; x_wconf 77' lang='lat' dir='ltr'><strong>gana</strong></span> 
     </span>
     <span class='ocr_line' id='line_1_29' title="bbox 184 3695 1449 3764; baseline -0.002 -16"><span class='ocrx_word' id='word_1_258' title='bbox 184 3697 302 3748; x_wconf 80' lang='lat' dir='ltr'><strong>bestiirrt</strong></span> <span class='ocrx_word' id='word_1_259' title='bbox 319 3711 408 3748; x_wconf 83' lang='lat' dir='ltr'><strong>waren</strong></span> <span class='ocrx_word' id='word_1_260' title='bbox 425 3698 492 3748; x_wconf 78' lang='lat' dir='ltr'><strong>[lber</strong></span> <span class='ocrx_word' id='word_1_261' title='bbox 510 3697 552 3747; x_wconf 90' lang='lat' dir='ltr'><strong>die</strong></span> <span class='ocrx_word' id='word_1_262' title='bbox 570 3711 618 3748; x_wconf 87' lang='lat' dir='ltr'><strong>aus</strong></span> <span class='ocrx_word' id='word_1_263' title='bbox 636 3695 703 3748; x_wconf 83' lang='lat' dir='ltr'><strong>Rom</strong></span> <span class='ocrx_word' id='word_1_264' title='bbox 723 3696 925 3764; x_wconf 82' lang='lat' dir='ltr'><strong>aingelaufenen</strong></span> <span class='ocrx_word' id='word_1_265' title='bbox 943 3696 1123 3748; x_wconf 81' lang='lat' dir='ltr'><strong>Nachrichten</strong></span> <span class='ocrx_word' id='word_1_266' title='bbox 1139 3713 1193 3747; x_wconf 84' lang='lat' dir='ltr'><strong>von</strong></span> <span class='ocrx_word' id='word_1_267' title='bbox 1204 3696 1383 3762; x_wconf 81' lang='lat' dir='ltr'><strong>Erkrankung</strong></span> <span class='ocrx_word' id='word_1_268' title='bbox 1402 3695 1449 3748; x_wconf 87' lang='lat' dir='ltr'><strong>des</strong></span> 
     </span>
     <span class='ocr_line' id='line_1_30' title="bbox 186 3771 1449 3850; baseline -0.002 -16"><span class='ocrx_word' id='word_1_269' title='bbox 186 3783 306 3850; x_wconf 80' lang='lat' dir='ltr'><strong>Papstcs.</strong></span> <span class='ocrx_word' id='word_1_270' title='bbox 342 3785 448 3834; x_wconf 90' lang='lat' dir='ltr'><strong>Dicitur</strong></span> <span class='ocrx_word' id='word_1_271' title='bbox 465 3783 508 3833; x_wconf 86' lang='lat' dir='ltr'><strong>hio</strong></span> <span class='ocrx_word' id='word_1_272' title='bbox 526 3798 631 3849; x_wconf 85' lang='lat' dir='ltr'><strong>qnoque</strong></span> <span class='ocrx_word' id='word_1_273' title='bbox 649 3783 718 3834; x_wconf 61' lang='grc' dir='ltr'><strong>ΒΜ</strong></span> <span class='ocrx_word' id='word_1_274' title='bbox 736 3781 902 3834; x_wconf 86' lang='lat' dir='ltr'><strong>Ludovicum</strong></span> <span class='ocrx_word' id='word_1_275' title='bbox 915 3781 1088 3835; x_wconf 83' lang='lat' dir='ltr'><strong>Schradinum</strong></span> <span class='ocrx_word' id='word_1_276' title='bbox 1108 3783 1259 3849; x_wconf 87' lang='lat' dir='ltr'><strong>episcopum</strong></span> <span class='ocrx_word' id='word_1_277' title='bbox 1272 3771 1449 3834; x_wconf 83' lang='lat' dir='ltr'><strong>Viennensem</strong></span> 
     </span>
     <span class='ocr_line' id='line_1_31' title="bbox 185 3867 1450 3936; baseline 0 -18"><span class='ocrx_word' id='word_1_278' title='bbox 185 3868 309 3933; x_wconf 78' lang='lat' dir='ltr'><strong>futurum,</strong></span> <span class='ocrx_word' id='word_1_279' title='bbox 328 3869 350 3919; x_wconf 90' lang='lat' dir='ltr'><strong>si</strong></span> <span class='ocrx_word' id='word_1_280' title='bbox 368 3867 474 3934; x_wconf 85' lang='lat' dir='ltr'><strong>quidem</strong></span> <span class='ocrx_word' id='word_1_281' title='bbox 491 3884 558 3919; x_wconf 88' lang='lat' dir='ltr'><strong>uxor</strong></span> <span class='ocrx_word' id='word_1_282' title='bbox 575 3870 632 3919; x_wconf 88' lang='lat' dir='ltr'><strong>eius</strong></span> <span class='ocrx_word' id='word_1_283' title='bbox 652 3885 665 3919; x_wconf 92' lang='lat' dir='ltr'><strong>a</strong></span> <span class='ocrx_word' id='word_1_284' title='bbox 684 3869 752 3920; x_wconf 86' lang='lat' dir='ltr'><strong>viris</strong></span> <span class='ocrx_word' id='word_1_285' title='bbox 770 3869 875 3920; x_wconf 87' lang='lat' dir='ltr'><strong>sublata</strong></span> <span class='ocrx_word' id='word_1_286' title='bbox 894 3873 945 3934; x_wconf 84' lang='lat' dir='ltr'><strong>est3</strong></span> <span class='ocrx_word' id='word_1_287' title='bbox 966 3870 1087 3936; x_wconf 89' lang='lat' dir='ltr'><strong>equidem</strong></span> <span class='ocrx_word' id='word_1_288' title='bbox 1106 3875 1212 3934; x_wconf 90' lang='lat' dir='ltr'><strong>propter</strong></span> <span class='ocrx_word' id='word_1_289' title='bbox 1231 3869 1405 3920; x_wconf 79' lang='lat' dir='ltr'><strong>eruditionem</strong></span> <span class='ocrx_word' id='word_1_290' title='bbox 1424 3873 1450 3918; x_wconf 89' lang='lat' dir='ltr'><strong>et</strong></span> 
     </span>
     <span class='ocr_line' id='line_1_32' title="bbox 187 3954 1449 4022; baseline -0.002 -16"><span class='ocrx_word' id='word_1_291' title='bbox 187 3966 272 4006; x_wconf 85' lang='lat' dir='ltr'><strong>rarum</strong></span> <span class='ocrx_word' id='word_1_292' title='bbox 291 3955 479 4021; x_wconf 86' lang='lat' dir='ltr'><strong>experientiam</strong></span> <span class='ocrx_word' id='word_1_293' title='bbox 498 3969 622 4022; x_wconf 85' lang='lat' dir='ltr'><strong>cuperem</strong></span> <span class='ocrx_word' id='word_1_294' title='bbox 642 3971 702 4006; x_wconf 88' lang='lat' dir='ltr'><strong>eum</strong></span> <span class='ocrx_word' id='word_1_295' title='bbox 720 3971 902 4007; x_wconf 85' lang='lat' dir='ltr'><strong>suceessorum</strong></span> <span class='ocrx_word' id='word_1_296' title='bbox 920 3955 1033 4020; x_wconf 87' lang='lat' dir='ltr'><strong>habere,</strong></span> <span class='ocrx_word' id='word_1_297' title='bbox 1056 3957 1079 4006; x_wconf 88' lang='lat' dir='ltr'><strong>si</strong></span> <span class='ocrx_word' id='word_1_298' title='bbox 1096 3969 1182 4006; x_wconf 89' lang='lat' dir='ltr'><strong>mores</strong></span> <span class='ocrx_word' id='word_1_299' title='bbox 1200 3954 1399 4020; x_wconf 55' lang='lat' dir='ltr'><strong>responderant,</strong></span> <span class='ocrx_word' id='word_1_300' title='bbox 1416 3981 1449 3992; x_wconf 89' lang='lat'><strong>--</strong></span> 
     </span>
     <span class='ocr_line' id='line_1_33' title="bbox 184 4039 1449 4108; baseline -0.002 -16"><span class='ocrx_word' id='word_1_301' title='bbox 184 4041 236 4094; x_wconf 90' lang='lat' dir='ltr'><strong>Dia</strong></span> <span class='ocrx_word' id='word_1_302' title='bbox 254 4040 422 4108; x_wconf 81' lang='lat' dir='ltr'><strong>Hauptstelle</strong></span> <span class='ocrx_word' id='word_1_303' title='bbox 441 4041 488 4092; x_wconf 90' lang='lat' dir='ltr'><strong>das</strong></span> <span class='ocrx_word' id='word_1_304' title='bbox 506 4041 674 4094; x_wconf 81' lang='lat' dir='ltr'><strong>Galcitbriets</strong></span> <span class='ocrx_word' id='word_1_305' title='bbox 691 4044 719 4092; x_wconf 90' lang='lat' dir='ltr'><strong>in</strong></span> <span class='ocrx_word' id='word_1_306' title='bbox 737 4043 867 4094; x_wconf 81' lang='lat' dir='ltr'><strong>Bucholta</strong></span> <span class='ocrx_word' id='word_1_307' title='bbox 885 4044 910 4106; x_wconf 86' lang='grc'><strong>8,</strong></span> <span class='ocrx_word' id='word_1_308' title='bbox 929 4044 980 4094; x_wconf 83' lang='lat'><strong>419</strong></span> <span class='ocrx_word' id='word_1_309' title='bbox 986 4059 994 4105; x_wconf 80' lang='lat'>;</span> <span class='ocrx_word' id='word_1_310' title='bbox 1017 4041 1089 4094; x_wconf 81' lang='lat' dir='ltr'><strong>coni.</strong></span> <span class='ocrx_word' id='word_1_311' title='bbox 1107 4043 1209 4094; x_wconf 78' lang='lat' dir='ltr'><strong>Pallas.</strong></span> <span class='ocrx_word' id='word_1_312' title='bbox 1228 4044 1253 4105; x_wconf 79' lang='lat' dir='ltr'><strong>a,</strong></span> <span class='ocrx_word' id='word_1_313' title='bbox 1272 4041 1336 4102; x_wconf 72' lang='lat' dir='ltr'><strong>aem</strong></span> <span class='ocrx_word' id='word_1_314' title='bbox 1355 4039 1449 4092; x_wconf 79' lang='lat' dir='ltr'><strong>Mand-</strong></span> 
     </span>
     <span class='ocr_line' id='line_1_34' title="bbox 185 4124 1446 4191; baseline -0.003 -11"><span class='ocrx_word' id='word_1_315' title='bbox 185 4127 245 4180; x_wconf 82' lang='lat' dir='ltr'><strong>bam</strong></span> <span class='ocrx_word' id='word_1_316' title='bbox 268 4127 312 4180; x_wconf 76' lang='grc'><strong>88.</strong></span> <span class='ocrx_word' id='word_1_317' title='bbox 329 4153 365 4168; x_wconf 86' lang='grc'>-</span> <span class='ocrx_word' id='word_1_318' title='bbox 387 4124 442 4180; x_wconf 73' lang='lat' dir='ltr'><strong>aas</strong></span> <span class='ocrx_word' id='word_1_319' title='bbox 462 4128 650 4180; x_wconf 68' lang='lat' dir='ltr'><strong>usserman</strong></span> <span class='ocrx_word' id='word_1_320' title='bbox 672 4129 721 4180; x_wconf 89' lang='lat' dir='ltr'><strong>dar</strong></span> <span class='ocrx_word' id='word_1_321' title='bbox 742 4129 866 4182; x_wconf 76' lang='lat' dir='ltr'><strong>Berichte</strong></span> <span class='ocrx_word' id='word_1_322' title='bbox 892 4133 1048 4183; x_wconf 80' lang='lat' dir='ltr'><strong>antwortete</strong></span> <span class='ocrx_word' id='word_1_323' title='bbox 1070 4127 1222 4180; x_wconf 83' lang='lat' dir='ltr'><strong>Ferdinand</strong></span> <span class='ocrx_word' id='word_1_324' title='bbox 1250 4142 1294 4178; x_wconf 88' lang='lat' dir='ltr'><strong>am</strong></span> <span class='ocrx_word' id='word_1_325' title='bbox 1316 4129 1349 4177; x_wconf 76' lang='lat'><strong>22</strong></span> <span class='ocrx_word' id='word_1_326' title='bbox 1372 4127 1446 4191; x_wconf 70' lang='lat' dir='ltr'><strong>Mira</strong></span> 
     </span>
     <span class='ocr_line' id='line_1_35' title="bbox 186 4212 1450 4285; baseline -0.002 -19"><span class='ocrx_word' id='word_1_327' title='bbox 186 4213 316 4285; x_wconf 78' lang='lat' dir='ltr'><strong>(Concept</strong></span> <span class='ocrx_word' id='word_1_328' title='bbox 333 4215 361 4264; x_wconf 89' lang='lat' dir='ltr'><strong>in</strong></span> <span class='ocrx_word' id='word_1_329' title='bbox 378 4213 429 4266; x_wconf 88' lang='lat' dir='ltr'><strong>den</strong></span> <span class='ocrx_word' id='word_1_330' title='bbox 447 4214 644 4284; x_wconf 80' lang='lat' dir='ltr'><strong>Concilactsn):</strong></span> <span class='ocrx_word' id='word_1_331' title='bbox 672 4231 701 4267; x_wconf 91' lang='lat' dir='ltr'><strong>er</strong></span> <span class='ocrx_word' id='word_1_332' title='bbox 723 4217 762 4268; x_wconf 90' lang='lat' dir='ltr'><strong>sei</strong></span> <span class='ocrx_word' id='word_1_333' title='bbox 785 4218 833 4266; x_wconf 90' lang='lat' dir='ltr'><strong>mit</strong></span> <span class='ocrx_word' id='word_1_334' title='bbox 856 4215 903 4268; x_wconf 90' lang='lat' dir='ltr'><strong>der</strong></span> <span class='ocrx_word' id='word_1_335' title='bbox 924 4215 1046 4281; x_wconf 83' lang='lat' dir='ltr'><strong>Fassung</strong></span> <span class='ocrx_word' id='word_1_336' title='bbox 1069 4214 1217 4276; x_wconf 70' lang='lat' dir='ltr'><strong>cniusdam</strong></span> <span class='ocrx_word' id='word_1_337' title='bbox 1245 4213 1305 4266; x_wconf 89' lang='lat' dir='ltr'><strong>dass</strong></span> <span class='ocrx_word' id='word_1_338' title='bbox 1330 4229 1358 4263; x_wconf 93' lang='lat' dir='ltr'><strong>er</strong></span> <span class='ocrx_word' id='word_1_339' title='bbox 1379 4212 1450 4264; x_wconf 84' lang='lat' dir='ltr'><strong>noch</strong></span> 
     </span>
     <span class='ocr_line' id='line_1_36' title="bbox 187 4286 1449 4368; baseline -0.003 -16"><span class='ocrx_word' id='word_1_340' title='bbox 187 4300 373 4352; x_wconf 80' lang='lat' dir='ltr'><strong>Gelsitsbrieis</strong></span> <span class='ocrx_word' id='word_1_341' title='bbox 391 4301 524 4366; x_wconf 79' lang='lat' dir='ltr'><strong>anestelle,</strong></span> <span class='ocrx_word' id='word_1_342' title='bbox 542 4306 664 4368; x_wconf 83' lang='lat' dir='ltr'><strong>vertrage</strong></span> <span class='ocrx_word' id='word_1_343' title='bbox 681 4301 739 4352; x_wconf 89' lang='lat' dir='ltr'><strong>sich</strong></span> <span class='ocrx_word' id='word_1_344' title='bbox 757 4300 830 4351; x_wconf 91' lang='lat' dir='ltr'><strong>nicht</strong></span> <span class='ocrx_word' id='word_1_345' title='bbox 847 4303 895 4352; x_wconf 88' lang='lat' dir='ltr'><strong>mit</strong></span> <span class='ocrx_word' id='word_1_346' title='bbox 914 4301 974 4352; x_wconf 90' lang='lat' dir='ltr'><strong>dem</strong></span> <span class='ocrx_word' id='word_1_347' title='bbox 986 4299 1232 4366; x_wconf 82' lang='lat' dir='ltr'><strong>Religionsfrieden,</strong></span> <span class='ocrx_word' id='word_1_348' title='bbox 1249 4299 1304 4350; x_wconf 88' lang='lat' dir='ltr'><strong>und</strong></span> <span class='ocrx_word' id='word_1_349' title='bbox 1321 4286 1371 4350; x_wconf 74' lang='lat' dir='ltr'><strong>nur</strong></span> <span class='ocrx_word' id='word_1_350' title='bbox 1388 4295 1449 4349; x_wconf 81' lang='lat' dir='ltr'><strong>falls</strong></span> 
     </span>
     <span class='ocr_line' id='line_1_37' title="bbox 186 4385 1443 4453; baseline -0.002 -16"><span class='ocrx_word' id='word_1_351' title='bbox 186 4387 226 4438; x_wconf 91' lang='lat' dir='ltr'><strong>ein</strong></span> <span class='ocrx_word' id='word_1_352' title='bbox 247 4387 399 4438; x_wconf 85' lang='lat' dir='ltr'><strong>Proteatant</strong></span> <span class='ocrx_word' id='word_1_353' title='bbox 422 4388 545 4453; x_wconf 80' lang='lat' dir='ltr'><strong>privatim</strong></span> <span class='ocrx_word' id='word_1_354' title='bbox 569 4386 661 4437; x_wconf 86' lang='lat' dir='ltr'><strong>darum</strong></span> <span class='ocrx_word' id='word_1_355' title='bbox 685 4387 764 4449; x_wconf 89' lang='lat' dir='ltr'><strong>bitte,</strong></span> <span class='ocrx_word' id='word_1_356' title='bbox 791 4387 879 4438; x_wconf 78' lang='lat' dir='ltr'><strong>werde</strong></span> <span class='ocrx_word' id='word_1_357' title='bbox 903 4403 931 4437; x_wconf 88' lang='lat' dir='ltr'><strong>er</strong></span> <span class='ocrx_word' id='word_1_358' title='bbox 948 4387 1001 4436; x_wconf 88' lang='lat' dir='ltr'><strong>ihm</strong></span> <span class='ocrx_word' id='word_1_359' title='bbox 1019 4385 1134 4436; x_wconf 89' lang='lat' dir='ltr'><strong>sichares</strong></span> <span class='ocrx_word' id='word_1_360' title='bbox 1153 4385 1241 4436; x_wconf 82' lang='lat' dir='ltr'><strong>Gelait</strong></span> <span class='ocrx_word' id='word_1_361' title='bbox 1257 4385 1285 4435; x_wconf 91' lang='lat' dir='ltr'><strong>in</strong></span> <span class='ocrx_word' id='word_1_362' title='bbox 1303 4385 1352 4435; x_wconf 83' lang='lat' dir='ltr'><strong>der</strong></span> <span class='ocrx_word' id='word_1_363' title='bbox 1367 4385 1443 4435; x_wconf 78' lang='lat' dir='ltr'><strong>weit·</strong></span> 
     </span>
     <span class='ocr_line' id='line_1_38' title="bbox 185 4469 1447 4540; baseline -0.003 -16"><span class='ocrx_word' id='word_1_364' title='bbox 185 4473 349 4540; x_wconf 84' lang='lat' dir='ltr'><strong>gehendsten</strong></span> <span class='ocrx_word' id='word_1_365' title='bbox 365 4473 445 4524; x_wconf 79' lang='lat' dir='ltr'><strong>Fonn</strong></span> <span class='ocrx_word' id='word_1_366' title='bbox 465 4472 598 4524; x_wconf 89' lang='lat' dir='ltr'><strong>crtheilen.</strong></span> <span class='ocrx_word' id='word_1_367' title='bbox 634 4471 723 4524; x_wconf 86' lang='lat' dir='ltr'><strong>Ueber</strong></span> <span class='ocrx_word' id='word_1_368' title='bbox 742 4473 785 4523; x_wconf 90' lang='lat' dir='ltr'><strong>dia</strong></span> <span class='ocrx_word' id='word_1_369' title='bbox 808 4487 869 4524; x_wconf 81' lang='lat' dir='ltr'><strong>rom</strong></span> <span class='ocrx_word' id='word_1_370' title='bbox 887 4472 1047 4523; x_wconf 82' lang='lat' dir='ltr'><strong>Embischoi</strong></span> <span class='ocrx_word' id='word_1_371' title='bbox 1066 4473 1102 4521; x_wconf 89' lang='lat' dir='ltr'><strong>im</strong></span> <span class='ocrx_word' id='word_1_372' title='bbox 1125 4472 1235 4522; x_wconf 77' lang='lat' dir='ltr'><strong>aweitan</strong></span> <span class='ocrx_word' id='word_1_373' title='bbox 1259 4469 1338 4520; x_wconf 79' lang='lat' dir='ltr'><strong>rheu</strong></span> <span class='ocrx_word' id='word_1_374' title='bbox 1354 4471 1447 4521; x_wconf 54' lang='lat' dir='ltr'><strong>&#39;semes</strong></span> 
     </span>
     <span class='ocr_line' id='line_1_39' title="bbox 183 4557 1444 4626; baseline -0.002 -16"><span class='ocrx_word' id='word_1_375' title='bbox 183 4560 284 4610; x_wconf 85' lang='lat' dir='ltr'><strong>Briat&#39;es</strong></span> <span class='ocrx_word' id='word_1_376' title='bbox 301 4558 425 4612; x_wconf 77' lang='lat' dir='ltr'><strong>bsrdhrto</strong></span> <span class='ocrx_word' id='word_1_377' title='bbox 443 4557 632 4626; x_wconf 81' lang='lat' dir='ltr'><strong>Varhandlnng</strong></span> <span class='ocrx_word' id='word_1_378' title='bbox 650 4559 788 4610; x_wconf 82' lang='lat' dir='ltr'><strong>beriahten</strong></span> <span class='ocrx_word' id='word_1_379' title='bbox 806 4559 849 4611; x_wconf 90' lang='lat' dir='ltr'><strong>dia</strong></span> <span class='ocrx_word' id='word_1_380' title='bbox 867 4559 924 4610; x_wconf 86' lang='lat' dir='ltr'><strong>drei</strong></span> <span class='ocrx_word' id='word_1_381' title='bbox 942 4559 1072 4610; x_wconf 82' lang='lat' dir='ltr'><strong>Oratores</strong></span> <span class='ocrx_word' id='word_1_382' title='bbox 1090 4573 1133 4610; x_wconf 84' lang='lat' dir='ltr'><strong>am</strong></span> <span class='ocrx_word' id='word_1_383' title='bbox 1153 4559 1185 4608; x_wconf 88' lang='lat'><strong>10</strong></span> <span class='ocrx_word' id='word_1_384' title='bbox 1208 4557 1282 4610; x_wconf 72' lang='lat' dir='ltr'><strong>usn</strong></span> <span class='ocrx_word' id='word_1_385' title='bbox 1308 4557 1378 4609; x_wconf 85' lang='lat' dir='ltr'><strong>auch</strong></span> <span class='ocrx_word' id='word_1_386' title='bbox 1399 4571 1444 4622; x_wconf 71' lang='lat' dir='ltr'><strong>ge-</strong></span> 
     </span>
     <span class='ocr_line' id='line_1_40' title="bbox 182 4641 1445 4716; baseline -0.002 -20"><span class='ocrx_word' id='word_1_387' title='bbox 182 4647 323 4700; x_wconf 70' lang='lat' dir='ltr'><strong>msinsam:</strong></span> <span class='ocrx_word' id='word_1_388' title='bbox 342 4645 375 4699; x_wconf 87' lang='lat' dir='ltr'><strong>de</strong></span> <span class='ocrx_word' id='word_1_389' title='bbox 393 4645 581 4700; x_wconf 79' lang='lat' dir='ltr'><strong>reformatione</strong></span> <span class='ocrx_word' id='word_1_390' title='bbox 601 4645 689 4698; x_wconf 85' lang='lat' dir='ltr'><strong>adhuc</strong></span> <span class='ocrx_word' id='word_1_391' title='bbox 706 4663 760 4707; x_wconf 85' lang='lat' dir='ltr'><strong>non</strong></span> <span class='ocrx_word' id='word_1_392' title='bbox 778 4652 821 4700; x_wconf 85' lang='lat' dir='ltr'><strong>est</strong></span> <span class='ocrx_word' id='word_1_393' title='bbox 838 4650 961 4711; x_wconf 87' lang='lat' dir='ltr'><strong>coaptum</strong></span> <span class='ocrx_word' id='word_1_394' title='bbox 979 4647 1037 4712; x_wconf 73' lang='lat' dir='ltr'><strong>agi3</strong></span> <span class='ocrx_word' id='word_1_395' title='bbox 1055 4661 1103 4698; x_wconf 87' lang='lat' dir='ltr'><strong>nos</strong></span> <span class='ocrx_word' id='word_1_396' title='bbox 1122 4658 1155 4696; x_wconf 82' lang='lat' dir='ltr'><strong>ea</strong></span> <span class='ocrx_word' id='word_1_397' title='bbox 1172 4644 1206 4694; x_wconf 90' lang='lat' dir='ltr'><strong>ds</strong></span> <span class='ocrx_word' id='word_1_398' title='bbox 1223 4659 1252 4694; x_wconf 87' lang='lat' dir='ltr'><strong>re</strong></span> <span class='ocrx_word' id='word_1_399' title='bbox 1270 4641 1351 4710; x_wconf 82' lang='lat' dir='ltr'><strong>quale</strong></span> <span class='ocrx_word' id='word_1_400' title='bbox 1362 4643 1445 4716; x_wconf 75' lang='lat' dir='ltr'><strong>scrip·</strong></span> 
     </span>
     <span class='ocr_line' id='line_1_41' title="bbox 184 4727 1447 4807; baseline -0.007 -23"><span class='ocrx_word' id='word_1_401' title='bbox 184 4735 237 4784; x_wconf 85' lang='lat' dir='ltr'><strong>turn</strong></span> <span class='ocrx_word' id='word_1_402' title='bbox 255 4733 289 4784; x_wconf 89' lang='lat' dir='ltr'><strong>D.</strong></span> <span class='ocrx_word' id='word_1_403' title='bbox 307 4731 402 4800; x_wconf 80' lang='lat' dir='ltr'><strong>legatis</strong></span> <span class='ocrx_word' id='word_1_404' title='bbox 421 4733 625 4798; x_wconf 81' lang='lat' dir='ltr'><strong>exhibuerimus,</strong></span> <span class='ocrx_word' id='word_1_405' title='bbox 644 4749 676 4784; x_wconf 87' lang='lat' dir='ltr'><strong>ax</strong></span> <span class='ocrx_word' id='word_1_406' title='bbox 694 4736 773 4799; x_wconf 85' lang='lat' dir='ltr'><strong>copia</strong></span> <span class='ocrx_word' id='word_1_407' title='bbox 790 4733 917 4786; x_wconf 82' lang='lat' dir='ltr'><strong>adiuncta</strong></span> <span class='ocrx_word' id='word_1_408' title='bbox 933 4733 994 4782; x_wconf 55' lang='grc' dir='ltr'><strong>ΜΨ</strong></span> <span class='ocrx_word' id='word_1_409' title='bbox 1004 4732 1034 4782; x_wconf 91' lang='lat' dir='ltr'><strong>V.</strong></span> <span class='ocrx_word' id='word_1_410' title='bbox 1055 4731 1146 4782; x_wconf 84' lang='lat' dir='ltr'><strong>ridere</strong></span> <span class='ocrx_word' id='word_1_411' title='bbox 1159 4730 1264 4795; x_wconf 84' lang='lat' dir='ltr'><strong>poterit</strong></span> <span class='ocrx_word' id='word_1_412' title='bbox 1282 4727 1383 4794; x_wconf 79' lang='lat' dir='ltr'><strong>egimus</strong></span> <span class='ocrx_word' id='word_1_413' title='bbox 1396 4727 1447 4807; x_wconf 79' lang='lat' dir='ltr'><strong>hoe</strong></span> 
     </span>
     <span class='ocr_line' id='line_1_42' title="bbox 184 4811 1447 4883; baseline -0.006 -15"><span class='ocrx_word' id='word_1_414' title='bbox 184 4834 235 4870; x_wconf 89' lang='lat' dir='ltr'><strong>non</strong></span> <span class='ocrx_word' id='word_1_415' title='bbox 253 4820 288 4869; x_wconf 85' lang='lat' dir='ltr'><strong>ab</strong></span> <span class='ocrx_word' id='word_1_416' title='bbox 307 4820 481 4870; x_wconf 85' lang='lat' dir='ltr'><strong>instructione</strong></span> <span class='ocrx_word' id='word_1_417' title='bbox 499 4819 661 4870; x_wconf 90' lang='lat' dir='ltr'><strong>discedendo</strong></span> <span class='ocrx_word' id='word_1_418' title='bbox 681 4826 707 4870; x_wconf 89' lang='lat' dir='ltr'><strong>et</strong></span> <span class='ocrx_word' id='word_1_419' title='bbox 730 4821 871 4870; x_wconf 87' lang='lat' dir='ltr'><strong>occasione</strong></span> <span class='ocrx_word' id='word_1_420' title='bbox 894 4823 1032 4883; x_wconf 88' lang='lat' dir='ltr'><strong>praesente</strong></span> <span class='ocrx_word' id='word_1_421' title='bbox 1058 4817 1086 4866; x_wconf 91' lang='lat' dir='ltr'><strong>id</strong></span> <span class='ocrx_word' id='word_1_422' title='bbox 1114 4812 1287 4880; x_wconf 81' lang='lat' dir='ltr'><strong>efflagitante.</strong></span> <span class='ocrx_word' id='word_1_423' title='bbox 1322 4811 1383 4863; x_wconf 88' lang='lat' dir='ltr'><strong>Und</strong></span> <span class='ocrx_word' id='word_1_424' title='bbox 1405 4827 1447 4862; x_wconf 87' lang='lat' dir='ltr'><strong>am</strong></span> 
     </span>
     <span class='ocr_line' id='line_1_43' title="bbox 186 4899 1448 4970; baseline -0.003 -16"><span class='ocrx_word' id='word_1_425' title='bbox 186 4905 216 4954; x_wconf 80' lang='lat'><strong>17</strong></span> <span class='ocrx_word' id='word_1_426' title='bbox 239 4903 326 4954; x_wconf 76' lang='lat' dir='ltr'><strong>Mlirze</strong></span> <span class='ocrx_word' id='word_1_427' title='bbox 353 4910 413 4969; x_wconf 90' lang='lat' dir='ltr'><strong>post</strong></span> <span class='ocrx_word' id='word_1_428' title='bbox 437 4905 572 4956; x_wconf 88' lang='lat' dir='ltr'><strong>decretum</strong></span> <span class='ocrx_word' id='word_1_429' title='bbox 599 4911 625 4955; x_wconf 90' lang='lat' dir='ltr'><strong>et</strong></span> <span class='ocrx_word' id='word_1_430' title='bbox 649 4903 812 4970; x_wconf 88' lang='lat' dir='ltr'><strong>publicatum</strong></span> <span class='ocrx_word' id='word_1_431' title='bbox 835 4903 938 4954; x_wconf 84' lang='lat' dir='ltr'><strong>salvum</strong></span> <span class='ocrx_word' id='word_1_432' title='bbox 962 4901 1121 4952; x_wconf 85' lang='lat' dir='ltr'><strong>conductum</strong></span> <span class='ocrx_word' id='word_1_433' title='bbox 1145 4901 1230 4951; x_wconf 79' lang='lat' dir='ltr'><strong>risum</strong></span> <span class='ocrx_word' id='word_1_434' title='bbox 1253 4899 1304 4949; x_wconf 78' lang='lat' dir='ltr'><strong>ruit</strong></span> <span class='ocrx_word' id='word_1_435' title='bbox 1327 4899 1448 4950; x_wconf 83' lang='lat' dir='ltr'><strong>omnibus</strong></span> 
     </span>
     <span class='ocr_line' id='line_1_44' title="bbox 181 4987 1447 5057; baseline -0.005 -17"><span class='ocrx_word' id='word_1_436' title='bbox 181 4992 311 5054; x_wconf 82' lang='lat' dir='ltr'><strong>patribus,</strong></span> <span class='ocrx_word' id='word_1_437' title='bbox 334 4995 364 5040; x_wconf 90' lang='lat' dir='ltr'><strong>ut</strong></span> <span class='ocrx_word' id='word_1_438' title='bbox 386 4989 470 5057; x_wconf 80' lang='lat' dir='ltr'><strong>usqne</strong></span> <span class='ocrx_word' id='word_1_439' title='bbox 495 4991 529 5041; x_wconf 86' lang='lat' dir='ltr'><strong>ad</strong></span> <span class='ocrx_word' id='word_1_440' title='bbox 554 4989 668 5042; x_wconf 81' lang='lat' dir='ltr'><strong>futuram</strong></span> <span class='ocrx_word' id='word_1_441' title='bbox 694 4991 835 5040; x_wconf 88' lang='lat' dir='ltr'><strong>sessionem</strong></span> <span class='ocrx_word' id='word_1_442' title='bbox 860 4989 895 5038; x_wconf 92' lang='lat' dir='ltr'><strong>de</strong></span> <span class='ocrx_word' id='word_1_443' title='bbox 914 4987 1100 5039; x_wconf 78' lang='lat' dir='ltr'><strong>reformatione</strong></span> <span class='ocrx_word' id='word_1_444' title='bbox 1118 4993 1220 5038; x_wconf 78' lang='lat' dir='ltr'><strong>morunt</strong></span> <span class='ocrx_word' id='word_1_445' title='bbox 1237 4990 1368 5051; x_wconf 74' lang='lat' dir='ltr'><strong>ageretur.</strong></span> <span class='ocrx_word' id='word_1_446' title='bbox 1394 4999 1447 5034; x_wconf 88' lang='lat' dir='ltr'><strong>non</strong></span> 
     </span>
     <span class='ocr_line' id='line_1_45' title="bbox 183 5071 1448 5143; baseline -0.005 -17"><span class='ocrx_word' id='word_1_447' title='bbox 183 5077 230 5126; x_wconf 83' lang='lat' dir='ltr'><strong>abs</strong></span> <span class='ocrx_word' id='word_1_448' title='bbox 247 5091 276 5128; x_wconf 90' lang='lat' dir='ltr'><strong>re</strong></span> <span class='ocrx_word' id='word_1_449' title='bbox 294 5078 383 5143; x_wconf 83' lang='lat' dir='ltr'><strong>itaque</strong></span> <span class='ocrx_word' id='word_1_450' title='bbox 401 5092 450 5128; x_wconf 81' lang='lat' dir='ltr'><strong>nos</strong></span> <span class='ocrx_word' id='word_1_451' title='bbox 468 5075 590 5128; x_wconf 82' lang='lat' dir='ltr'><strong>facturos</strong></span> <span class='ocrx_word' id='word_1_452' title='bbox 608 5077 827 5141; x_wconf 78' lang='lat' dir='ltr'><strong>existimavimus,</strong></span> <span class='ocrx_word' id='word_1_453' title='bbox 845 5077 867 5126; x_wconf 88' lang='lat' dir='ltr'><strong>si</strong></span> <span class='ocrx_word' id='word_1_454' title='bbox 890 5074 1111 5141; x_wconf 85' lang='lat' dir='ltr'><strong>quemadmodum</strong></span> <span class='ocrx_word' id='word_1_455' title='bbox 1130 5073 1190 5124; x_wconf 58' lang='grc' dir='ltr'><strong>ΜΨ</strong></span> <span class='ocrx_word' id='word_1_456' title='bbox 1207 5073 1238 5124; x_wconf 89' lang='lat' dir='ltr'><strong>V.</strong></span> <span class='ocrx_word' id='word_1_457' title='bbox 1258 5071 1309 5122; x_wconf 63' lang='grc' dir='ltr'><strong>θ’·</strong></span> <span class='ocrx_word' id='word_1_458' title='bbox 1327 5071 1406 5132; x_wconf 82' lang='lat' dir='ltr'><strong>nobis</strong></span> <span class='ocrx_word' id='word_1_459' title='bbox 1421 5072 1448 5120; x_wconf 89' lang='lat' dir='ltr'><strong>in</strong></span> 
     </span>
    </p>
   </div>
   <div class='ocr_carea' id='block_1_8' title="bbox 0 0 1730 5818">
    <p class='ocr_par' dir='ltr' id='par_1_8' title="bbox 0 0 1730 5818">
     <span class='ocr_line' id='line_1_46' title="bbox 0 0 1730 5818; baseline 0 3"><span class='ocrx_word' id='word_1_460' title='bbox 0 0 1730 5818; x_wconf 95' lang='lat' dir='ltr'><strong> </strong></span> 
     </span>
    </p>
   </div>
  </div>
 </body>
</html>
