3468 5820
354 463 416 526 m

352 647 554 738 relinquatur
585 671 640 717 eas
663 673 728 716 una
751 674 823 718 cum
845 650 960 739 legatis
982 653 1154 741 pontificiis
1177 677 1236 742 pro
1260 653 1417 741 dignitate
1446 653 1486 718 R.
1514 653 1664 742 pontificis

353 762 386 818 et
404 755 501 820 totius
524 753 679 821 ecclesiae
700 754 804 822 salute
827 755 965 822 diffinire
986 767 1019 822 et
1041 757 1209 843 expedire,
1237 765 1273 822 ut
1301 759 1334 822 in
1363 759 1401 822 iis
1429 756 1526 823 rebus
1547 760 1665 824 nonsit

353 878 434 943 opus
457 879 583 944 semper
604 858 739 924 Romam
762 881 936 925 recurrere.
969 859 1052 924 VIII
1079 871 1116 924 ιιι
1144 861 1177 924 in
1199 860 1335 927 concilio
1364 869 1400 924 ut
1421 861 1587 924 minimum
1608 859 1665 926 duo

352 962 415 1026 siut
437 965 606 1028 secretarii.
630 963 681 1028 IX
702 986 743 1028 ne
759 963 929 1030 concilium
945 973 1020 1030 ante
1033 964 1210 1051 perfectam
1226 964 1449 1031 diffinitionem
1465 987 1574 1030 eorum
1590 986 1666 1050 quae

352 1065 476 1150 inipso
499 1066 666 1153 proposita
687 1077 762 1132 sunt
783 1077 815 1132 et
837 1067 943 1132 adhuc
965 1067 1005 1132 ds
1027 1069 1218 1134 necessitate
1240 1068 1377 1155 proponi
1398 1075 1542 1154 possunt,
1565 1065 1666 1132 dissol-

352 1175 454 1232 vatur.
478 1167 511 1232 X
533 1179 569 1234 ut
591 1169 781 1236 universalis
805 1169 962 1238 ecclesiae
984 1171 1168 1238 reformatio
1190 1173 1224 1237 in
1240 1170 1375 1238 conulio
1397 1181 1472 1236 ante
1494 1169 1667 1236 dissolutio·

350 1291 424 1336 nem
447 1272 515 1336 eius
536 1272 608 1352 fiat,
636 1297 701 1338 non
730 1273 833 1338 solum
861 1275 894 1340 in
921 1274 1171 1361 particularibus
1192 1274 1398 1340 inferioribus
1426 1272 1588 1356 ecclesiis,
1616 1273 1667 1336 scd

351 1374 447 1440 etiam
469 1375 503 1438 iu
524 1377 628 1461 prima
650 1377 858 1464 patriarchali
880 1378 917 1442 R.
942 1376 1080 1445 ecclesia
1102 1387 1134 1444 et
1156 1379 1248 1444 curia
1269 1379 1347 1445 eius.

451 1476 503 1542 De
526 1478 747 1564 dogmatibus:
769 1481 787 1546 1
809 1490 845 1545 ut
866 1483 1047 1546 communio
1070 1480 1180 1547 calicis
1203 1490 1338 1568 petatur.
1360 1481 1395 1546 Π
1409 1489 1445 1545 ιιι
1459 1480 1623 1544 doctrinae
1639 1489 1667 1544 et

349 1580 424 1647 fidei
447 1579 625 1648 catholicas
648 1605 771 1650 summa
794 1583 952 1671 quaedam
975 1587 1009 1650 in
1038 1585 1142 1650 forma
1168 1584 1353 1650 catechismi
1382 1595 1414 1648 et
1440 1583 1591 1672 postillae
1617 1607 1668 1670 pro

350 1684 625 1772 praedicatoribus
649 1687 846 1772 conficiatur,
869 1697 926 1754 aut
940 1687 1013 1752 libri
1029 1711 1211 1754 sermonum
1228 1686 1458 1754 catholicorum
1481 1709 1547 1752 non
1571 1685 1667 1752 solum

349 1798 532 1855 sanctorum
556 1800 693 1877 patrum,
717 1791 894 1857 sedebam
916 1791 1106 1857 hisnostris
1128 1792 1327 1879 temporibus
1355 1815 1376 1856 a
1403 1791 1572 1857 catholicis
1599 1792 1669 1854 viris
1719 1825 1720 1856 ι

348 1891 392 1956 ad
413 1891 569 1979 populum
590 1892 772 1961 habitorum
795 1905 827 1960 et
849 1895 936 1981 typis
958 1917 1168 1962 excussorum
1202 1896 1236 1959 in
1259 1894 1442 1980 catalogum
1465 1894 1604 1982 aliquem
1627 1918 1669 1959 re·
1719 1901 1720 1950 ι

347 1995 492 2062 serantur
513 2005 545 2062 et
567 1996 732 2063 catholicis
761 1997 911 2085 parochis
935 2007 967 2062 et
987 1997 1079 2064 verbi
1102 1999 1156 2063 dei
1177 1998 1469 2085 praedicatoribus,
1504 2007 1540 2064 ut
1563 2021 1604 2064 ex
1625 1999 1669 2062 bis

348 2098 503 2187 populum
525 2102 559 2164 in
579 2123 659 2166 vera
681 2100 840 2168 catholica
862 2101 1017 2188 religione
1039 2102 1206 2170 instituere
1235 2111 1267 2168 et
1288 2100 1405 2167 docere
1426 2103 1569 2188 possint,
1604 2123 1668 2187 pro·
1719 2130 1720 2148 ι

347 2212 517 2289 ponantur.
539 2203 590 2268 III
614 2205 682 2269 eius
706 2206 802 2269 etiam
824 2207 904 2270 ratio
926 2203 1087 2270 habeatur
1114 2213 1145 2270 et
1168 2203 1334 2270 conciliari
1355 2203 1485 2270 decreto
1509 2215 1667 2284 caveatur,
1719 2245 1720 2286 p

348 2314 384 2370 ut
405 2304 478 2371 libri
501 2305 651 2372 catholici
672 2307 847 2372 bibliorum
870 2330 1035 2372 sacrorum
1058 2317 1091 2373 et
1113 2317 1297 2374 sanctorum
1319 2317 1448 2394 patrum
1479 2329 1539 2394 per
1563 2307 1667 2371 baere-

346 2409 428 2475 ticos
452 2408 618 2498 depravati
640 2412 857 2494 restituantur,
881 2421 913 2475 et
935 2433 1046 2476 eorum
1069 2419 1157 2476 certa
1184 2410 1385 2499 exemplaria
1405 2411 1438 2474 in
1460 2410 1666 2476 bibliothecas

347 2513 578 2600 patriarchales
601 2523 634 2578 et
655 2513 947 2601 archiepiscopales
968 2537 1027 2600 per
1049 2513 1176 2582 concilii
1203 2517 1345 2582 notarios
1376 2513 1561 2600 subscripta
1584 2535 1666 2599 repo-

349 2628 467 2683 nantur
489 2626 653 2682 eteorum
674 2616 774 2683 index
796 2617 988 2705 publicetur.

450 2720 501 2785 De
517 2722 744 2786 sacramentis:
767 2729 803 2785 ιιι
817 2743 875 2808 pro
892 2721 1168 2787 administratione
1184 2729 1458 2787 sacramentorum
1473 2717 1665 2806 aliorumque
1719 2795 1720 2810 ,

347 2822 561 2911 spiritualium
584 2822 673 2888 nulla
694 2823 884 2910 temporalia
906 2825 1085 2910 exigantur,
1110 2835 1248 2912 atquae
1271 2823 1312 2889 de
1335 2825 1544 2890 sacramentis
1567 2823 1665 2887 hacte-
1719 2891 1720 2912 χ

343 2950 405 2992 nus
426 2929 460 2992 in
482 2925 670 2992 Tridentino
694 2926 828 2993 concilio
852 2926 1024 2993 salubriter
1047 2927 1178 2994 decreta
1199 2938 1282 3010 sunt,
1316 2925 1453 2992 fideliter
1481 2925 1665 3014 exequenda
1719 2921 1720 3002 l

345 3030 592 3108 demandentur,
630 3039 663 3094 et
689 3053 772 3116 quae
799 3030 944 3097 noudum
978 3031 1110 3096 decreta
1143 3040 1231 3114 sunt,
1269 3029 1480 3097 absolvantur
1510 3039 1543 3094 et
1572 3027 1665 3116 publi·
1719 3019 1720 3098 l

344 3143 465 3200 centur
489 3171 527 3181 -
550 3133 590 3198 de
613 3134 810 3200 cerimoniis:
835 3132 1040 3198 statuendum
1062 3142 1098 3198 ut
1119 3133 1247 3198 divinus
1269 3131 1375 3198 cultus
1404 3134 1438 3197 in
1468 3131 1664 3198 orationibus

343 3246 375 3303 et
397 3239 429 3303 in
452 3247 549 3304 cantu
571 3236 721 3304 horarum
745 3238 972 3303 canonicarum
1001 3235 1117 3302 devote
1145 3246 1335 3323 peragatur,
1364 3245 1396 3300 et
1422 3234 1591 3300 breviaria
1614 3257 1663 3320 pro

341 3343 592 3429 uniuscuiusque
620 3340 777 3406 ecclesiae
804 3339 1009 3427 particularis
1038 3339 1196 3406 laudabili
1218 3349 1250 3406 et
1271 3338 1410 3426 probata
1433 3337 1660 3405 consuetudine

340 3453 563 3531 repurgentur,
601 3443 700 3509 salvis
722 3453 830 3508 tamen
853 3467 950 3532 super
972 3466 1011 3508 ea
1032 3465 1067 3508 re
1090 3443 1184 3508 editis
1206 3441 1259 3507 vel
1283 3441 1414 3508 edendis
1436 3440 1575 3507 decretis
1598 3463 1662 3506 con·

342 3548 513 3614 ciliaribus.
540 3585 577 3594 -
602 3547 643 3612 de
665 3547 886 3612 iurisdictione
915 3547 1116 3613 contentiosa
1143 3547 1317 3611 ecclcsiae:
1350 3567 1390 3610 nc
1413 3543 1489 3610 laici
1511 3547 1545 3609 in
1567 3546 1663 3632 prima

341 3651 494 3716 instantia
514 3650 650 3714 Romam
673 3649 818 3715 eitsntur.
841 3673 882 3714 ns
906 3671 1025 3714 causae
1048 3651 1108 3715 sub
1130 3659 1303 3736 praetextu
1327 3649 1507 3734 denegatae
1528 3649 1662 3712 iustitiae

341 3755 410 3818 sinc
425 3754 558 3840 praevia
573 3773 689 3816 musae
705 3753 886 3838 cognitione
902 3752 944 3817 ad
960 3753 1065 3818 forum
1081 3752 1334 3818 ecclesiasticum
1350 3751 1558 3816 advocentur.
1581 3775 1620 3816 ne
1634 3751 1661 3812 in

341 3858 446 3922 causis
468 3855 612 3942 profanis
635 3866 877 3922 conservatores
901 3856 1024 3940 dentur,
1048 3867 1080 3921 st
1103 3855 1163 3920 sub
1186 3855 1248 3922 hoc
1269 3865 1441 3943 praetextu
1457 3854 1564 3920 aliena
1579 3854 1660 3916 iuris·
1719 3897 1720 3924 ,

341 3961 437 4026 dictio
460 3969 632 4047 usurpetur
655 3969 687 4026 et
708 3983 825 4026 causae
847 3961 1002 4048 profanae
1025 3961 1067 4026 ad
1090 3960 1340 4026 ecclesiasticum
1362 3959 1466 4024 forum
1489 3956 1656 4024 trahantur.
1719 3991 1720 4026 ι

340 4085 382 4128 ne
404 4063 693 4130 excommunicatio
716 4087 800 4152 quae
823 4062 979 4130 ecclcsiae
1002 4086 1152 4151 suprema
1174 4073 1205 4130 et
1227 4063 1418 4150 gravissima
1449 4083 1586 4126 censura
1608 4069 1655 4137 cst,

339 4187 398 4254 pro
420 4164 545 4232 levibus
568 4169 673 4232 causis
697 4176 728 4230 et
750 4191 808 4256 pro
832 4167 976 4254 quolibet
997 4177 1131 4253 peccato
1153 4165 1243 4231 nulla
1275 4166 1433 4230 sententia
1455 4163 1656 4228 declaratoria
1719 4185 1720 4192 ι

341 4267 556 4354 praecedente
578 4270 709 4334 seratur.
734 4305 773 4316 -
799 4268 838 4336 de
861 4271 1057 4336 visitatione:
1081 4281 1117 4334 ut
1139 4268 1368 4334 monachorum
1391 4276 1494 4332 status
1516 4265 1654 4331 reforme-

340 4380 400 4436 tur.
425 4409 465 4420 -
489 4371 529 4437 ds
551 4370 768 4440 celebratione
797 4372 1024 4438 conciliorum:
1058 4382 1093 4436 ut
1121 4374 1212 4436 statis
1244 4369 1440 4457 temporibus
1464 4368 1654 4434 celebrentur

340 4473 551 4542 dioecesanae
575 4475 692 4562 synodi
714 4485 746 4539 et
768 4474 905 4541 concilia
926 4474 1145 4562 provincialia.
1719 4539 1720 4554 p

440 4579 491 4644 De
514 4577 670 4645 electione
693 4578 934 4665 episcoporum:
956 4578 974 4643 I
996 4587 1032 4642 ut
1053 4600 1137 4665 quae
1153 4577 1194 4642 de
1210 4575 1418 4644 electionibus
1441 4577 1650 4662 episcoporum
1719 4609 1720 4656 7

337 4685 372 4747 in
393 4681 455 4748 hoc
477 4680 613 4748 concilio
635 4691 775 4746 tractata
798 4691 880 4764 sunt,
904 4679 1101 4746 diffiniantur
1123 4690 1155 4746 et
1177 4679 1221 4744 ad
1242 4680 1463 4746 executionem
1487 4677 1649 4764 perducan-

338 4795 400 4850 tur.
423 4785 458 4850 Π
479 4793 515 4848 ιιι
538 4782 659 4850 abusus
683 4785 739 4871 qui
761 4785 917 4850 hactenus
939 4785 973 4848 iu
996 4783 1204 4848 electionibus
1227 4781 1496 4871 postulationibus
1518 4778 1647 4847 etnomi·

337 4887 520 4954 nationibus
544 4888 768 4973 episcoporum
790 4887 918 4952 filerunt
940 4885 1102 4970 tollantur,
1125 4887 1181 4974 qui
1205 4895 1291 4951 suut:
1315 4886 1403 4974 quod
1423 4888 1458 4950 in
1480 4880 1647 4969 metropoli·

337 4993 419 5056 tanis
448 5001 480 5056 et
509 4987 749 5056 cathedralibus
779 4990 922 5056 ecclesiis
949 4991 1042 5077 pueri
1068 4992 1101 5054 in
1129 4992 1301 5057 canonicos
1329 4999 1548 5074 assumuntur;
1582 4987 1646 5050 item
