3532 5832
317 655 492 724 christiana
513 657 597 724 inter
619 653 753 723 clericos
776 705 784 721 .
808 704 815 720 .
840 703 848 720 .
872 652 961 742 quod
982 663 1090 720 autem
1112 653 1156 722 ad
1184 663 1336 744 quartam
1356 654 1498 742 pertinet
1519 651 1660 722 conclu·

316 783 388 827 sum
409 760 484 846 luit,
507 769 543 826 ut
557 759 756 848 principibus
779 757 956 840 scribatur,
984 780 1051 824 non
1072 766 1108 824 ut
1135 781 1248 825 eorum
1281 758 1460 826 authoritas
1480 768 1657 849 tamquam

315 866 499 931 necessaria
519 864 554 928 in
575 862 638 929 hoc
660 861 876 948 desideretur,
900 861 958 928 sed
979 871 1104 927 tantum
1126 871 1162 927 ut
1184 863 1211 926 si
1234 861 1312 950 quid
1334 863 1395 950 ipsi
1417 863 1451 928 in
1472 864 1655 950 provinciis

317 969 383 1033 suis
405 966 629 1034 recordatione
657 965 791 1054 dignum
820 966 855 1031 in
875 963 939 1032 hac
959 966 1096 1032 materia
1127 964 1289 1050 habeant,
1327 964 1394 1033 8¹⁶⁰
1415 965 1449 1033 S.
1478 967 1656 1033 certiorem

316 1069 465 1138 reddant.
488 1079 520 1136 et
541 1067 686 1136 intellexi
707 1068 893 1156 pontificem
914 1071 948 1134 in
969 1067 1181 1136 cardinalium
1204 1071 1453 1156 congregatione
1475 1069 1608 1152 dixisse,
1634 1092 1658 1134 a

316 1197 352 1242 se
373 1176 444 1263 ipso
465 1175 558 1242 istius
579 1173 816 1240 reformationis
838 1173 964 1240 initium
984 1172 1147 1239 facturum
1169 1194 1241 1238 esse
1256 1221 1265 1239 .
1281 1222 1315 1240 ..

932 1601 1031 1690 XX

405 1823 613 1899 Zachariae
641 1823 853 1920 Delphinus
881 1821 1044 1898 Bieclroi
1065 1845 1140 1900 von
1168 1822 1318 1899 listina
1346 1843 1393 1898 aa
1423 1821 1496 1898 dan
1525 1817 1566 1895 Κ.

864 1941 1110 2038 Maximillam

776 2099 874 2164 Rom,
893 2096 1076 2150 losannae
1095 2099 1186 2150 taso.

831 2278 967 2336 mmm
985 2277 1123 2352 mete.

415 2457 463 2524 Er
484 2457 702 2546 entechnldigt
725 2460 794 2525 sein
815 2457 965 2544 langores
987 2457 1188 2546 Schweigen.
1221 2457 1291 2524 Der
1312 2456 1522 2526 verstorbene
1543 2455 1648 2544 Papst

312 2560 402 2628 hatte
423 2585 488 2628 von
511 2565 632 2629 seinem
653 2561 882 2629 Briefwechsel
909 2563 969 2629 mit
996 2563 1070 2628 dem
1091 2563 1221 2652 Kdnige
1248 2562 1365 2650 gelrdrt
1391 2559 1459 2627 nnd
1488 2559 1647 2629 bedrohte

312 2663 379 2730 ihn'.
402 2663 478 2731 Nun
500 2665 572 2731 sind
594 2665 725 2734 bessere
747 2667 876 2751 Zeiten,
912 2665 964 2733 die
992 2665 1113 2732 wieder
1140 2667 1198 2733 mit
1226 2664 1291 2732 den
1311 2663 1487 2732 Frennden
1514 2685 1556 2729 zu
1575 2685 1647 2730 ver·

312 2767 438 2937 {elren
460 2768 624 2836 erlauben.
668 2769 716 2837 Er
736 2769 915 2839 versichert
936 2769 1001 2837 den
1023 2767 1133 2860 Konig
1154 2772 1261 2838 seiner
1282 2765 1559 2858 Anhanglichlseit
1578 2763 1648 2834 und

343 2895 432 2940 reue.

921 3233 1043 3320 XXI.

608 3453 728 3529 Franz
755 3474 830 3529 von
859 3453 1077 3530 Thermae
1107 3451 1181 3528 dan
1211 3449 1367 3542 licitam

775 3607 873 3673 Rom,
893 3610 930 3660 16
947 3605 1077 3659 Jannar
1096 3608 1187 3659 taso.

664 3788 801 3845 Romano.
819 3788 949 3862 Oriffl‘aol
955 3809 968 3860 ,·
980 3788 1012 3844 in
1026 3794 1117 3863 toron:
1130 3790 1171 3845 31
1188 3786 1312 3844 Jcauor.

414 3967 496 4035 Heri
518 3967 730 4036 cardinalium
753 3971 960 4057 congregatio
982 3971 1074 4037 iussu
1094 3967 1256 4056 pontificis
1277 3968 1400 4036 iactum
1421 3979 1471 4037 est
1488 4019 1495 4034 .
1511 4019 1544 4038 ..
1564 3981 1644 4040 trac·

310 4077 414 4136 tatum
434 4081 618 4159 praeterea,
642 4072 730 4162 quod
751 4071 916 4161 aliquanto
938 4074 1069 4139 maioris
1090 4072 1245 4140 momenti
1266 4081 1330 4157 est,
1353 4071 1395 4138 de
1417 4073 1642 4144 reformatione

311 4172 422 4239 fienda
442 4176 692 4265 incipiendaque
720 4200 741 4242 a
772 4199 912 4264 persona
939 4188 972 4243 et
998 4175 1121 4243 familia
1146 4175 1325 4264 pontificis,
1363 4200 1463 4266 quam
1484 4178 1644 4266 gradatim

313 4299 424 4344 omnes
447 4279 627 4346 cardinales
656 4283 724 4369 pati
756 4279 920 4347 deberent
960 4279 1001 4347 de
1023 4279 1085 4346 hoc
1114 4291 1221 4347 autem
1242 4279 1323 4346 nihil
1344 4282 1644 4369 impraesentiarum

312 4383 539 4469 constitutum,
563 4385 622 4450 sed
636 4380 753 4452 'tamen
775 4385 911 4470 dictum,
934 4395 970 4451 ut
984 4395 1050 4452 tres
1065 4384 1140 4452 Itali
1157 4385 1286 4474 duoque
1308 4385 1548 4472 ultromontani,
1565 4387 1644 4454 alter

282 4533 286 4540 ·
313 4485 515 4573 Germanus,
553 4487 635 4554 alter
656 4512 734 4556 vero
758 4488 873 4556 Gallus
896 4513 939 4556 ex
961 4488 1181 4556 cardinalibus
1209 4489 1386 4576 eligantur,
1422 4490 1478 4579 qui
1500 4513 1540 4557 ea
1561 4514 1643 4581 quae

312 4593 510 4658 correctione
539 4590 639 4680 digna
666 4592 941 4678 animadvertent,
978 4592 1121 4681 pontifici
1153 4592 1310 4678 referant,
1339 4617 1423 4683 quae
1450 4604 1565 4684 postea
1586 4619 1644 4684 per

312 4693 379 4760 8⁸·m
400 4693 432 4762 S.
456 4694 602 4784 patribus
624 4697 860 4783 recitabuntur,
899 4707 931 4768 et
961 4719 1035 4766 cum
1063 4718 1176 4766 eorum
1204 4719 1380 4768 consensu.
1393 4697 1578 4768 reformatio
1598 4702 1643 4766 in·

313 4801 472 4866 stituetur.

877 4943 1083 4968 m
