3468 5820
1335 475 1397 540 480

73 687 153 734 ustum
174 663 393 734 necessarium
423 687 505 732 csse.
527 662 669 752 alioquin
700 661 786 731 idem
815 664 904 752 quod
934 674 1030 734 antea
1058 685 1188 754 quoquc
1211 664 1338 732 eveniet
1360 671 1394 730 et

72 771 106 834 ab
126 770 274 838 omnibus
297 769 491 836 clamabitur
513 791 578 834 nou
601 777 714 834 extare
737 769 965 856 episcoporum
986 769 1221 851 testimonium,
1245 768 1289 836 ad
1310 787 1391 854 quos

72 875 206 960 inprimis
228 876 390 961 pertineat
412 871 617 950 considerare
640 881 673 936 ot
693 881 804 958 petere
835 894 918 960 quae
947 871 1094 942 omnibus
1123 871 1186 938 sibi
1214 871 1393 938 commissis

69 987 220 1062 oportuna
243 986 276 1044 et
296 979 482 1045 necessaria
504 976 574 1042 fore
597 976 830 1042 existimarent.
854 999 937 1064 quae
959 988 1068 1044 tamen
1085 978 1192 1044 omniu
1213 974 1394 1063 prudentis·

71 1081 142 1145 simo
163 1081 227 1146 Mn.
250 1081 291 1147 V.
315 1079 347 1146 S.
370 1079 491 1147 iudicio
513 1076 748 1166 perpendenda
769 1079 995 1165 relinquimus,
1024 1101 1106 1168 quae
1136 1079 1275 1148 fortasse
1304 1079 1396 1144 novit

70 1182 140 1269 quid
161 1183 205 1248 D.
230 1206 340 1252 comes
363 1207 383 1250 a
404 1183 502 1248 Luna
523 1182 557 1248 in
579 1181 741 1248 mandatis
763 1182 884 1249 haheat
905 1205 926 1248 a
948 1205 1006 1250 suo
1035 1205 1114 1270 rege
1144 1181 1242 1250 etiam
1271 1183 1306 1248 in
1332 1180 1396 1246 hoc

67 1287 197 1372 negotio.
234 1297 403 1374 praeterea
435 1285 529 1352 facile
560 1287 675 1352 coniici
702 1293 810 1372 potest
840 1284 881 1350 D.
904 1287 1039 1354 Morouo
1070 1287 1259 1354 mandatruu
1281 1307 1352 1352 esse
1376 1304 1396 1347 a

67 1387 115 1452 8³¹⁰
134 1389 175 1458 D.
199 1390 240 1456 N.
265 1399 301 1456 ut
324 1388 497 1456 concilium
520 1386 689 1468 acceleret,
724 1411 919 1477 quocunque
952 1389 987 1455 id
1018 1389 1112 1459 modo
1146 1390 1254 1456 facere
1283 1387 1395 1474 possit

66 1492 214 1557 mittimus
238 1496 309 1560 eius
331 1493 510 1560 orationem
534 1513 631 1578 quam
654 1490 928 1580 nudiusquartus
952 1495 985 1558 in
1009 1495 1260 1581 congregatione
1284 1511 1393 1559 coram

69 1594 210 1678 patribus
232 1596 356 1663 habuit.
380 1618 423 1662 ex
445 1618 485 1660 ea
507 1594 573 1659 Mtu
586 1594 626 1658 V.
650 1593 683 1658 S.
707 1594 886 1681 intelligere
899 1596 1027 1682 poterit
1050 1595 1128 1682 quid
1151 1617 1295 1661 summus
1316 1616 1394 1680 pou·

66 1697 139 1762 tifex
160 1698 252 1784 velit,
278 1698 356 1786 quid
379 1699 449 1784 ipse
471 1699 548 1762 item
571 1697 612 1761 D.
637 1697 793 1762 Moronus
816 1697 868 1762 hic
890 1720 988 1784 agere
1003 1699 1188 1764 instituerit.
1211 1699 1271 1764 etsi
1288 1707 1394 1763 autem

66 1800 313 1885 pollicitationes
337 1803 414 1867 satis
438 1803 605 1889 speciosae
628 1803 700 1882 sint,
723 1821 786 1865 nou
809 1802 957 1868 videmus
986 1811 1095 1868 tamen
1124 1802 1202 1889 quid
1231 1801 1271 1867 de
1298 1800 1396 1865 refor-

67 1904 204 1970 matione
228 1903 388 1993 praeclari
411 1927 542 1992 sperare
566 1903 757 1988 debeamus,
792 1926 864 1970 cum
898 1904 977 1969 nihil
1001 1929 1111 1970 earum
1135 1927 1240 1969 rerum
1264 1904 1318 1990 agi
1347 1903 1394 1965 vi·

65 2004 195 2074 deamus
228 2008 270 2076 ob
294 2030 375 2096 quas
398 2007 442 2074 ad
465 2007 623 2076 ecclesiae
645 2009 803 2094 gremium
825 2011 973 2075 revocari
995 2020 1128 2097 possent
1148 2011 1172 2074 ii
1193 2010 1249 2095 qui
1284 2005 1327 2074 ab
1356 2028 1397 2072 ea

66 2107 292 2178 discesserunt.

162 2215 219 2281 De
242 2215 418 2282 secretario
441 2237 570 2304 quoque
593 2216 720 2284 concilii
745 2237 815 2284 cum
840 2217 927 2303 apud
949 2217 1153 2304 praedictum
1167 2217 1209 2282 D.
1225 2216 1396 2282 Moronum

68 2337 248 2402 ageremus,
272 2318 414 2384 ostendit
436 2341 470 2384 se
483 2321 669 2385 existimare
693 2322 771 2384 satis
794 2343 874 2402 csse,
899 2321 926 2384 si
948 2331 985 2385 ut
1005 2331 1101 2386 antea
1123 2324 1169 2385 ita
1184 2323 1396 2409 inposterum

67 2441 193 2508 quoque
216 2445 301 2486 unus
323 2431 449 2488 tantum
472 2423 513 2488 sit
535 2425 737 2501 secretarius,
761 2445 802 2486 nc
826 2422 948 2512 aliquid
978 2425 1166 2490 innovatum
1193 2446 1264 2489 esse
1287 2421 1396 2488 videa·

67 2533 127 2607 tur,
158 2548 265 2613 eoque
288 2527 392 2612 magis
414 2549 515 2592 unum
537 2527 746 2594 secretarium
775 2526 923 2592 sulficere
955 2527 1043 2614 quod
1064 2529 1160 2594 statui
1182 2527 1318 2614 posthac
1340 2549 1397 2613 po·

67 2628 150 2710 terit,
186 2641 224 2694 ut
252 2637 361 2714 patres
393 2641 468 2716 post
497 2630 600 2696 dictas
629 2652 705 2696 suas
735 2631 910 2696 sententias
940 2653 1052 2696 aarum
1075 2651 1233 2696 summam
1255 2630 1397 2697 breviter

68 2727 260 2819 descriptam
282 2734 346 2819 ipsi
370 2735 545 2799 secretario
568 2733 707 2798 tradant.
731 2733 790 2800 sed
811 2755 871 2800 nos
893 2755 936 2800 ne
958 2734 1152 2822 sicquidem
1181 2736 1219 2799 iis
1246 2736 1396 2799 inconve-

68 2833 229 2901 nientibus
254 2857 337 2922 quae
360 2857 403 2901 ex
425 2837 520 2900 unius
542 2847 666 2902 tantum
689 2839 856 2902 secretarii
879 2859 979 2924 opera
1002 2847 1194 2926 sequuntur,
1216 2837 1395 2903 remedium

68 2933 211 3003 adhiberi
234 2960 331 3025 posse
354 2961 534 3005 censemus.
558 2963 635 3004 nam
657 2941 690 3004 in
713 2939 799 3005 illius
815 2944 875 3006 erit
896 2951 1067 3030 potestate,
1090 2952 1126 3007 ut
1142 2950 1238 3006 antea
1254 2963 1394 3028 quoque,

69 3059 119 3103 suo
142 3039 280 3108 arbitrio
304 3041 345 3107 de
367 3053 495 3129 patrum
518 3044 686 3109 sententiis
709 3042 854 3110 iudicare
877 3067 1053 3132 eorumque
1075 3043 1163 3110 diota
1186 3044 1229 3112 ad
1250 3065 1342 3108 suam
1364 3053 1397 3108 et

68 3139 103 3205 D.
125 3142 310 3228 legatorum
333 3144 534 3212 voluntatem
557 3147 812 3212 accommodare.
836 3146 879 3212 ad
902 3157 1082 3213 extremum
1104 3157 1214 3214 nmen
1233 3146 1296 3212 hoc
1319 3167 1394 3235 quo-

68 3267 125 3330 que
148 3248 323 3334 negocium
346 3249 386 3312 ad
411 3249 472 3314 M²¹⁸
495 3249 534 3314 V.
559 3248 591 3315 S.
616 3248 812 3337 colloquium
835 3271 870 3314 se
891 3250 1026 3314 reiicorc
1048 3250 1138 3314 dixit.

165 3351 364 3416 Existimant
384 3355 508 3441 passim
529 3353 571 3418 D.
594 3352 729 3440 praelati
745 3353 786 3417 D.
803 3353 972 3419 Moronum
988 3354 1136 3440 inprimis
1151 3353 1185 3419 id
1201 3362 1396 3437 curaturum,

68 3462 99 3516 ut
118 3455 170 3520 M¹¹
191 3454 230 3520 V.
256 3455 288 3521 S.
312 3458 440 3522 nomine
463 3457 580 3522 summi
601 3457 763 3544 pontificis
785 3456 1029 3522 translationem
1053 3455 1179 3523 concilii
1201 3456 1397 3544 persuadeat

67 3567 96 3619 et
117 3559 319 3624 demonstret
341 3561 448 3624 omnia
470 3562 590 3648 optimo
612 3559 684 3626 loco
707 3559 826 3646 futura,
850 3561 877 3624 si
900 3560 1073 3627 concilium
1094 3560 1155 3624 Mu·
1177 3560 1218 3626 V.
1249 3559 1282 3626 S.
1305 3583 1395 3626 acce-

69 3659 160 3728 dente
185 3685 346 3728 consensu
368 3663 548 3728 Bononiam
570 3665 793 3730 transferatur.
817 3663 905 3728 idem
926 3664 968 3730 D.
992 3663 1156 3747 Moronus,
1180 3665 1208 3729 si
1228 3663 1326 3729 hodie
1347 3665 1396 3728 ni·

68 3761 108 3828 hil
130 3768 213 3832 certi
236 3768 399 3852 acceperit
421 3767 462 3830 D.
486 3765 722 3854 Lethariugum
747 3767 943 3832 cardinalem
964 3765 1027 3832 hac
1049 3765 1252 3832 hebdomade
1274 3765 1327 3830 hic
1350 3767 1395 3830 af·
1491 3779 1492 3782 ’

69 3865 217 3947 buturum,
242 3891 277 3934 sc
299 3868 384 3934 velle
407 3869 490 3936 dixit
512 3873 620 3936 statim
643 3872 677 3936 iu
698 3873 783 3936 mam
808 3870 885 3936 dare
907 3881 944 3935 ut
964 3870 1006 3936 ad
1029 3871 1105 3935 M‘⁰¹²
1129 3870 1169 3935 V.
1194 3868 1226 3935 S.
1249 3870 1395 3956 proficis-

68 3981 164 4038 catur.
199 3973 234 4036 in
256 3993 381 4036 summa
408 3973 471 4038 hoc
493 3973 543 4038 Mn
565 3974 605 4038 V.
635 3973 666 4039 S.
696 3985 882 4039 reverenter
912 3973 1074 4038 affirmare
1102 3995 1167 4037 non
1197 3971 1393 4056 dubitamus,

69 4085 184 4158 quanto
208 4097 243 4141 se
265 4075 330 4140 ΜΨ
353 4076 393 4140 V.
421 4076 455 4140 S.
485 4075 527 4142 D.
550 4075 685 4142 Morono
708 4076 888 4144 faciliorem
911 4085 943 4142 et
970 4076 1192 4164 benigniorem
1214 4074 1393 4162 praebebit,

68 4183 154 4243 tanto
178 4177 273 4244 uobis
294 4188 364 4242 turn
385 4179 492 4265 ipsum
514 4179 556 4244 D.
579 4180 751 4246 Morouum
775 4191 843 4244 tum
868 4180 936 4246 eius
953 4179 1096 4267 collegas
1112 4181 1145 4244 in
1160 4179 1395 4245 reformationis

69 4283 202 4366 negocio
225 4280 371 4347 duriores
394 4291 426 4347 et
448 4279 644 4348 difficiliores
667 4283 803 4349 futuros.
825 4283 907 4348 haee
930 4285 1038 4349 emnia
1059 4305 1118 4348 nos
1140 4283 1202 4346 Mn.
1223 4282 1264 4348 V.
1288 4281 1321 4346 S.
1337 4281 1393 4347 be·

70 4384 222 4470 nignitate
255 4393 288 4450 et
321 4384 489 4450 clementia
515 4386 589 4452 freti
618 4396 649 4451 et
676 4385 782 4452 officio
809 4408 848 4451 ac
876 4386 939 4451 fide
971 4384 1104 4451 adducti
1130 4383 1296 4451 humilima
1318 4383 1394 4450 scri·

70 4483 173 4554 benda
194 4491 389 4576 putavimus,
413 4500 586 4578 antequam
607 4491 676 4577 ipse
700 4491 741 4554 D.
772 4491 925 4555 Moronus
954 4511 1064 4555 coram
1094 4489 1169 4553 lultem
1192 4487 1233 4553 V.
1256 4487 1289 4553 S.
1319 4487 1394 4554 allo-

72 4604 228 4680 queretur,
252 4617 336 4682 quae
359 4597 467 4662 omnia
488 4604 524 4660 ut
545 4596 579 4660 in
600 4595 720 4660 bonam
742 4603 868 4680 partem
890 4592 1064 4660 clementer
1079 4593 1226 4678 accipere
1243 4590 1394 4678 dignetur

71 4694 229 4764 humilima
252 4695 482 4786 supplicamus.

171 4803 210 4868 12
235 4801 286 4867 die
309 4801 404 4866 huius
426 4804 546 4870 mensis
569 4803 628 4871 suh
651 4826 822 4890 vesperam
844 4799 1047 4869 introductus
1078 4810 1128 4868 cst
1154 4822 1273 4888 magno
1297 4798 1393 4866 comi·

73 4913 136 4970 tatu
157 4906 199 4971 D.
224 4927 331 4970 comes
355 4929 375 4971 a
396 4906 500 4993 Luna,
526 4908 578 4974 cui
601 4929 661 4994 ego
685 4907 911 4994 Sigismundps
927 4915 959 4970 et
975 4905 1068 4972 Chrml
1082 4906 1168 4992 regis
1184 4915 1393 4991 oratcrprue·

74 5015 116 5076 ter
137 5010 219 5076 alios
241 5008 372 5076 obviam
393 5014 558 5098 progressi
586 5033 697 5078 sumus
720 5020 752 5075 et
774 5009 914 5076 medium
938 5011 967 5076 ei
990 5009 1097 5074 locum
1125 5008 1310 5092 tribuimus,
1341 5029 1392 5072 me

116 5151 226 5196 sistor
239 5161 260 5196 ι.
275 5147 304 5192 a.
316 5149 339 5192 a.
354 5147 450 5198 ceretu.
1163 5131 1197 5182 82
