3512 5838
189 672 239 724 xit
269 676 310 721 eet
326 669 434 736 quidem
451 681 516 734 pree
534 668 656 718 manibus
675 666 791 718 difficilis
807 667 855 718 ills
871 668 1009 734 quautie,
1038 669 1126 718 annm
1143 662 1286 717 concidam
1313 664 1348 714 sit
1376 677 1455 728 supra

189 770 289 823 papam
323 771 357 806 arr
391 769 454 806 vere
485 768 556 820 papa
590 767 671 818 snpra
705 753 864 816 coralium,
897 754 927 804 ιιι
961 767 1014 818 qua
1044 752 1199 818 quaestione
1234 750 1254 800 ii
1286 751 1334 815 qui
1366 753 1454 814 partes

188 843 294 893 concilii
322 847 446 904 tuentur,
475 843 555 905 prout
583 845 645 890 sunt
672 839 729 890 fere
751 853 843 889 omues
873 839 1078 902 ultramontani,
1112 837 1255 888 autoritate
1282 851 1317 886 ae
1343 835 1455 886 nereus

188 928 299 978 duorum
328 927 468 992 insignium
498 926 669 977 conciliorum
698 924 906 976 constantiensis
936 929 965 975 et
990 923 1144 975 Besilieneis
1167 926 1229 974 eunt
1250 922 1352 972 muniti.
1382 925 1454 970 certe

186 1012 246 1062 Me·
273 1013 301 1063 S.
336 1013 513 1064 desiderasset
540 1017 595 1062 tenr
624 1012 742 1062 odiosam
773 1011 980 1064 controversiam
1014 1009 1066 1060 lroc
1100 1014 1220 1073 tempore
1250 1012 1378 1074 quantum
1403 1021 1453 1056 un·

187 1113 265 1164 qnam
294 1097 351 1150 fleri
377 1103 470 1164 posset
498 1097 655 1148 dissimulari
685 1103 713 1150 et
741 1098 846 1160 eritarir
881 1097 999 1146 attamen
1028 1095 1092 1146 dnm
1124 1094 1186 1146 tta·
1204 1092 1232 1146 S.
1262 1091 1337 1146 videt
1368 1094 1452 1158 quoti-

188 1183 232 1234 die
249 1187 271 1235 ei
288 1199 342 1235 uon
358 1185 456 1248 verbis,
474 1185 568 1236 saltem
585 1185 644 1248 ipae
662 1182 744 1244 facto,
761 1181 837 1248 qued
855 1182 1044 1247 utiquenrploe
1062 1185 1110 1242 eet,
1128 1181 1157 1232 id
1175 1182 1221 1246 agi
1237 1180 1311 1232 utin
1323 1193 1357 1228 ca
1374 1192 1453 1244 quae-

188 1271 414 1322 stioneeccleeiae
424 1271 568 1322 universali
577 1270 719 1320 maximum
737 1269 931 1334 praeiudicium
946 1271 1096 1334 *gemmatus
1114 1282 1168 1318 nou
1184 1270 1275 1331 potest
1290 1264 1343 1316 boc
1359 1261 1403 1316 it¹¹
1426 1262 1454 1314 S.

188 1369 241 1406 non
259 1371 320 1407 esee
336 1357 527 1422 gravissimum,
546 1371 615 1422 quae
633 1357 797 1406 existimaret
813 1353 908 1404 saltem
925 1354 1058 1418 iniquitati
1070 1353 1163 1402 borum
1174 1358 1322 1417 temporum
1334 1349 1454 1402 nonnihil

191 1457 251 1494 esee
268 1439 542 1506 condescendendum,
560 1457 594 1492 ue
612 1441 740 1491 videlicet
757 1439 833 1491 leons
851 1439 926 1490 lieret
947 1439 986 1488 illi
1012 1439 1162 1503 proverbio,
1184 1436 1258 1502 quod
1279 1437 1325 1501 qai
1346 1436 1455 1488 nimium

188 1530 309 1594 iniungit,
327 1529 481 1594 sanguinem
500 1527 579 1578 elicit.
602 1531 736 1593 pestremo
754 1531 784 1576 ut
805 1539 908 1576 summa
930 1524 1009 1576 lrnins
1031 1525 1071 1574 rei
1093 1523 1210 1574 breviter
1231 1523 1383 1588 attingatur,
1401 1520 1454 1571 dno

188 1616 325 1682 praecipui
343 1619 417 1664 eraut
435 1613 511 1678 scopi
528 1613 563 1664 ad
581 1625 647 1678 quos
666 1609 807 1662 concilium
824 1610 877 1660 hoc
897 1607 1062 1676 dirigendum
1081 1623 1140 1658 esse
1157 1607 1304 1671 ridebatur,
1330 1606 1457 1658 videlicet

190 1701 283 1764 religio
302 1705 329 1750 et
346 1699 506 1750 reformatio.
534 1697 622 1764 quoad
648 1698 761 1762 primaru
783 1698 811 1747 iu
837 1697 950 1746 veritate
966 1695 1045 1746 fateri
1068 1695 1195 1759 cogimur,
1218 1693 1246 1744 id
1263 1693 1335 1758 quod
1354 1691 1445 1744 Serffl·

189 1799 294 1852 quoque
313 1801 359 1836 rex
375 1785 523 1850 Hispaniae
540 1783 685 1850 profitetur,
704 1782 827 1833 edectrm
845 1780 923 1833 lruiue
946 1780 1053 1832 concilii
1068 1779 1198 1830 hacteuus
1221 1793 1276 1830 nou
1293 1778 1362 1832 adeo
1379 1791 1456 1845 prae-

191 1872 291 1923 clarum
308 1871 397 1923 fuisse.
416 1875 559 1922 tractatum
577 1874 619 1919 est
638 1869 708 1920 euim
726 1869 760 1918 de
775 1883 830 1918 nno
848 1867 893 1918 vel
910 1867 995 1918 altero
1008 1867 1161 1932 dogmatum
1173 1865 1295 1932 ιιιιιιιιο,
1312 1863 1360 1916 sed
1376 1863 1456 1915 valde

190 1957 293 2024 frigide,
312 1963 339 2006 et
355 1957 476 2022 quamvis
493 1955 520 2006 S.
539 1955 599 2006 Meu
616 1954 749 2006 hactenus
767 1955 861 2006 crebro
878 1954 1002 2006 institerit
1018 1957 1057 2016 nt,
1074 1953 1199 2018 quoniam
1210 1955 1386 2017 protestantes
1403 1966 1457 2002 non

192 2043 288 2094 adsunt
306 2059 366 2094 cum
384 2045 479 2109 quibus
502 2043 536 2094 de
563 2044 738 2094 controversie
764 2041 934 2107 dogmatibus
958 2040 1092 2106 disputare
1115 2040 1258 2104 petiisset,
1283 2036 1458 2092 conficeretur

190 2129 284 2180 saltem
303 2145 397 2196 corpus
416 2129 524 2196 aliquod
542 2129 648 2181 Ceth*
665 2134 692 2179 et
709 2141 791 2180 sanae
809 2128 956 2188 doctrinae,
981 2125 1017 2176 ad
1034 2125 1107 2191 qnod
1129 2139 1221 2175 omnes
1242 2129 1298 2174 tarn
1316 2123 1457 2174 mucione·

192 2221 263 2267 tores
278 2222 398 2282 pastores
411 2222 438 2266 et
448 2216 611 2282 professores
623 2229 703 2282 quem
714 2213 761 2265 alii
774 2215 908 2265 ecelesiae
920 2213 1030 2264 ministri
1041 2213 1213 2277 respicerent,
1230 2225 1265 2262 ue
1276 2211 1347 2261 omni
1359 2212 1457 2260 eventu

192 2303 329 2354 doetrinae
348 2305 597 2368 cncumagerentur,
615 2307 705 2352 temen
722 2301 851 2352 hactenus
869 2300 930 2350 ure·
952 2295 979 2350 S.
1002 2301 1031 2350 in
1054 2313 1086 2350 eo
1110 2297 1176 2349 nihil
1199 2299 1340 2362 impetrare
1362 2295 1457 2362 potuit.

196 2388 266 2455 quod
283 2395 371 2440 autern
390 2389 508 2439 secundo
526 2389 587 2440 loeo
606 2389 641 2440 ad
658 2387 872 2438 reformationem
890 2387 993 2448 attinet,
1010 2385 1140 2450 principio
1159 2381 1266 2449 quidem
1276 2382 1357 2434 valde
1373 2381 1458 2448 plum·

193 2475 243 2525 beo
260 2480 291 2525 ut
308 2476 383 2525 aiunt
399 2474 469 2539 pede
485 2476 514 2524 iu
532 2473 646 2525 concilio
664 2487 818 2540 processum
837 2475 884 2534 eet,
903 2471 1012 2523 taudem
1030 2485 1094 2522 vero
1117 2475 1223 2536 praeter
1245 2469 1458 2534 expeehtiouem

192 2561 290 2626 prodiit
307 2561 502 2612 reformationis
519 2559 634 2610 forrnnle
651 2561 747 2624 partim
764 2558 800 2609 ad
818 2557 1039 2620 ecclesiasticum,
1062 2558 1159 2622 partim
1175 2571 1239 2606 vere
1257 2555 1294 2606 ad
1310 2555 1458 2607 seeulmem

195 2647 312 2697 ordinem
331 2646 456 2698 directae.
475 2651 503 2696 et
518 2645 565 2696 iila
583 2644 690 2712 quidem
707 2646 780 2710 prior
798 2659 892 2709 perse
909 2642 1004 2709 procul
1015 2642 1097 2694 dubio
1116 2643 1289 2705 mctisdma,
1304 2639 1354 2692 sed
1369 2646 1459 2692 temen

193 2733 232 2782 ita
249 2737 381 2797 concepta
398 2737 440 2782 eet
454 2737 486 2782 ut
504 2733 560 2782 eius
579 2731 701 2782 executio
720 2731 772 2781 boe
789 2729 953 2796 iniquissimo
966 2735 1090 2794 ¹tempore
1106 2729 1192 2794 magis
1209 2729 1387 2794 eptariqaam
1400 2742 1458 2793 epe·

195 2819 249 2868 rari
265 2824 353 2884 queat,
370 2819 409 2869 ita
426 2822 457 2870 ιιι
473 2833 526 2868 nou
545 2817 632 2868 desint
648 2816 767 2870 homiues
790 2816 859 2868 forte
877 2832 910 2867 ex
931 2817 964 2866 iis
988 2816 1033 2880 qui
1057 2816 1144 2866 omnis
1166 2815 1195 2866 in
1217 2815 1334 2880 peiorem
1356 2818 1457 2879 partem

194 2904 407 2969 interpretantur,
426 2905 471 2970 qui
489 2909 582 2968 putent
600 2903 689 2956 dedite
707 2917 789 2969 opera
806 2903 857 2954 boc
874 2903 913 2954 ita
931 2902 1031 2953 factum
1049 2916 1114 2961 esee,
1132 2906 1171 2964 ut,
1189 2900 1250 2952 dum
1269 2901 1358 2969 omnia
1370 2901 1458 2951 obser·

195 2991 252 3042 vari
268 3007 323 3042 nou
340 2994 458 3054 posenni,
483 2989 550 3042 nihil
568 2990 730 3043 observetur.
748 2991 776 3040 iu
798 2989 884 3040 nitere
905 3003 969 3040 vero
992 2987 1070 3038 huius
1092 2987 1286 3040 reformatoriis
1308 2986 1459 3052 propositae

173 3081 270 3142 parte
292 3075 320 3126 id
337 3077 381 3141 egi
403 3076 521 3139 ridetur,
544 3081 575 3126 ut
598 3091 690 3126 omnes
713 3089 763 3128 eae
783 3075 845 3126 lites
861 3075 936 3129 rixae
958 3087 992 3124 eo
1016 3075 1214 3126 controversiae
1236 3087 1302 3140 qaae
1326 3072 1456 3124 hactenus

195 3163 328 3228 principes
345 3160 496 3214 saeculares
513 3161 646 3227 aliquibus
662 3161 760 3214 abhinc
778 3161 876 3212 seculis
901 3175 961 3212 oum
980 3159 1073 3213 ordine
1090 3158 1274 3220 ecclesiastico
1300 3157 1459 3219 habuerunt,

195 3263 266 3299 anne
282 3263 344 3310 una,
362 3249 385 3298 si
403 3247 453 3298 diis
464 3248 561 3313 precer,
581 3248 711 3298 sententie
727 3245 870 3298 diffinitiva
887 3260 972 3310 eaque
989 3245 1084 3298 iisdem
1095 3261 1149 3296 uon
1161 3245 1260 3296 auditis
1272 3249 1300 3295 et
1312 3257 1393 3294 causa
1404 3258 1458 3293 nen

196 3335 301 3384 minime
319 3334 427 3399 cognita
444 3332 607 3395 decidantur,
625 3333 716 3398 sieque
733 3333 785 3398 ipsi
795 3332 928 3398 prinsipes
938 3330 982 3384 rel
996 3331 1120 3382 oneribus
1129 3328 1339 3382 intolerabilibus
1356 3333 1460 3394 praeter

196 3435 274 3470 omne
290 3421 413 3470 meritum
431 3418 571 3485 alligentur
587 3417 632 3468 rel
648 3431 708 3469 sese
726 3419 910 3469 contumaciae
926 3431 960 3468 ac
977 3416 1174 3470 inobedientiae
1192 3431 1256 3484 erga
1272 3419 1374 3468 statuta
1392 3429 1454 3465 cerr·

197 3505 252 3555 cilii
268 3520 329 3555 reos
346 3503 453 3556 heisnt
471 3502 692 3569 quemadmodum
709 3505 819 3555 veroin
837 3503 958 3554 omuibus
976 3501 1134 3567 supradietis
1158 3517 1191 3554 ex
1213 3501 1397 3554 ecclesiastico
1416 3517 1457 3552 or-

198 3589 258 3640 dine
275 3596 330 3641 tam
347 3591 366 3640 ii
384 3591 430 3655 qni
446 3589 556 3653 Romae,
579 3603 658 3655 quam
675 3590 721 3656 qui
737 3589 766 3640 iu
783 3588 896 3642 concilio
920 3592 981 3638 suut
1002 3589 1143 3653 aequitatis
1164 3588 1290 3638 terminos
1311 3585 1461 3652 transgredi

197 3675 328 3737 ridentur,
345 3676 384 3726 ita
402 3676 480 3726 etism
498 3676 590 3740 negari
606 3691 660 3726 uou
677 3679 765 3740 potest
782 3675 846 3740 quin
863 3689 897 3726 ex
912 3679 988 3739 parte
999 3673 1173 3740 saecularium
1185 3688 1290 3739 quoque
1301 3688 1355 3724 nou
1366 3671 1462 3724 leviter

197 3761 338 3827 aliquando
356 3765 490 3825 peccetur,
514 3761 576 3811 dnm
598 3760 725 3812 videlieet
746 3761 926 3825 unusquisque
947 3775 994 3825 pro
1017 3759 1076 3811 solo
1098 3773 1147 3810 suo
1171 3758 1279 3810 arbitrio
1302 3773 1454 3810 ree-omnes

199 3847 306 3897 concilii
323 3847 470 3914 gubernare
489 3848 592 3911 sibique
609 3847 659 3898 soli
676 3847 710 3898 ab
730 3847 850 3898 omnibus
869 3861 969 3898 merem
987 3847 1043 3912 geri
1059 3844 1176 3910 postulat
1194 3849 1229 3908 et,
1246 3844 1297 3896 nisi
1309 3847 1409 3894 ιιιιιιιι
1420 3843 1455 3894 ed

197 3933 279 3997 ipsius
295 3937 388 3982 nutam
406 3937 526 3998 agantur,
544 3931 587 3982 vel
605 3932 705 3982 abitura
722 3933 836 3984 minatur
852 3931 896 3982 vel
913 3931 1148 3995 protestationibus
1165 3928 1295 3991 fulminat,
1314 3928 1386 3996 quod
1402 3929 1460 3994 qni·
1509 3989 1515 3996 .

199 4018 260 4068 dem
277 4019 304 4069 in
323 4017 421 4068 effectu
436 4017 501 4084 quid
517 4017 591 4069 alind
609 4023 657 4081 est,
676 4032 755 4083 quam
771 4018 823 4083 ipsi
840 4016 955 4070 concilio
973 4017 1027 4066 rim
1049 4015 1145 4068 inferre
1162 4015 1266 4082 sibique
1284 4015 1312 4065 in
1330 4030 1362 4066 eo
1380 4015 1460 4066 abso·

198 4103 281 4156 lutam
298 4103 463 4170 tyrannidem
480 4103 641 4156 vendicare?

263 4223 404 4275 Praedicta
422 4229 449 4275 et
466 4221 568 4274 induite
585 4223 639 4275 alia
656 4227 716 4274 sunt
733 4238 801 4290 quae
819 4223 998 4288 suspicionem
1015 4226 1126 4287 possunt
1143 4221 1259 4284 iniicere,
1278 4221 1383 4272 etiamsi
1396 4237 1457 4273 con·

199 4309 288 4361 cilium
305 4310 357 4360 hoc
376 4314 482 4360 centnm
499 4311 574 4360 annis
592 4309 705 4372 duraret,
724 4324 766 4359 res
783 4314 872 4360 temen
888 4309 960 4375 ipsas
984 4322 1038 4358 uon
1054 4307 1177 4358 meliores
1200 4305 1248 4358 sed
1271 4307 1390 4374 quotidie
1414 4307 1459 4358 de·

198 4398 307 4446 teriores
326 4412 382 4446 esse
400 4396 510 4446 futurae.
529 4399 634 4447 constat
652 4399 739 4446 autem
757 4395 828 4460 quod
845 4407 960 4444 summus
978 4392 1096 4459 pont'fex
1115 4391 1285 4443 continuandi
1302 4393 1380 4444 buius
1399 4409 1462 4444 con·

200 4481 254 4532 cilii
272 4481 371 4532 nullam
388 4481 493 4547 penitus
510 4479 673 4531 voluntatem
691 4479 779 4531 babet
797 4485 970 4546 posteaquam
989 4481 1059 4530 enim
1075 4477 1149 4529 videt
1161 4477 1273 4528 fractum
1291 4477 1359 4529 adeo
1376 4478 1460 4529 modi·

200 4583 261 4619 oum
279 4583 312 4618 ex
330 4583 361 4618 eo
381 4567 452 4629 oriri,
480 4565 607 4617 credibile
626 4570 666 4616 est
682 4567 767 4630 ipsum
792 4580 846 4616 non
863 4565 960 4629 solum,
991 4563 1129 4615 sidiutius
1154 4565 1182 4614 in
1198 4562 1250 4614 lroc
1268 4563 1324 4615 luto
1341 4563 1459 4627 haereat,

199 4655 328 4704 iacturam
346 4653 543 4702 existimationis
561 4665 625 4701 suae
643 4651 743 4714 timere,
765 4665 856 4700 rerum
879 4651 958 4700 etiarn
975 4650 1110 4715 ingentem
1132 4649 1308 4714 impensarum
1328 4651 1461 4701 cumulum

199 4739 246 4805 qui
261 4739 311 4804 ipsi
329 4737 482 4790 subeundus
501 4743 541 4789 est
557 4739 610 4787 iam
628 4738 737 4788 taudem
753 4737 878 4788 eversari.
896 4737 975 4786 traxit
991 4749 1055 4786 rere
1073 4733 1199 4786 hocloco
1212 4733 1304 4787 Gallos
1316 4737 1344 4786 in
1356 4741 1459 4802 partem

200 4839 282 4888 suam,
301 4840 411 4890 quorum
429 4827 517 4875 tamen
535 4827 658 4888 respectu
676 4829 704 4874 et
720 4821 792 4874 nullo
811 4821 1000 4888 propemodum
1018 4820 1071 4872 alie
1091 4819 1230 4872 concilium
1249 4837 1265 4872 a
1282 4821 1411 4890 principio
1429 4823 1458 4873 in

201 4908 300 4960 dictum
317 4909 412 4960 fuerat.
431 4909 464 4961 de
481 4909 588 4975 reliquis
611 4909 775 4973 catonibus,
797 4923 865 4974 quae
884 4907 1051 4974 quantumvis
1072 4919 1176 4972 paucae
1200 4905 1255 4957 illic
1273 4911 1346 4970 eunt,
1365 4911 1459 4972 utputa

118 4999 121 5006 '
200 4993 343 5058 Lusitanis,
359 4993 476 5059 Venetis,
495 4994 626 5046 Helvetiis
646 4998 672 5046 et
689 4993 825 5058 similibus,
850 4991 976 5046 credibile
999 4996 1039 5044 est
1055 4989 1116 5044 illos
1134 5005 1150 5042 a
1168 5005 1268 5043 summo
1285 4991 1411 5059 pontifice
1431 4995 1461 5044 in
