3460 5826
362 466 425 529 m

462 653 584 718 Verum
601 653 764 718 enimvero
786 661 999 739 posteaquam
1021 671 1108 716 nunc
1130 658 1274 716 oratores
1290 661 1323 717 et
1336 648 1477 737 praelati
1490 653 1581 737 regis
1598 649 1689 716 Chrmi

361 757 479 823 adsunt
507 779 546 821 ac
568 756 652 823 idem
675 755 845 822 nobiscum
867 759 1009 821 sentiunt
1031 757 1063 821 el
1087 779 1158 822 sese
1180 756 1274 822 vobis
1305 760 1339 823 in
1359 758 1422 824 hoc
1451 763 1592 848 negocio
1617 781 1689 826 con·

360 863 542 942 iunxerunt,
566 883 671 948 neque
693 859 905 926 dubitandum
927 859 1075 926 videatur
1086 859 1251 948 Hispanos
1274 884 1403 950 quoque
1425 862 1509 930 idem
1530 863 1689 944 facturos,

361 963 563 1029 decrevimus
586 987 672 1029 nunc
693 967 807 1030 iterum
831 966 971 1052 experiri
995 963 1148 1050 quidnam
1169 967 1328 1051 praestari
1350 967 1462 1052 possit,
1493 965 1609 1033 oblata
1632 968 1688 1032 sci·

360 1069 436 1133 licet
458 1079 523 1133 tam
546 1070 679 1155 egregia
701 1070 871 1134 occasione
894 1071 1004 1155 scripti
1028 1091 1133 1155 nuper
1154 1069 1195 1134 ab
1212 1069 1393 1135 oratoribus
1416 1069 1522 1136 Gallis
1537 1071 1689 1136 exhibiti.

360 1175 469 1260 itaque
490 1172 639 1239 volumus
663 1183 695 1238 et
715 1173 855 1259 benigne
878 1173 1025 1261 serioque
1041 1171 1134 1239 vobis
1149 1175 1354 1262 iniungimus,
1376 1183 1412 1240 ut
1428 1174 1513 1241 hane
1526 1178 1688 1242 actionem

359 1279 583 1366 redintegratis
608 1289 640 1344 et
661 1280 724 1347 hoc
746 1279 842 1346 modo
866 1279 1117 1346 continuandam
1134 1283 1327 1368 suscipiatis,
1350 1279 1503 1346 videlicet
1523 1289 1562 1346 ut
1586 1281 1689 1368 primo

361 1407 490 1472 quoque
517 1393 662 1473 tempore
690 1385 892 1472 saepedictos
920 1384 991 1449 1³²⁰·
1013 1382 1137 1470 legatos
1167 1386 1367 1451 conveniatis
1395 1386 1506 1473 eisque
1527 1383 1686 1466 referatis,

358 1489 417 1555 ΡΝ
436 1511 546 1555 eorum
557 1489 628 1552 ΒΜ
643 1487 762 1554 vidisse
776 1487 871 1575 quale
886 1489 1040 1574 scriptum
1054 1509 1159 1576 nuper
1169 1488 1249 1554 pass.
1265 1509 1375 1556 eorum
1391 1489 1457 1554 Ru.
1480 1487 1687 1556 exhibuerint

361 1602 504 1659 oratores
527 1594 612 1678 regis
633 1591 726 1658 Chrml
748 1590 788 1657 de
803 1591 1000 1657 instituenda
1014 1591 1250 1670 reformatione,
1265 1595 1299 1658 in
1315 1616 1379 1680 quo
1390 1591 1526 1680 perinde
1542 1603 1644 1680 atque
1658 1595 1687 1658 in

360 1721 398 1764 eo
422 1697 509 1785 quod
530 1719 589 1762 nos
613 1695 832 1784 superioribus
848 1695 1012 1761 mensibus
1028 1696 1140 1764 advos
1153 1700 1342 1762 miseramus
1354 1695 1434 1761 psa...
1446 1720 1559 1763 eornm
1572 1697 1640 1762 ΙΨ·
1652 1719 1687 1762 ac

362 1803 496 1868 caeteris
513 1802 639 1868 concilii
652 1801 796 1890 patribus
811 1799 1091 1888 praesentandum,
1114 1801 1209 1867 valde
1221 1799 1398 1868 luculenter
1413 1825 1453 1868 ac
1466 1805 1594 1868 maiore
1607 1823 1687 1888 pene

357 1905 561 1972 vehementia
577 1931 673 1993 quarn
689 1909 722 1971 in
736 1915 845 1970 nostro
862 1908 980 1993 scripto
996 1905 1189 1972 describitur
1203 1905 1316 1992 regula
1330 1904 1373 1972 ad
1389 1929 1487 1994 quam
1501 1905 1685 1971 reformatio

358 2021 445 2077 recte
473 2020 506 2076 et
527 2011 647 2076 utiliter
678 2009 801 2076 institui
825 2019 935 2100 queat;
968 2032 1010 2075 ex
1032 2019 1168 2098 utroque
1203 2020 1312 2076 autem
1333 2009 1503 2076 manifeste
1527 2033 1683 2098 apparere

360 2137 519 2181 summam
547 2123 579 2181 et
600 2114 820 2182 inevitabilem
841 2114 1078 2182 reformationis
1111 2116 1347 2198 necessitatem,
1376 2113 1458 2181 adeo
1480 2123 1517 2180 ut
1540 2137 1582 2180 ea
1604 2121 1682 2200 post·

359 2221 466 2305 posita
487 2240 592 2306 neque
614 2242 673 2285 uos
695 2221 727 2284 in
751 2240 844 2285 sacro
866 2219 904 2284 R.
921 2219 1054 2306 imperio
1076 2219 1249 2306 regnisque
1272 2227 1304 2284 et
1326 2217 1476 2284 dominiis
1498 2218 1621 2284 nostris
1634 2215 1682 2280 he

359 2323 520 2389 reditariis
547 2345 608 2389 nec
631 2323 686 2388 alii
708 2324 817 2411 plures
843 2345 938 2408 reges
966 2331 997 2388 et
1018 2323 1181 2410 principes
1209 2331 1242 2388 et
1264 2322 1465 2410 potissimum
1493 2345 1558 2388 rex
1581 2321 1682 2388 Ohr''¹

359 2429 393 2494 in
415 2428 481 2492 suis
503 2431 611 2516 regnis
635 2437 667 2493 et
681 2429 856 2516 provinciis
878 2429 1013 2514 exiguas
1036 2426 1150 2493 saltem
1166 2448 1250 2515 quae
1266 2425 1374 2492 adhuc
1389 2435 1565 2514 supersunt
1582 2425 1680 2492 catho-

362 2532 443 2600 licae
458 2531 623 2619 religionis
634 2530 786 2620 reliquias
800 2531 919 2597 diutius
936 2554 1127 2598 conservare
1142 2530 1317 2608 valeamus,
1334 2529 1552 2596 multominus
1569 2540 1607 2596 ut
1620 2529 1679 2594 uni·

359 2646 459 2722 tatem
469 2645 501 2704 et
511 2637 679 2724 pristinam
691 2637 724 2700 in
735 2635 891 2722 religione
903 2635 1108 2702 concordiam
1120 2645 1152 2701 et
1163 2632 1428 2721 tranquillitatem
1441 2645 1619 2722 expectare
1635 2633 1679 2698 do—

358 2740 503 2822 beamus,
517 2742 543 2804 si
555 2738 684 2829 quidem
696 2763 735 2805 ca
745 2762 810 2805 non
821 2740 962 2805 humana
974 2741 1097 2806 ratione
1111 2749 1166 2806 aut
1179 2738 1350 2827 prudentia
1363 2740 1487 2826 acquiri
1498 2747 1617 2828 potest,
1631 2736 1679 2803 sed

360 2843 583 2910 emendatione
604 2845 692 2910 vitae
716 2854 748 2909 et
768 2842 995 2910 reformatione
1017 2866 1128 2910 eorum
1152 2867 1236 2931 quae
1259 2851 1334 2908 sunt
1355 2844 1388 2908 in
1405 2842 1491 2911 clero
1515 2850 1548 2906 et
1564 2839 1677 2932 populo

363 2949 548 3036 depravata,
579 2947 783 3036 assiduisque
810 2947 961 3035 precibus
992 2971 1009 3014 e
1031 2970 1112 3036 puro
1136 2946 1233 3014 corde
1255 2943 1389 3035 prolatis
1411 2946 1617 3033 impetranda
1637 2951 1677 3008 est

361 3052 462 3120 adeo
486 3050 525 3117 Ο.
541 3051 585 3116 Μ.
610 3050 664 3140 qui
688 3050 827 3117 offensus
849 3052 991 3138 peccatis
1014 3074 1078 3117 non
1100 3052 1162 3116 nisi
1183 3050 1382 3138 poenitentia
1404 3049 1571 3116 conciliari
1595 3048 1673 3128 solet,

361 3159 437 3244 quia
465 3158 566 3221 iustus
596 3155 745 3220 dominus
771 3178 938 3244 nunquam
967 3154 1098 3221 obiiciat
1123 3154 1280 3221 hereseon
1307 3153 1425 3242 flagra,
1459 3155 1523 3219 nisi
1553 3154 1674 3221 tollatur

361 3259 457 3347 culpa
485 3257 602 3324 delicti.
626 3260 778 3346 quocirca
806 3281 878 3325 cum
901 3257 942 3324 ad
962 3281 1022 3323 nos
1044 3258 1187 3324 nondum
1213 3258 1374 3346 perlatum
1402 3259 1452 3342 sit,
1476 3279 1672 3347 superpiae

360 3365 463 3451 cipuis
485 3361 548 3428 illis
572 3363 683 3450 scripti
705 3363 806 3428 nostri
823 3360 991 3450 capitibus,
1015 3384 1087 3428 cum
1103 3362 1219 3450 quibus
1236 3362 1332 3427 etiam
1343 3361 1507 3450 postulata
1522 3373 1672 3428 oratorum

360 3467 556 3536 Gallicorum
579 3475 770 3554 congruunt,
799 3468 832 3532 in
856 3464 991 3532 concilio
1015 3467 1186 3555 quicquam
1214 3473 1388 3532 tractatum
1420 3466 1474 3533 vel
1497 3467 1670 3533 conclusum
1716 3499 1717 3504 ι

360 3575 467 3655 fuisse,
497 3593 556 3636 nos
578 3579 744 3658 tamquam
776 3572 1000 3658 imperatorem
1034 3579 1066 3636 et
1086 3571 1264 3657 principem
1293 3570 1485 3636 catholicum
1509 3570 1670 3638 secundun

359 3677 515 3742 rationem
537 3676 679 3740 muneris
701 3676 803 3740 nostri
824 3676 1079 3762 praetermittere
1102 3698 1166 3740 nou
1188 3675 1332 3761 potuisse
1347 3698 1407 3741 nec
1422 3675 1584 3760 debuisse,
1608 3675 1670 3764 quir

359 3779 417 3844 P*
440 3801 549 3844 eorum
571 3777 643 3842 ΒΜ
671 3801 781 3844 rursus
808 3777 965 3845 benevole
993 3777 1237 3844 admoneremus
1266 3777 1306 3843 de
1327 3778 1546 3866 proponendis
1569 3789 1602 3846 et
1622 3777 1670 3842 dis-

360 3881 518 3948 cutiendis
545 3882 583 3946 iis
607 3904 690 3970 quae
712 3883 851 3968 primum
873 3903 931 3970 per
952 3905 1022 3964 nos,
1050 3884 1114 3947 iam
1138 3903 1216 3947 vero
1238 3906 1297 3970 per
1316 3892 1458 3948 oratores
1481 3885 1568 3970 regis
1590 3877 1669 3950 Chr⁵1

361 3988 394 4052 in
416 3987 551 4051 materia
573 3985 808 4052 reformationis
826 3988 991 4074 proposita
1005 3987 1141 4068 fuerunt,
1165 3994 1384 4074 etpropterea
1405 3985 1463 4051 P⁸‘'
1486 4010 1599 4052 eorum
1611 3985 1668 4052 R¹¹¹

359 4111 556 4176 magnopere
578 4087 738 4154 cohortari
766 4112 807 4154 ac
827 4092 980 4155 maiorem
1003 4091 1041 4153 in
1064 4075 1194 4154 modum
1217 4090 1391 4177 requirere,
1425 4099 1460 4154 ut
1481 4093 1604 4156 miserti
1623 4110 1667 4175 pu·

359 4191 464 4259 blicae
487 4191 678 4258 calamitatis
701 4201 733 4258 et
754 4194 919 4280 religionis
943 4192 1120 4260 catholicae
1142 4195 1175 4258 in
1197 4191 1266 4258 dies
1289 4195 1392 4280 magis
1414 4194 1583 4282 magisque
1605 4189 1666 4256 defi·

360 4297 473 4362 cientis
484 4319 549 4362 uon
565 4295 660 4362 modo
677 4294 847 4384 diligenter
862 4296 1066 4363 considerare
1081 4306 1113 4364 et
1127 4295 1307 4385 ponderare
1322 4295 1432 4380 velint,
1449 4293 1665 4385 quibusmodis

364 4399 501 4466 afflictae
518 4397 743 4467 christianitati
760 4401 904 4468 succurri
927 4409 1033 4490 queat,
1056 4424 1169 4468 verum
1189 4401 1284 4465 etiam
1297 4401 1437 4468 rationes
1452 4424 1511 4488 per
1524 4425 1585 4467 nos
1599 4419 1665 4467 eon·

358 4512 552 4569 monstratas
575 4506 746 4594 suscipere,
774 4530 816 4571 ne
838 4506 920 4571 forte
942 4528 1001 4571 nos
1031 4527 1070 4572 ac
1092 4506 1212 4571 caeteri
1234 4527 1329 4592 reges
1352 4513 1384 4570 et
1405 4505 1568 4592 principes
1591 4523 1660 4570 sccu-

360 4605 444 4672 lares
467 4606 633 4673 christiani
657 4607 744 4675 orbis
768 4632 922 4694 cogamur
945 4619 1057 4676 contra
1072 4609 1270 4677 voluntatem
1285 4619 1318 4676 et
1329 4607 1525 4675 desiderium
1540 4617 1662 4674 nostrum

356 4711 464 4797 regnis
479 4721 578 4800 atque
593 4710 767 4799 provinciis
783 4715 919 4801 quisque
936 4715 1002 4778 suis
1018 4713 1146 4799 ipsimet
1168 4713 1363 4801 prospicere,
1387 4712 1481 4777 sicuti
1503 4707 1662 4798 praesentis

354 4817 507 4902 temporis
538 4838 577 4880 ac
600 4817 726 4903 imperii
748 4839 987 4904 regnorumque
1019 4825 1051 4882 et
1072 4817 1311 4904 provinciarum
1333 4823 1515 4880 nostrarum
1538 4825 1661 4882 exhema

354 4917 529 4984 necessitas
559 4918 710 5004 postulat,
739 4943 780 4985 ne
810 4919 955 4985 extincta
982 4919 1015 4984 in
1038 4921 1224 4985 universum
1248 4918 1423 4985 christiana
1444 4918 1598 5006 religione
1617 4936 1657 5004 pt·

353 5019 501 5106 ganismo
523 5020 685 5089 fenestrae
707 5022 902 5110 aperiantur,
935 5021 969 5088 in
992 5045 1056 5112 quo
1079 5031 1186 5090 mmen
1209 5021 1269 5089 deo
1291 5021 1420 5088 volente
1450 5045 1471 5088 a
1492 5022 1658 5112 piissimiet
