<?xml version="1.0" encoding="UTF-8"?>
<!DOCTYPE html PUBLIC "-//W3C//DTD XHTML 1.0 Transitional//EN"
    "http://www.w3.org/TR/xhtml1/DTD/xhtml1-transitional.dtd">
<html xmlns="http://www.w3.org/1999/xhtml" xml:lang="en" lang="en">
 <head>
  <title>
</title>
<meta http-equiv="Content-Type" content="text/html;charset=utf-8" />
  <meta name='ocr-system' content='tesseract 3.04.00' />
  <meta name='ocr-capabilities' content='ocr_page ocr_carea ocr_par ocr_line ocrx_word'/>
</head>
<body>
  <div class='ocr_page' id='page_1' title='image "./zurgeschichtede00unkngoog/zurgeschichtede00unkngoog_0264.png"; bbox 0 0 3498 5818; ppageno 0'>
   <div class='ocr_carea' id='block_1_1' title="bbox 1357 473 1421 534">
    <p class='ocr_par' dir='ltr' id='par_1_1' title="bbox 1357 473 1421 534">
     <span class='ocr_line' id='line_1_1' title="bbox 1357 473 1421 534; baseline 0 0"><span class='ocrx_word' id='word_1_1' title='bbox 1357 473 1421 534; x_wconf 74' lang='grc'><strong>242</strong></span> 
     </span>
    </p>
   </div>
   <div class='ocr_carea' id='block_1_2' title="bbox 93 654 1425 1667">
    <p class='ocr_par' dir='ltr' id='par_1_2' title="bbox 93 654 1425 1667">
     <span class='ocr_line' id='line_1_2' title="bbox 93 654 1423 746; baseline -0.003 -22"><span class='ocrx_word' id='word_1_2' title='bbox 93 669 219 746; x_wconf 89' lang='lat' dir='ltr'><strong>propter</strong></span> <span class='ocrx_word' id='word_1_3' title='bbox 242 657 383 724; x_wconf 88' lang='lat' dir='ltr'><strong>schisma</strong></span> <span class='ocrx_word' id='word_1_4' title='bbox 405 659 501 722; x_wconf 92' lang='lat' dir='ltr'><strong>trium</strong></span> <span class='ocrx_word' id='word_1_5' title='bbox 522 658 709 743; x_wconf 86' lang='lat' dir='ltr'><strong>pontificum</strong></span> <span class='ocrx_word' id='word_1_6' title='bbox 731 658 855 742; x_wconf 86' lang='lat' dir='ltr'><strong>potenti</strong></span> <span class='ocrx_word' id='word_1_7' title='bbox 879 659 1024 722; x_wconf 85' lang='lat' dir='ltr'><strong>exercitu</strong></span> <span class='ocrx_word' id='word_1_8' title='bbox 1038 657 1175 722; x_wconf 83' lang='lat' dir='ltr'><strong>Romam</strong></span> <span class='ocrx_word' id='word_1_9' title='bbox 1202 658 1335 722; x_wconf 89' lang='lat' dir='ltr'><strong>veniens</strong></span> <span class='ocrx_word' id='word_1_10' title='bbox 1356 654 1423 720; x_wconf 91' lang='lat' dir='ltr'><strong>illic</strong></span> 
     </span>
     <span class='ocr_line' id='line_1_3' title="bbox 93 757 1420 846; baseline -0.002 -21"><span class='ocrx_word' id='word_1_11' title='bbox 93 762 304 846; x_wconf 79' lang='lat' dir='ltr'>congregavit</span> <span class='ocrx_word' id='word_1_12' title='bbox 325 759 484 846; x_wconf 82' lang='lat' dir='ltr'><strong>synodum</strong></span> <span class='ocrx_word' id='word_1_13' title='bbox 509 781 564 842; x_wconf 89' lang='lat' dir='ltr'><strong>ac,</strong></span> <span class='ocrx_word' id='word_1_14' title='bbox 594 758 754 823; x_wconf 86' lang='lat' dir='ltr'><strong>damnatis</strong></span> <span class='ocrx_word' id='word_1_15' title='bbox 785 757 888 824; x_wconf 87' lang='lat' dir='ltr'><strong>tribus</strong></span> <span class='ocrx_word' id='word_1_16' title='bbox 917 759 958 823; x_wconf 91' lang='lat' dir='ltr'><strong>de</strong></span> <span class='ocrx_word' id='word_1_17' title='bbox 986 769 1109 846; x_wconf 88' lang='lat' dir='ltr'><strong>papatu</strong></span> <span class='ocrx_word' id='word_1_18' title='bbox 1141 758 1420 841; x_wconf 79' lang='lat' dir='ltr'><strong>contendentibus,</strong></span> 
     </span>
     <span class='ocr_line' id='line_1_4' title="bbox 95 860 1422 951; baseline -0.001 -25"><span class='ocrx_word' id='word_1_19' title='bbox 95 865 279 951; x_wconf 88' lang='lat' dir='ltr'><strong>episcopum</strong></span> <span class='ocrx_word' id='word_1_20' title='bbox 309 862 585 947; x_wconf 87' lang='lat' dir='ltr'><strong>Bambergcnsem</strong></span> <span class='ocrx_word' id='word_1_21' title='bbox 613 863 647 925; x_wconf 94' lang='lat' dir='ltr'><strong>in</strong></span> <span class='ocrx_word' id='word_1_22' title='bbox 676 882 836 926; x_wconf 89' lang='lat' dir='ltr'><strong>summum</strong></span> <span class='ocrx_word' id='word_1_23' title='bbox 864 863 1047 948; x_wconf 87' lang='lat' dir='ltr'><strong>pontificem</strong></span> <span class='ocrx_word' id='word_1_24' title='bbox 1077 863 1252 948; x_wconf 80' lang='lat' dir='ltr'><strong>promovit,</strong></span> <span class='ocrx_word' id='word_1_25' title='bbox 1277 863 1328 926; x_wconf 90' lang='lat' dir='ltr'><strong>oui</strong></span> <span class='ocrx_word' id='word_1_26' title='bbox 1351 860 1422 926; x_wconf 87' lang='lat' dir='ltr'><strong>Cle-</strong></span> 
     </span>
     <span class='ocr_line' id='line_1_5' title="bbox 94 963 1423 1052; baseline 0 -25"><span class='ocrx_word' id='word_1_27' title='bbox 94 967 185 1029; x_wconf 82' lang='lat' dir='ltr'><strong>menti</strong></span> <span class='ocrx_word' id='word_1_28' title='bbox 208 965 247 1030; x_wconf 92' lang='lat'><strong>11</strong></span> <span class='ocrx_word' id='word_1_29' title='bbox 268 987 387 1030; x_wconf 92' lang='lat' dir='ltr'><strong>nomen</strong></span> <span class='ocrx_word' id='word_1_30' title='bbox 411 964 521 1030; x_wconf 89' lang='lat' dir='ltr'><strong>datum</strong></span> <span class='ocrx_word' id='word_1_31' title='bbox 545 973 609 1048; x_wconf 84' lang='lat' dir='ltr'><strong>est,</strong></span> <span class='ocrx_word' id='word_1_32' title='bbox 638 987 734 1051; x_wconf 91' lang='lat' dir='ltr'><strong>quem</strong></span> <span class='ocrx_word' id='word_1_33' title='bbox 762 973 870 1028; x_wconf 85' lang='lat' dir='ltr'><strong>tamen</strong></span> <span class='ocrx_word' id='word_1_34' title='bbox 892 963 1029 1030; x_wconf 88' lang='lat' dir='ltr'><strong>Romani</strong></span> <span class='ocrx_word' id='word_1_35' title='bbox 1057 963 1227 1052; x_wconf 79' lang='lat' dir='ltr'><strong>probitatis</strong></span> <span class='ocrx_word' id='word_1_36' title='bbox 1250 964 1368 1029; x_wconf 87' lang='lat' dir='ltr'><strong>insueti</strong></span> <span class='ocrx_word' id='word_1_37' title='bbox 1391 973 1423 1028; x_wconf 90' lang='lat' dir='ltr'><strong>et</strong></span> 
     </span>
     <span class='ocr_line' id='line_1_6' title="bbox 93 1065 1422 1154; baseline -0.001 -23"><span class='ocrx_word' id='word_1_38' title='bbox 93 1069 295 1153; x_wconf 89' lang='lat' dir='ltr'><strong>impatientes</strong></span> <span class='ocrx_word' id='word_1_39' title='bbox 319 1067 428 1134; x_wconf 89' lang='lat' dir='ltr'><strong>statim</strong></span> <span class='ocrx_word' id='word_1_40' title='bbox 449 1067 534 1134; x_wconf 86' lang='lat' dir='ltr'><strong>intra</strong></span> <span class='ocrx_word' id='word_1_41' title='bbox 552 1089 670 1133; x_wconf 85' lang='lat' dir='ltr'><strong>novem</strong></span> <span class='ocrx_word' id='word_1_42' title='bbox 686 1089 812 1134; x_wconf 88' lang='lat' dir='ltr'><strong>menses</strong></span> <span class='ocrx_word' id='word_1_43' title='bbox 828 1088 953 1137; x_wconf 83' lang='lat' dir='ltr'><strong>veneno</strong></span> <span class='ocrx_word' id='word_1_44' title='bbox 977 1065 1183 1134; x_wconf 84' lang='lat' dir='ltr'><strong>sustulerunt</strong></span> <span class='ocrx_word' id='word_1_45' title='bbox 1207 1089 1290 1154; x_wconf 88' lang='lat' dir='ltr'><strong>quae</strong></span> <span class='ocrx_word' id='word_1_46' title='bbox 1314 1067 1422 1132; x_wconf 88' lang='lat' dir='ltr'><strong>omnia</strong></span> 
     </span>
     <span class='ocr_line' id='line_1_7' title="bbox 94 1167 1423 1257; baseline -0.003 -21"><span class='ocrx_word' id='word_1_47' title='bbox 94 1179 221 1257; x_wconf 87' lang='lat' dir='ltr'><strong>propter</strong></span> <span class='ocrx_word' id='word_1_48' title='bbox 244 1171 398 1257; x_wconf 89' lang='lat' dir='ltr'><strong>temporis</strong></span> <span class='ocrx_word' id='word_1_49' title='bbox 421 1171 603 1256; x_wconf 79' lang='lat' dir='ltr'><strong>angustiam</strong></span> <span class='ocrx_word' id='word_1_50' title='bbox 626 1192 692 1236; x_wconf 91' lang='lat' dir='ltr'><strong>non</strong></span> <span class='ocrx_word' id='word_1_51' title='bbox 715 1171 792 1236; x_wconf 90' lang='lat' dir='ltr'><strong>satis</strong></span> <span class='ocrx_word' id='word_1_52' title='bbox 816 1170 951 1255; x_wconf 82' lang='lat' dir='ltr'><strong>digesta,</strong></span> <span class='ocrx_word' id='word_1_53' title='bbox 975 1167 1034 1236; x_wconf 89' lang='lat' dir='ltr'><strong>sed</strong></span> <span class='ocrx_word' id='word_1_54' title='bbox 1056 1169 1226 1255; x_wconf 76' lang='lat' dir='ltr'><strong>praecipiti</strong></span> <span class='ocrx_word' id='word_1_55' title='bbox 1249 1167 1423 1233; x_wconf 79' lang='lat' dir='ltr'><strong>admodum</strong></span> 
     </span>
     <span class='ocr_line' id='line_1_8' title="bbox 95 1270 1423 1360; baseline -0.002 -23"><span class='ocrx_word' id='word_1_56' title='bbox 95 1271 214 1338; x_wconf 83' lang='lat' dir='ltr'><strong>calamo</strong></span> <span class='ocrx_word' id='word_1_57' title='bbox 245 1273 367 1359; x_wconf 85' lang='lat' dir='ltr'><strong>scripta</strong></span> <span class='ocrx_word' id='word_1_58' title='bbox 394 1271 427 1338; x_wconf 89' lang='lat' dir='ltr'><strong>S.</strong></span> <span class='ocrx_word' id='word_1_59' title='bbox 450 1271 510 1336; x_wconf 78' lang='lat' dir='ltr'><strong>Mu·</strong></span> <span class='ocrx_word' id='word_1_60' title='bbox 532 1272 572 1336; x_wconf 90' lang='lat' dir='ltr'><strong>V.</strong></span> <span class='ocrx_word' id='word_1_61' title='bbox 603 1271 753 1360; x_wconf 88' lang='lat' dir='ltr'><strong>illiusque</strong></span> <span class='ocrx_word' id='word_1_62' title='bbox 785 1275 992 1340; x_wconf 77' lang='lat' dir='ltr'><strong>secretiorum</strong></span> <span class='ocrx_word' id='word_1_63' title='bbox 1022 1270 1276 1337; x_wconf 77' lang='lat' dir='ltr'><strong>consiliariorum</strong></span> <span class='ocrx_word' id='word_1_64' title='bbox 1300 1272 1423 1358; x_wconf 88' lang='lat' dir='ltr'><strong>sapien-</strong></span> 
     </span>
     <span class='ocr_line' id='line_1_9' title="bbox 95 1371 1425 1463; baseline -0.002 -24"><span class='ocrx_word' id='word_1_65' title='bbox 95 1376 212 1440; x_wconf 90' lang='lat' dir='ltr'><strong>tissimo</strong></span> <span class='ocrx_word' id='word_1_66' title='bbox 240 1372 361 1440; x_wconf 91' lang='lat' dir='ltr'><strong>iudicio</strong></span> <span class='ocrx_word' id='word_1_67' title='bbox 390 1373 485 1439; x_wconf 86' lang='lat' dir='ltr'><strong>altius</strong></span> <span class='ocrx_word' id='word_1_68' title='bbox 513 1373 724 1461; x_wconf 87' lang='lat' dir='ltr'><strong>ponderanda</strong></span> <span class='ocrx_word' id='word_1_69' title='bbox 756 1375 918 1442; x_wconf 87' lang='lat' dir='ltr'><strong>humiliter</strong></span> <span class='ocrx_word' id='word_1_70' title='bbox 951 1374 1115 1463; x_wconf 83' lang='lat' dir='ltr'><strong>relinquo,</strong></span> <span class='ocrx_word' id='word_1_71' title='bbox 1148 1376 1239 1438; x_wconf 75' lang='lat' dir='ltr'><strong>citius</strong></span> <span class='ocrx_word' id='word_1_72' title='bbox 1266 1371 1425 1459; x_wconf 87' lang='lat' dir='ltr'><strong>imperiali</strong></span> 
     </span>
     <span class='ocr_line' id='line_1_10' title="bbox 96 1475 1049 1563; baseline 0 -22"><span class='ocrx_word' id='word_1_73' title='bbox 96 1479 214 1563; x_wconf 83' lang='lat' dir='ltr'><strong>gratiae</strong></span> <span class='ocrx_word' id='word_1_74' title='bbox 238 1487 271 1542; x_wconf 90' lang='lat' dir='ltr'><strong>et</strong></span> <span class='ocrx_word' id='word_1_75' title='bbox 293 1475 481 1542; x_wconf 86' lang='lat' dir='ltr'><strong>clementiae</strong></span> <span class='ocrx_word' id='word_1_76' title='bbox 503 1501 555 1541; x_wconf 92' lang='lat' dir='ltr'><strong>me</strong></span> <span class='ocrx_word' id='word_1_77' title='bbox 579 1477 826 1544; x_wconf 90' lang='lat' dir='ltr'><strong>submississime</strong></span> <span class='ocrx_word' id='word_1_78' title='bbox 849 1475 1049 1543; x_wconf 86' lang='lat' dir='ltr'><strong>commendo.</strong></span> 
     </span>
     <span class='ocr_line' id='line_1_11' title="bbox 193 1579 1212 1667; baseline -0.002 -23"><span class='ocrx_word' id='word_1_79' title='bbox 193 1579 345 1646; x_wconf 86' lang='lat' dir='ltr'><strong>Viennae</strong></span> <span class='ocrx_word' id='word_1_80' title='bbox 363 1579 403 1646; x_wconf 86' lang='lat'><strong>15</strong></span> <span class='ocrx_word' id='word_1_81' title='bbox 417 1579 609 1646; x_wconf 85' lang='lat' dir='ltr'><strong>Decembris</strong></span> <span class='ocrx_word' id='word_1_82' title='bbox 625 1603 710 1647; x_wconf 86' lang='lat' dir='ltr'><strong>anno</strong></span> <span class='ocrx_word' id='word_1_83' title='bbox 725 1591 800 1667; x_wconf 91' lang='lat' dir='ltr'><strong>post</strong></span> <span class='ocrx_word' id='word_1_84' title='bbox 813 1590 923 1648; x_wconf 88' lang='lat' dir='ltr'><strong>natum</strong></span> <span class='ocrx_word' id='word_1_85' title='bbox 939 1579 1102 1646; x_wconf 82' lang='lat' dir='ltr'><strong>Christum</strong></span> <span class='ocrx_word' id='word_1_86' title='bbox 1119 1579 1212 1646; x_wconf 83' lang='lat'>1561.</span> 
     </span>
    </p>
   </div>
   <div class='ocr_carea' id='block_1_3' title="bbox 613 1768 909 1836">
    <p class='ocr_par' dir='ltr' id='par_1_3' title="bbox 613 1768 909 1836">
     <span class='ocr_line' id='line_1_12' title="bbox 613 1768 909 1836; baseline 0.003 -3"><span class='ocrx_word' id='word_1_87' title='bbox 613 1769 652 1834; x_wconf 85' lang='lat' dir='ltr'><strong>E.</strong></span> <span class='ocrx_word' id='word_1_88' title='bbox 676 1768 708 1835; x_wconf 90' lang='lat' dir='ltr'><strong>S.</strong></span> <span class='ocrx_word' id='word_1_89' title='bbox 732 1770 763 1836; x_wconf 90' lang='lat' dir='ltr'><strong>J.</strong></span> <span class='ocrx_word' id='word_1_90' title='bbox 785 1769 847 1835; x_wconf 53' lang='grc' dir='ltr'><strong>ΜΨ</strong></span> <span class='ocrx_word' id='word_1_91' title='bbox 869 1770 909 1835; x_wconf 91' lang='lat' dir='ltr'><strong>V.</strong></span> 
     </span>
    </p>
   </div>
   <div class='ocr_carea' id='block_1_4' title="bbox 838 1955 1272 2043">
    <p class='ocr_par' dir='ltr' id='par_1_4' title="bbox 838 1955 1272 2043">
     <span class='ocr_line' id='line_1_13' title="bbox 838 1955 1272 2043; baseline -0.014 -20"><span class='ocrx_word' id='word_1_92' title='bbox 838 1957 1051 2024; x_wconf 88' lang='lat' dir='ltr'><strong>humillimum</strong></span> <span class='ocrx_word' id='word_1_93' title='bbox 1073 1955 1272 2043; x_wconf 85' lang='lat' dir='ltr'><strong>mancipium</strong></span> 
     </span>
    </p>
   </div>
   <div class='ocr_carea' id='block_1_5' title="bbox 879 2075 1205 2163">
    <p class='ocr_par' dir='ltr' id='par_1_5' title="bbox 879 2075 1205 2163">
     <span class='ocr_line' id='line_1_14' title="bbox 879 2075 1205 2163; baseline -0.012 -20"><span class='ocrx_word' id='word_1_94' title='bbox 879 2077 920 2142; x_wconf 76' lang='lat' dir='ltr'><strong>G.</strong></span> <span class='ocrx_word' id='word_1_95' title='bbox 944 2075 1089 2163; x_wconf 80' lang='lat' dir='ltr'><strong>Gienger</strong></span> <span class='ocrx_word' id='word_1_96' title='bbox 1109 2076 1140 2142; x_wconf 88' lang='lat' dir='ltr'><strong>J.</strong></span> <span class='ocrx_word' id='word_1_97' title='bbox 1163 2075 1205 2140; x_wconf 94' lang='lat' dir='ltr'><strong>D.</strong></span> 
     </span>
    </p>
   </div>
   <div class='ocr_carea' id='block_1_6' title="bbox 163 2331 1433 5064">
    <p class='ocr_par' dir='ltr' id='par_1_6' title="bbox 163 2331 1433 5064">
     <span class='ocr_line' id='line_1_15' title="bbox 230 2331 1426 2402; baseline -0.001 -18"><span class='ocrx_word' id='word_1_98' title='bbox 230 2333 286 2384; x_wconf 77' lang='lat' dir='ltr'><strong>Aua</strong></span> <span class='ocrx_word' id='word_1_99' title='bbox 305 2333 351 2384; x_wconf 88' lang='lat' dir='ltr'><strong>dea</strong></span> <span class='ocrx_word' id='word_1_100' title='bbox 368 2334 475 2385; x_wconf 85' lang='lat' dir='ltr'><strong>Kaisers</strong></span> <span class='ocrx_word' id='word_1_101' title='bbox 493 2333 611 2385; x_wconf 80' lang='lat' dir='ltr'><strong>Antwort</strong></span> <span class='ocrx_word' id='word_1_102' title='bbox 630 2335 718 2402; x_wconf 79' lang='lat' dir='ltr'><strong>(Prag,</strong></span> <span class='ocrx_word' id='word_1_103' title='bbox 736 2336 770 2385; x_wconf 85' lang='grc'><strong>28</strong></span> <span class='ocrx_word' id='word_1_104' title='bbox 787 2336 950 2398; x_wconf 88' lang='lat' dir='ltr'><strong>December;</strong></span> <span class='ocrx_word' id='word_1_105' title='bbox 978 2334 1097 2402; x_wconf 80' lang='lat' dir='ltr'><strong>concept</strong></span> <span class='ocrx_word' id='word_1_106' title='bbox 1120 2337 1147 2386; x_wconf 94' lang='lat' dir='ltr'><strong>in</strong></span> <span class='ocrx_word' id='word_1_107' title='bbox 1172 2336 1224 2386; x_wconf 93' lang='lat' dir='ltr'><strong>den</strong></span> <span class='ocrx_word' id='word_1_108' title='bbox 1242 2331 1426 2396; x_wconf 76' lang='lat' dir='ltr'><strong>Conuilscten)</strong></span> 
     </span>
     <span class='ocr_line' id='line_1_16' title="bbox 163 2417 1425 2486; baseline 0.001 -19"><span class='ocrx_word' id='word_1_109' title='bbox 163 2417 230 2469; x_wconf 86' lang='lat' dir='ltr'><strong>habe</strong></span> <span class='ocrx_word' id='word_1_110' title='bbox 248 2417 292 2468; x_wconf 89' lang='lat' dir='ltr'><strong>ich</strong></span> <span class='ocrx_word' id='word_1_111' title='bbox 311 2419 439 2470; x_wconf 84' lang='lat' dir='ltr'><strong>aunitcbst</strong></span> <span class='ocrx_word' id='word_1_112' title='bbox 455 2420 563 2472; x_wconf 88' lang='lat' dir='ltr'><strong>herror:</strong></span> <span class='ocrx_word' id='word_1_113' title='bbox 581 2421 645 2486; x_wconf 87' lang='lat' dir='ltr'><strong>quia</strong></span> <span class='ocrx_word' id='word_1_114' title='bbox 661 2420 795 2470; x_wconf 88' lang='lat' dir='ltr'><strong>humiliter</strong></span> <span class='ocrx_word' id='word_1_115' title='bbox 812 2437 903 2471; x_wconf 87' lang='lat' dir='ltr'><strong>mones</strong></span> <span class='ocrx_word' id='word_1_116' title='bbox 921 2435 955 2470; x_wconf 87' lang='lat' dir='ltr'><strong>an</strong></span> <span class='ocrx_word' id='word_1_117' title='bbox 973 2437 1025 2471; x_wconf 92' lang='lat' dir='ltr'><strong>non</strong></span> <span class='ocrx_word' id='word_1_118' title='bbox 1042 2419 1154 2470; x_wconf 85' lang='lat' dir='ltr'><strong>velimus</strong></span> <span class='ocrx_word' id='word_1_119' title='bbox 1172 2421 1318 2471; x_wconf 87' lang='lat' dir='ltr'><strong>oratoribus</strong></span> <span class='ocrx_word' id='word_1_120' title='bbox 1331 2420 1425 2470; x_wconf 87' lang='lat' dir='ltr'><strong>nostrie</strong></span> 
     </span>
     <span class='ocr_line' id='line_1_17' title="bbox 164 2503 1424 2572; baseline 0 -18"><span class='ocrx_word' id='word_1_121' title='bbox 164 2517 242 2554; x_wconf 90' lang='lat' dir='ltr'><strong>unum</strong></span> <span class='ocrx_word' id='word_1_122' title='bbox 260 2504 305 2555; x_wconf 85' lang='lat' dir='ltr'><strong>rel</strong></span> <span class='ocrx_word' id='word_1_123' title='bbox 322 2505 409 2571; x_wconf 91' lang='lat' dir='ltr'><strong>plnres</strong></span> <span class='ocrx_word' id='word_1_124' title='bbox 426 2503 565 2572; x_wconf 72' lang='lat' dir='ltr'><strong>theologos</strong></span> <span class='ocrx_word' id='word_1_125' title='bbox 583 2505 736 2572; x_wconf 76' lang='lat' dir='ltr'><strong>adiungere,</strong></span> <span class='ocrx_word' id='word_1_126' title='bbox 754 2521 865 2572; x_wconf 85' lang='lat' dir='ltr'><strong>quorum</strong></span> <span class='ocrx_word' id='word_1_127' title='bbox 884 2521 964 2570; x_wconf 88' lang='lat' dir='ltr'><strong>opera</strong></span> <span class='ocrx_word' id='word_1_128' title='bbox 980 2513 1008 2556; x_wconf 89' lang='lat' dir='ltr'><strong>et</strong></span> <span class='ocrx_word' id='word_1_129' title='bbox 1026 2507 1135 2557; x_wconf 86' lang='lat' dir='ltr'><strong>oonsilio</strong></span> <span class='ocrx_word' id='word_1_130' title='bbox 1154 2507 1181 2556; x_wconf 93' lang='lat' dir='ltr'><strong>in</strong></span> <span class='ocrx_word' id='word_1_131' title='bbox 1199 2506 1277 2555; x_wconf 91' lang='lat' dir='ltr'><strong>rebus</strong></span> <span class='ocrx_word' id='word_1_132' title='bbox 1296 2503 1424 2554; x_wconf 88' lang='lat' dir='ltr'><strong>ecclesis·</strong></span> 
     </span>
     <span class='ocr_line' id='line_1_18' title="bbox 164 2590 1425 2658; baseline 0 -18"><span class='ocrx_word' id='word_1_133' title='bbox 164 2590 236 2640; x_wconf 87' lang='lat' dir='ltr'><strong>elicis</strong></span> <span class='ocrx_word' id='word_1_134' title='bbox 253 2605 301 2655; x_wconf 90' lang='lat' dir='ltr'><strong>pro</strong></span> <span class='ocrx_word' id='word_1_135' title='bbox 321 2595 440 2657; x_wconf 87' lang='lat' dir='ltr'><strong>tempore</strong></span> <span class='ocrx_word' id='word_1_136' title='bbox 455 2593 494 2641; x_wconf 91' lang='lat' dir='ltr'><strong>nti</strong></span> <span class='ocrx_word' id='word_1_137' title='bbox 512 2597 634 2658; x_wconf 83' lang='lat' dir='ltr'><strong>possent,</strong></span> <span class='ocrx_word' id='word_1_138' title='bbox 661 2591 783 2644; x_wconf 88' lang='lat' dir='ltr'><strong>nolumus</strong></span> <span class='ocrx_word' id='word_1_139' title='bbox 801 2593 922 2658; x_wconf 89' lang='lat' dir='ltr'><strong>equidem</strong></span> <span class='ocrx_word' id='word_1_140' title='bbox 940 2597 967 2642; x_wconf 88' lang='lat' dir='ltr'><strong>te</strong></span> <span class='ocrx_word' id='word_1_141' title='bbox 985 2591 1068 2644; x_wconf 81' lang='lat' dir='ltr'><strong>letare</strong></span> <span class='ocrx_word' id='word_1_142' title='bbox 1086 2591 1157 2657; x_wconf 92' lang='lat' dir='ltr'><strong>quod</strong></span> <span class='ocrx_word' id='word_1_143' title='bbox 1175 2591 1227 2642; x_wconf 93' lang='lat' dir='ltr'><strong>hoc</strong></span> <span class='ocrx_word' id='word_1_144' title='bbox 1246 2590 1317 2656; x_wconf 92' lang='lat' dir='ltr'><strong>quod</strong></span> <span class='ocrx_word' id='word_1_145' title='bbox 1334 2590 1425 2641; x_wconf 88' lang='lat' dir='ltr'><strong>scribis</strong></span> 
     </span>
     <span class='ocr_line' id='line_1_19' title="bbox 164 2659 1424 2742; baseline 0 -16"><span class='ocrx_word' id='word_1_146' title='bbox 164 2674 197 2726; x_wconf 89' lang='lat' dir='ltr'><strong>de</strong></span> <span class='ocrx_word' id='word_1_147' title='bbox 213 2675 345 2742; x_wconf 74' lang='lat' dir='ltr'><strong>theologia</strong></span> <span class='ocrx_word' id='word_1_148' title='bbox 362 2677 433 2742; x_wconf 83' lang='lat' dir='ltr'><strong>apud</strong></span> <span class='ocrx_word' id='word_1_149' title='bbox 450 2693 498 2728; x_wconf 85' lang='lat' dir='ltr'><strong>nos</strong></span> <span class='ocrx_word' id='word_1_150' title='bbox 515 2679 568 2728; x_wconf 87' lang='lat' dir='ltr'><strong>iem</strong></span> <span class='ocrx_word' id='word_1_151' title='bbox 586 2676 685 2728; x_wconf 87' lang='lat' dir='ltr'><strong>dudum</strong></span> <span class='ocrx_word' id='word_1_152' title='bbox 703 2679 730 2728; x_wconf 90' lang='lat' dir='ltr'><strong>in</strong></span> <span class='ocrx_word' id='word_1_153' title='bbox 745 2659 982 2730; x_wconf 68' lang='lat' dir='ltr'><strong>consultationibus</strong></span> <span class='ocrx_word' id='word_1_154' title='bbox 999 2679 1155 2730; x_wconf 86' lang='lat' dir='ltr'><strong>ventilatum</strong></span> <span class='ocrx_word' id='word_1_155' title='bbox 1172 2678 1252 2728; x_wconf 82' lang='lat' dir='ltr'><strong>fuerit</strong></span> <span class='ocrx_word' id='word_1_156' title='bbox 1270 2681 1297 2726; x_wconf 89' lang='lat' dir='ltr'><strong>et</strong></span> <span class='ocrx_word' id='word_1_157' title='bbox 1313 2691 1331 2727; x_wconf 84' lang='lat' dir='ltr'><strong>a</strong></span> <span class='ocrx_word' id='word_1_158' title='bbox 1347 2677 1424 2726; x_wconf 90' lang='lat' dir='ltr'><strong>nobis</strong></span> 
     </span>
     <span class='ocr_line' id='line_1_20' title="bbox 165 2763 1426 2830; baseline -0.001 -18"><span class='ocrx_word' id='word_1_159' title='bbox 165 2775 197 2812; x_wconf 81' lang='lat' dir='ltr'><strong>ac</strong></span> <span class='ocrx_word' id='word_1_160' title='bbox 215 2763 372 2813; x_wconf 84' lang='lat' dir='ltr'><strong>consiliariis</strong></span> <span class='ocrx_word' id='word_1_161' title='bbox 390 2765 484 2814; x_wconf 90' lang='lat' dir='ltr'><strong>nostris</strong></span> <span class='ocrx_word' id='word_1_162' title='bbox 501 2763 553 2814; x_wconf 91' lang='lat' dir='ltr'><strong>boc</strong></span> <span class='ocrx_word' id='word_1_163' title='bbox 570 2769 688 2829; x_wconf 90' lang='lat' dir='ltr'><strong>tempore</strong></span> <span class='ocrx_word' id='word_1_164' title='bbox 705 2764 842 2814; x_wconf 86' lang='lat' dir='ltr'><strong>nobiscum</strong></span> <span class='ocrx_word' id='word_1_165' title='bbox 861 2765 1035 2816; x_wconf 84' lang='lat' dir='ltr'><strong>existentibus</strong></span> <span class='ocrx_word' id='word_1_166' title='bbox 1052 2780 1155 2830; x_wconf 88' lang='lat' dir='ltr'><strong>semper</strong></span> <span class='ocrx_word' id='word_1_167' title='bbox 1173 2763 1318 2814; x_wconf 87' lang='lat' dir='ltr'><strong>indicatum</strong></span> <span class='ocrx_word' id='word_1_168' title='bbox 1336 2779 1383 2828; x_wconf 91' lang='lat' dir='ltr'><strong>pro</strong></span> <span class='ocrx_word' id='word_1_169' title='bbox 1397 2777 1426 2812; x_wconf 90' lang='lat' dir='ltr'><strong>re</strong></span> 
     </span>
     <span class='ocr_line' id='line_1_21' title="bbox 163 2847 1426 2916; baseline -0.002 -18"><span class='ocrx_word' id='word_1_170' title='bbox 163 2847 241 2898; x_wconf 84' lang='lat' dir='ltr'><strong>valde</strong></span> <span class='ocrx_word' id='word_1_171' title='bbox 265 2847 404 2899; x_wconf 88' lang='lat' dir='ltr'><strong>eommoda</strong></span> <span class='ocrx_word' id='word_1_172' title='bbox 427 2852 454 2899; x_wconf 91' lang='lat' dir='ltr'><strong>et</strong></span> <span class='ocrx_word' id='word_1_173' title='bbox 476 2849 627 2900; x_wconf 88' lang='lat' dir='ltr'><strong>necessaria</strong></span> <span class='ocrx_word' id='word_1_174' title='bbox 645 2885 652 2900; x_wconf 88' lang='lat'><strong>.</strong></span> <span class='ocrx_word' id='word_1_175' title='bbox 671 2885 704 2900; x_wconf 89' lang='lat'><strong>..</strong></span> <span class='ocrx_word' id='word_1_176' title='bbox 729 2849 777 2900; x_wconf 88' lang='lat' dir='ltr'><strong>sed</strong></span> <span class='ocrx_word' id='word_1_177' title='bbox 799 2851 870 2916; x_wconf 88' lang='lat' dir='ltr'><strong>piam</strong></span> <span class='ocrx_word' id='word_1_178' title='bbox 893 2850 962 2900; x_wconf 88' lang='lat' dir='ltr'><strong>banc</strong></span> <span class='ocrx_word' id='word_1_179' title='bbox 987 2850 1151 2902; x_wconf 85' lang='lat' dir='ltr'><strong>voluntatem</strong></span> <span class='ocrx_word' id='word_1_180' title='bbox 1173 2855 1290 2902; x_wconf 72' lang='lat' dir='ltr'><strong>noemam</strong></span> <span class='ocrx_word' id='word_1_181' title='bbox 1316 2847 1426 2914; x_wconf 86' lang='lat' dir='ltr'><strong>impedit</strong></span> 
     </span>
     <span class='ocr_line' id='line_1_22' title="bbox 164 2933 1426 3001; baseline 0.001 -18"><span class='ocrx_word' id='word_1_182' title='bbox 164 2947 265 2984; x_wconf 87' lang='lat' dir='ltr'><strong>summa</strong></span> <span class='ocrx_word' id='word_1_183' title='bbox 281 2933 374 2984; x_wconf 85' lang='lat' dir='ltr'><strong>talium</strong></span> <span class='ocrx_word' id='word_1_184' title='bbox 392 2933 525 2984; x_wconf 86' lang='lat' dir='ltr'><strong>hominum</strong></span> <span class='ocrx_word' id='word_1_185' title='bbox 544 2935 661 3001; x_wconf 81' lang='lat' dir='ltr'><strong>penuria,</strong></span> <span class='ocrx_word' id='word_1_186' title='bbox 679 2949 766 3000; x_wconf 89' lang='lat' dir='ltr'><strong>neque</strong></span> <span class='ocrx_word' id='word_1_187' title='bbox 784 2936 853 2985; x_wconf 91' lang='lat' dir='ltr'><strong>enim</strong></span> <span class='ocrx_word' id='word_1_188' title='bbox 870 2936 976 3001; x_wconf 81' lang='lat' dir='ltr'><strong>ignoras</strong></span> <span class='ocrx_word' id='word_1_189' title='bbox 993 2937 1071 2987; x_wconf 89' lang='lat' dir='ltr'><strong>nobis</strong></span> <span class='ocrx_word' id='word_1_190' title='bbox 1088 2952 1141 2986; x_wconf 92' lang='lat' dir='ltr'><strong>non</strong></span> <span class='ocrx_word' id='word_1_191' title='bbox 1161 2951 1217 2986; x_wconf 89' lang='lat' dir='ltr'><strong>esse</strong></span> <span class='ocrx_word' id='word_1_192' title='bbox 1236 2935 1340 3000; x_wconf 87' lang='lat' dir='ltr'><strong>copiam</strong></span> <span class='ocrx_word' id='word_1_193' title='bbox 1352 2933 1426 2984; x_wconf 87' lang='lat' dir='ltr'><strong>theo·</strong></span> 
     </span>
     <span class='ocr_line' id='line_1_23' title="bbox 163 3011 1427 3087; baseline -0.002 -17"><span class='ocrx_word' id='word_1_194' title='bbox 163 3011 283 3086; x_wconf 63' lang='lat' dir='ltr'><strong>lofiomm</strong></span> <span class='ocrx_word' id='word_1_195' title='bbox 306 3020 353 3086; x_wconf 90' lang='lat' dir='ltr'><strong>qui</strong></span> <span class='ocrx_word' id='word_1_196' title='bbox 374 3021 426 3072; x_wconf 88' lang='lat' dir='ltr'><strong>sint</strong></span> <span class='ocrx_word' id='word_1_197' title='bbox 448 3019 493 3071; x_wconf 81' lang='lat' dir='ltr'><strong>rel</strong></span> <span class='ocrx_word' id='word_1_198' title='bbox 515 3021 603 3086; x_wconf 74' lang='lat' dir='ltr'><strong>magni</strong></span> <span class='ocrx_word' id='word_1_199' title='bbox 626 3021 738 3072; x_wconf 89' lang='lat' dir='ltr'><strong>nominis</strong></span> <span class='ocrx_word' id='word_1_200' title='bbox 762 3020 833 3087; x_wconf 86' lang='lat' dir='ltr'><strong>apud</strong></span> <span class='ocrx_word' id='word_1_201' title='bbox 857 3028 960 3072; x_wconf 88' lang='lat' dir='ltr'><strong>exteras</strong></span> <span class='ocrx_word' id='word_1_202' title='bbox 986 3023 1106 3074; x_wconf 90' lang='lat' dir='ltr'><strong>nationes</strong></span> <span class='ocrx_word' id='word_1_203' title='bbox 1125 3021 1166 3072; x_wconf 83' lang='lat' dir='ltr'><strong>vel</strong></span> <span class='ocrx_word' id='word_1_204' title='bbox 1186 3019 1303 3086; x_wconf 89' lang='lat' dir='ltr'><strong>alioquin</strong></span> <span class='ocrx_word' id='word_1_205' title='bbox 1321 3019 1355 3069; x_wconf 86' lang='lat' dir='ltr'><strong>ad</strong></span> <span class='ocrx_word' id='word_1_206' title='bbox 1372 3023 1427 3068; x_wconf 85' lang='lat' dir='ltr'><strong>tam</strong></span> 
     </span>
     <span class='ocr_line' id='line_1_24' title="bbox 164 3103 1428 3172; baseline -0.002 -16"><span class='ocrx_word' id='word_1_207' title='bbox 164 3103 247 3156; x_wconf 83' lang='lat' dir='ltr'><strong>ardna</strong></span> <span class='ocrx_word' id='word_1_208' title='bbox 263 3107 378 3172; x_wconf 74' lang='lat' dir='ltr'><strong>negocia</strong></span> <span class='ocrx_word' id='word_1_209' title='bbox 394 3105 490 3156; x_wconf 92' lang='lat' dir='ltr'><strong>idonei.</strong></span> <span class='ocrx_word' id='word_1_210' title='bbox 509 3107 578 3156; x_wconf 88' lang='lat' dir='ltr'><strong>inter</strong></span> <span class='ocrx_word' id='word_1_211' title='bbox 594 3106 712 3156; x_wconf 80' lang='lat' dir='ltr'><strong>desuitas</strong></span> <span class='ocrx_word' id='word_1_212' title='bbox 730 3107 894 3172; x_wconf 85' lang='lat' dir='ltr'><strong>estquidam</strong></span> <span class='ocrx_word' id='word_1_213' title='bbox 913 3107 1048 3170; x_wconf 85' lang='lat' dir='ltr'><strong>Canisius,</strong></span> <span class='ocrx_word' id='word_1_214' title='bbox 1072 3113 1112 3158; x_wconf 88' lang='lat' dir='ltr'><strong>est</strong></span> <span class='ocrx_word' id='word_1_215' title='bbox 1131 3109 1210 3158; x_wconf 89' lang='lat' dir='ltr'><strong>etiam</strong></span> <span class='ocrx_word' id='word_1_216' title='bbox 1228 3105 1355 3157; x_wconf 85' lang='lat' dir='ltr'><strong>Nicolans</strong></span> <span class='ocrx_word' id='word_1_217' title='bbox 1376 3104 1428 3154; x_wconf 87' lang='lat' dir='ltr'><strong>La·</strong></span> 
     </span>
     <span class='ocr_line' id='line_1_25' title="bbox 164 3190 1428 3260; baseline 0 -20"><span class='ocrx_word' id='word_1_218' title='bbox 164 3191 248 3254; x_wconf 81' lang='lat' dir='ltr'><strong>noius,</strong></span> <span class='ocrx_word' id='word_1_219' title='bbox 261 3191 309 3242; x_wconf 90' lang='lat' dir='ltr'><strong>sed</strong></span> <span class='ocrx_word' id='word_1_220' title='bbox 319 3190 443 3242; x_wconf 85' lang='lat' dir='ltr'><strong>ridentur</strong></span> <span class='ocrx_word' id='word_1_221' title='bbox 454 3193 533 3243; x_wconf 87' lang='lat' dir='ltr'><strong>ambo</strong></span> <span class='ocrx_word' id='word_1_222' title='bbox 549 3205 607 3242; x_wconf 88' lang='lat' dir='ltr'><strong>esse</strong></span> <span class='ocrx_word' id='word_1_223' title='bbox 619 3191 678 3258; x_wconf 90' lang='lat' dir='ltr'><strong>plus</strong></span> <span class='ocrx_word' id='word_1_224' title='bbox 693 3207 771 3260; x_wconf 89' lang='lat' dir='ltr'><strong>quam</strong></span> <span class='ocrx_word' id='word_1_225' title='bbox 785 3194 849 3244; x_wconf 87' lang='lat' dir='ltr'><strong>satis</strong></span> <span class='ocrx_word' id='word_1_226' title='bbox 860 3194 895 3246; x_wconf 87' lang='lat' dir='ltr'><strong>sit</strong></span> <span class='ocrx_word' id='word_1_227' title='bbox 907 3193 1053 3244; x_wconf 74' lang='lat' dir='ltr'><strong>dumusculi</strong></span> <span class='ocrx_word' id='word_1_228' title='bbox 1069 3193 1096 3242; x_wconf 91' lang='lat' dir='ltr'><strong>in</strong></span> <span class='ocrx_word' id='word_1_229' title='bbox 1109 3192 1266 3258; x_wconf 86' lang='lat' dir='ltr'><strong>quibusdam</strong></span> <span class='ocrx_word' id='word_1_230' title='bbox 1280 3191 1428 3242; x_wconf 88' lang='lat' dir='ltr'><strong>eonceden-</strong></span> 
     </span>
     <span class='ocr_line' id='line_1_26' title="bbox 166 3275 1426 3343; baseline -0.001 -17"><span class='ocrx_word' id='word_1_231' title='bbox 166 3275 205 3326; x_wconf 89' lang='lat' dir='ltr'><strong>dis</strong></span> <span class='ocrx_word' id='word_1_232' title='bbox 222 3281 251 3327; x_wconf 89' lang='lat' dir='ltr'><strong>et</strong></span> <span class='ocrx_word' id='word_1_233' title='bbox 266 3275 386 3327; x_wconf 79' lang='lat' dir='ltr'><strong>fortassis</strong></span> <span class='ocrx_word' id='word_1_234' title='bbox 403 3275 439 3327; x_wconf 86' lang='lat' dir='ltr'><strong>ad</strong></span> <span class='ocrx_word' id='word_1_235' title='bbox 456 3275 600 3342; x_wconf 76' lang='lat' dir='ltr'><strong>urgendum</strong></span> <span class='ocrx_word' id='word_1_236' title='bbox 617 3277 829 3328; x_wconf 78' lang='lat' dir='ltr'><strong>reformationem</strong></span> <span class='ocrx_word' id='word_1_237' title='bbox 847 3277 878 3332; x_wconf 78' lang='lat' dir='ltr'>R</span> <span class='ocrx_word' id='word_1_238' title='bbox 898 3279 986 3328; x_wconf 87' lang='lat' dir='ltr'><strong>curiae</strong></span> <span class='ocrx_word' id='word_1_239' title='bbox 1004 3278 1084 3328; x_wconf 84' lang='lat' dir='ltr'><strong>futuri</strong></span> <span class='ocrx_word' id='word_1_240' title='bbox 1103 3279 1266 3329; x_wconf 88' lang='lat' dir='ltr'><strong>remissiores</strong></span> <span class='ocrx_word' id='word_1_241' title='bbox 1285 3291 1363 3343; x_wconf 88' lang='lat' dir='ltr'><strong>qnam</strong></span> <span class='ocrx_word' id='word_1_242' title='bbox 1379 3291 1426 3326; x_wconf 90' lang='lat' dir='ltr'><strong>ne·</strong></span> 
     </span>
     <span class='ocr_line' id='line_1_27' title="bbox 166 3361 1427 3430; baseline -0.002 -16"><span class='ocrx_word' id='word_1_243' title='bbox 166 3363 275 3414; x_wconf 80' lang='lat' dir='ltr'><strong>cessitas</strong></span> <span class='ocrx_word' id='word_1_244' title='bbox 292 3363 416 3428; x_wconf 86' lang='lat' dir='ltr'><strong>requirat.</strong></span> <span class='ocrx_word' id='word_1_245' title='bbox 435 3362 478 3412; x_wconf 90' lang='lat' dir='ltr'><strong>bic</strong></span> <span class='ocrx_word' id='word_1_246' title='bbox 495 3377 559 3412; x_wconf 85' lang='lat' dir='ltr'><strong>vero</strong></span> <span class='ocrx_word' id='word_1_247' title='bbox 577 3363 702 3428; x_wconf 81' lang='lat' dir='ltr'><strong>hauctus,</strong></span> <span class='ocrx_word' id='word_1_248' title='bbox 721 3378 799 3430; x_wconf 89' lang='lat' dir='ltr'><strong>quem</strong></span> <span class='ocrx_word' id='word_1_249' title='bbox 818 3363 923 3415; x_wconf 86' lang='lat' dir='ltr'><strong>Canisio</strong></span> <span class='ocrx_word' id='word_1_250' title='bbox 941 3365 969 3414; x_wconf 86' lang='lat' dir='ltr'><strong>in</strong></span> <span class='ocrx_word' id='word_1_251' title='bbox 980 3365 1092 3414; x_wconf 87' lang='lat' dir='ltr'><strong>seientia</strong></span> <span class='ocrx_word' id='word_1_252' title='bbox 1103 3363 1255 3429; x_wconf 80' lang='lat' dir='ltr'><strong>theologiae</strong></span> <span class='ocrx_word' id='word_1_253' title='bbox 1265 3361 1427 3427; x_wconf 84' lang='lat' dir='ltr'><strong>praeierunt,</strong></span> 
     </span>
     <span class='ocr_line' id='line_1_28' title="bbox 165 3447 1425 3513; baseline -0.001 -14"><span class='ocrx_word' id='word_1_254' title='bbox 165 3463 218 3499; x_wconf 87' lang='lat' dir='ltr'><strong>non</strong></span> <span class='ocrx_word' id='word_1_255' title='bbox 235 3453 277 3500; x_wconf 84' lang='lat' dir='ltr'><strong>eat</strong></span> <span class='ocrx_word' id='word_1_256' title='bbox 293 3449 332 3500; x_wconf 87' lang='lat' dir='ltr'><strong>ita</strong></span> <span class='ocrx_word' id='word_1_257' title='bbox 349 3447 471 3502; x_wconf 87' lang='lat' dir='ltr'><strong>absolute</strong></span> <span class='ocrx_word' id='word_1_258' title='bbox 488 3449 515 3498; x_wconf 91' lang='lat' dir='ltr'><strong>in</strong></span> <span class='ocrx_word' id='word_1_259' title='bbox 533 3453 666 3512; x_wconf 81' lang='lat' dir='ltr'><strong>potestate</strong></span> <span class='ocrx_word' id='word_1_260' title='bbox 684 3453 774 3500; x_wconf 88' lang='lat' dir='ltr'><strong>nostra</strong></span> <span class='ocrx_word' id='word_1_261' title='bbox 791 3453 821 3500; x_wconf 90' lang='lat' dir='ltr'><strong>ut</strong></span> <span class='ocrx_word' id='word_1_262' title='bbox 837 3449 873 3500; x_wconf 91' lang='lat' dir='ltr'><strong>ad</strong></span> <span class='ocrx_word' id='word_1_263' title='bbox 891 3465 996 3502; x_wconf 86' lang='lat' dir='ltr'><strong>omnem</strong></span> <span class='ocrx_word' id='word_1_264' title='bbox 1013 3449 1116 3500; x_wconf 86' lang='lat' dir='ltr'><strong>libitum</strong></span> <span class='ocrx_word' id='word_1_265' title='bbox 1132 3453 1250 3500; x_wconf 87' lang='lat' dir='ltr'><strong>nostrum</strong></span> <span class='ocrx_word' id='word_1_266' title='bbox 1269 3463 1351 3513; x_wconf 87' lang='lat' dir='ltr'><strong>opera</strong></span> <span class='ocrx_word' id='word_1_267' title='bbox 1368 3449 1425 3498; x_wconf 87' lang='lat' dir='ltr'><strong>eius</strong></span> 
     </span>
     <span class='ocr_line' id='line_1_29' title="bbox 165 3533 1426 3602; baseline -0.001 -17"><span class='ocrx_word' id='word_1_268' title='bbox 165 3535 203 3586; x_wconf 85' lang='lat' dir='ltr'><strong>uti</strong></span> <span class='ocrx_word' id='word_1_269' title='bbox 221 3549 356 3602; x_wconf 82' lang='lat' dir='ltr'><strong>queamus.</strong></span> <span class='ocrx_word' id='word_1_270' title='bbox 386 3533 519 3601; x_wconf 78' lang='lat' dir='ltr'><strong>Staphssus</strong></span> <span class='ocrx_word' id='word_1_271' title='bbox 543 3539 630 3586; x_wconf 88' lang='lat' dir='ltr'><strong>autem</strong></span> <span class='ocrx_word' id='word_1_272' title='bbox 654 3533 738 3586; x_wconf 91' lang='lat' dir='ltr'><strong>habet</strong></span> <span class='ocrx_word' id='word_1_273' title='bbox 758 3534 864 3600; x_wconf 88' lang='lat' dir='ltr'><strong>quidem</strong></span> <span class='ocrx_word' id='word_1_274' title='bbox 882 3537 946 3586; x_wconf 87' lang='lat' dir='ltr'><strong>eatis</strong></span> <span class='ocrx_word' id='word_1_275' title='bbox 963 3550 1085 3602; x_wconf 75' lang='lat' dir='ltr'><strong>magnam</strong></span> <span class='ocrx_word' id='word_1_276' title='bbox 1110 3535 1287 3600; x_wconf 73' lang='lat' dir='ltr'><strong>cognitionem</strong></span> <span class='ocrx_word' id='word_1_277' title='bbox 1305 3537 1333 3583; x_wconf 89' lang='lat' dir='ltr'><strong>et</strong></span> <span class='ocrx_word' id='word_1_278' title='bbox 1349 3547 1426 3584; x_wconf 88' lang='lat' dir='ltr'><strong>usum</strong></span> 
     </span>
     <span class='ocr_line' id='line_1_30' title="bbox 166 3617 1427 3688; baseline -0.004 -16"><span class='ocrx_word' id='word_1_279' title='bbox 166 3625 377 3688; x_wconf 62' lang='lat' dir='ltr'><strong>argumentomm</strong></span> <span class='ocrx_word' id='word_1_280' title='bbox 404 3620 500 3686; x_wconf 86' lang='lat' dir='ltr'><strong>quibus</strong></span> <span class='ocrx_word' id='word_1_281' title='bbox 526 3622 645 3670; x_wconf 80' lang='lat' dir='ltr'><strong>nituntur</strong></span> <span class='ocrx_word' id='word_1_282' title='bbox 671 3620 814 3670; x_wconf 83' lang='lat' dir='ltr'><strong>adversarii</strong></span> <span class='ocrx_word' id='word_1_283' title='bbox 842 3621 990 3672; x_wconf 86' lang='lat' dir='ltr'><strong>catholicae</strong></span> <span class='ocrx_word' id='word_1_284' title='bbox 1017 3618 1153 3688; x_wconf 70' lang='lat' dir='ltr'><strong>religionis</strong></span> <span class='ocrx_word' id='word_1_285' title='bbox 1179 3625 1298 3680; x_wconf 71' lang='lat' dir='ltr'><strong>nocuae,</strong></span> <span class='ocrx_word' id='word_1_286' title='bbox 1325 3617 1372 3668; x_wconf 90' lang='lat' dir='ltr'><strong>sed</strong></span> <span class='ocrx_word' id='word_1_287' title='bbox 1399 3619 1427 3668; x_wconf 87' lang='lat' dir='ltr'><strong>in</strong></span> 
     </span>
     <span class='ocr_line' id='line_1_31' title="bbox 166 3703 1427 3772; baseline -0.002 -16"><span class='ocrx_word' id='word_1_288' title='bbox 166 3705 328 3757; x_wconf 85' lang='lat' dir='ltr'><strong>scholastica</strong></span> <span class='ocrx_word' id='word_1_289' title='bbox 343 3705 479 3772; x_wconf 79' lang='lat' dir='ltr'><strong>theologia</strong></span> <span class='ocrx_word' id='word_1_290' title='bbox 497 3704 594 3756; x_wconf 89' lang='lat' dir='ltr'><strong>dicitur</strong></span> <span class='ocrx_word' id='word_1_291' title='bbox 610 3721 663 3756; x_wconf 93' lang='lat' dir='ltr'><strong>non</strong></span> <span class='ocrx_word' id='word_1_292' title='bbox 682 3721 740 3756; x_wconf 92' lang='lat' dir='ltr'><strong>esse</strong></span> <span class='ocrx_word' id='word_1_293' title='bbox 758 3705 826 3757; x_wconf 89' lang='lat' dir='ltr'><strong>adeo</strong></span> <span class='ocrx_word' id='word_1_294' title='bbox 845 3705 983 3765; x_wconf 67' lang='lat' dir='ltr'><strong>fundatum</strong></span> <span class='ocrx_word' id='word_1_295' title='bbox 1002 3706 1037 3757; x_wconf 88' lang='lat' dir='ltr'><strong>ad</strong></span> <span class='ocrx_word' id='word_1_296' title='bbox 1049 3706 1118 3757; x_wconf 89' lang='lat' dir='ltr'><strong>haec</strong></span> <span class='ocrx_word' id='word_1_297' title='bbox 1129 3705 1251 3756; x_wconf 85' lang='lat' dir='ltr'><strong>manibus</strong></span> <span class='ocrx_word' id='word_1_298' title='bbox 1264 3703 1427 3770; x_wconf 89' lang='lat' dir='ltr'><strong>pedibusque</strong></span> 
     </span>
     <span class='ocr_line' id='line_1_32' title="bbox 166 3789 1427 3858; baseline -0.002 -17"><span class='ocrx_word' id='word_1_299' title='bbox 166 3791 328 3843; x_wconf 86' lang='lat' dir='ltr'><strong>eiuscemodi</strong></span> <span class='ocrx_word' id='word_1_300' title='bbox 350 3791 512 3856; x_wconf 85' lang='lat' dir='ltr'><strong>provinciam</strong></span> <span class='ocrx_word' id='word_1_301' title='bbox 535 3790 610 3856; x_wconf 76' lang='lat' dir='ltr'><strong>fugit</strong></span> <span class='ocrx_word' id='word_1_302' title='bbox 634 3790 668 3840; x_wconf 91' lang='lat' dir='ltr'><strong>de</strong></span> <span class='ocrx_word' id='word_1_303' title='bbox 686 3789 789 3842; x_wconf 88' lang='lat' dir='ltr'><strong>Vicelio</strong></span> <span class='ocrx_word' id='word_1_304' title='bbox 812 3807 875 3842; x_wconf 84' lang='lat' dir='ltr'><strong>vero</strong></span> <span class='ocrx_word' id='word_1_305' title='bbox 898 3792 1017 3858; x_wconf 88' lang='lat' dir='ltr'><strong>pluribus</strong></span> <span class='ocrx_word' id='word_1_306' title='bbox 1041 3792 1188 3843; x_wconf 88' lang='lat' dir='ltr'><strong>nominibus</strong></span> <span class='ocrx_word' id='word_1_307' title='bbox 1212 3805 1245 3841; x_wconf 87' lang='lat' dir='ltr'><strong>ac</strong></span> <span class='ocrx_word' id='word_1_308' title='bbox 1269 3791 1347 3839; x_wconf 86' lang='lat' dir='ltr'><strong>etiam</strong></span> <span class='ocrx_word' id='word_1_309' title='bbox 1365 3789 1427 3839; x_wconf 89' lang='lat' dir='ltr'><strong>ideo</strong></span> 
     </span>
     <span class='ocr_line' id='line_1_33' title="bbox 170 3873 1427 3944; baseline -0.004 -16"><span class='ocrx_word' id='word_1_310' title='bbox 170 3891 224 3928; x_wconf 86' lang='lat' dir='ltr'><strong>non</strong></span> <span class='ocrx_word' id='word_1_311' title='bbox 240 3876 411 3942; x_wconf 77' lang='lat' dir='ltr'><strong>cogitandum</strong></span> <span class='ocrx_word' id='word_1_312' title='bbox 423 3881 472 3940; x_wconf 76' lang='lat' dir='ltr'><strong>est,</strong></span> <span class='ocrx_word' id='word_1_313' title='bbox 490 3877 553 3942; x_wconf 81' lang='lat' dir='ltr'><strong>quis</strong></span> <span class='ocrx_word' id='word_1_314' title='bbox 571 3891 630 3928; x_wconf 89' lang='lat' dir='ltr'><strong>enm</strong></span> <span class='ocrx_word' id='word_1_315' title='bbox 649 3882 705 3928; x_wconf 86' lang='lat' dir='ltr'><strong>tum</strong></span> <span class='ocrx_word' id='word_1_316' title='bbox 722 3883 796 3928; x_wconf 86' lang='lat' dir='ltr'><strong>aetas</strong></span> <span class='ocrx_word' id='word_1_317' title='bbox 814 3883 870 3928; x_wconf 85' lang='lat' dir='ltr'><strong>tum</strong></span> <span class='ocrx_word' id='word_1_318' title='bbox 889 3879 942 3929; x_wconf 88' lang='lat' dir='ltr'><strong>alia</strong></span> <span class='ocrx_word' id='word_1_319' title='bbox 953 3878 1140 3944; x_wconf 83' lang='lat' dir='ltr'><strong>impedimenta</strong></span> <span class='ocrx_word' id='word_1_320' title='bbox 1152 3876 1186 3926; x_wconf 83' lang='lat' dir='ltr'><strong>ad</strong></span> <span class='ocrx_word' id='word_1_321' title='bbox 1203 3874 1339 3925; x_wconf 80' lang='lat' dir='ltr'><strong>ferendum</strong></span> <span class='ocrx_word' id='word_1_322' title='bbox 1353 3873 1427 3924; x_wconf 87' lang='lat' dir='ltr'><strong>labo·</strong></span> 
     </span>
     <span class='ocr_line' id='line_1_34' title="bbox 167 3959 1428 4030; baseline -0.005 -16"><span class='ocrx_word' id='word_1_323' title='bbox 167 3978 220 4014; x_wconf 86' lang='lat' dir='ltr'><strong>rem</strong></span> <span class='ocrx_word' id='word_1_324' title='bbox 237 3965 315 4016; x_wconf 84' lang='lat' dir='ltr'><strong>istum</strong></span> <span class='ocrx_word' id='word_1_325' title='bbox 332 3963 419 4016; x_wconf 83' lang='lat' dir='ltr'><strong>minus</strong></span> <span class='ocrx_word' id='word_1_326' title='bbox 436 3967 525 4028; x_wconf 83' lang='lat' dir='ltr'><strong>aptum</strong></span> <span class='ocrx_word' id='word_1_327' title='bbox 542 3962 662 4015; x_wconf 87' lang='lat' dir='ltr'><strong>reddunt.</strong></span> <span class='ocrx_word' id='word_1_328' title='bbox 687 3963 734 4016; x_wconf 85' lang='lat' dir='ltr'><strong>sed</strong></span> <span class='ocrx_word' id='word_1_329' title='bbox 758 3965 881 4030; x_wconf 88' lang='lat' dir='ltr'><strong>quoniam</strong></span> <span class='ocrx_word' id='word_1_330' title='bbox 903 3965 971 4016; x_wconf 89' lang='lat' dir='ltr'><strong>inter</strong></span> <span class='ocrx_word' id='word_1_331' title='bbox 996 3967 1134 4030; x_wconf 85' lang='lat' dir='ltr'><strong>episeopus</strong></span> <span class='ocrx_word' id='word_1_332' title='bbox 1152 3963 1293 4027; x_wconf 76' lang='lat' dir='ltr'><strong>ilungaros</strong></span> <span class='ocrx_word' id='word_1_333' title='bbox 1314 3959 1348 4010; x_wconf 84' lang='lat' dir='ltr'><strong>ad</strong></span> <span class='ocrx_word' id='word_1_334' title='bbox 1367 3974 1428 4010; x_wconf 90' lang='lat' dir='ltr'><strong>con·</strong></span> 
     </span>
     <span class='ocr_line' id='line_1_35' title="bbox 168 4046 1427 4116; baseline -0.005 -16"><span class='ocrx_word' id='word_1_335' title='bbox 168 4048 255 4100; x_wconf 82' lang='lat' dir='ltr'><strong>cilium</strong></span> <span class='ocrx_word' id='word_1_336' title='bbox 272 4048 437 4116; x_wconf 80' lang='lat' dir='ltr'><strong>proiecturus</strong></span> <span class='ocrx_word' id='word_1_337' title='bbox 456 4049 505 4100; x_wconf 86' lang='lat' dir='ltr'><strong>erit</strong></span> <span class='ocrx_word' id='word_1_338' title='bbox 521 4047 601 4100; x_wconf 85' lang='lat' dir='ltr'><strong>irater</strong></span> <span class='ocrx_word' id='word_1_339' title='bbox 618 4049 737 4102; x_wconf 83' lang='lat' dir='ltr'><strong>Joannes</strong></span> <span class='ocrx_word' id='word_1_340' title='bbox 755 4051 879 4102; x_wconf 83' lang='lat' dir='ltr'><strong>abbatiae</strong></span> <span class='ocrx_word' id='word_1_341' title='bbox 898 4050 1172 4112; x_wconf 83' lang='lat' dir='ltr'><strong>Golosmonostrensis,</strong></span> <span class='ocrx_word' id='word_1_342' title='bbox 1191 4049 1234 4098; x_wconf 89' lang='lat' dir='ltr'><strong>oui</strong></span> <span class='ocrx_word' id='word_1_343' title='bbox 1252 4048 1304 4097; x_wconf 90' lang='lat' dir='ltr'><strong>iam</strong></span> <span class='ocrx_word' id='word_1_344' title='bbox 1316 4046 1427 4110; x_wconf 89' lang='lat' dir='ltr'><strong>primum</strong></span> 
     </span>
     <span class='ocr_line' id='line_1_36' title="bbox 172 4135 1428 4202; baseline -0.003 -17"><span class='ocrx_word' id='word_1_345' title='bbox 172 4136 350 4202; x_wconf 85' lang='lat' dir='ltr'><strong>episcopatum</strong></span> <span class='ocrx_word' id='word_1_346' title='bbox 369 4135 578 4186; x_wconf 81' lang='lat' dir='ltr'><strong>Chanadiensem</strong></span> <span class='ocrx_word' id='word_1_347' title='bbox 601 4136 772 4200; x_wconf 83' lang='lat' dir='ltr'><strong>contulimus,</strong></span> <span class='ocrx_word' id='word_1_348' title='bbox 799 4138 876 4188; x_wconf 91' lang='lat' dir='ltr'><strong>nobis</strong></span> <span class='ocrx_word' id='word_1_349' title='bbox 894 4151 912 4187; x_wconf 91' lang='lat' dir='ltr'><strong>a</strong></span> <span class='ocrx_word' id='word_1_350' title='bbox 928 4136 1049 4188; x_wconf 89' lang='lat' dir='ltr'><strong>doctrina</strong></span> <span class='ocrx_word' id='word_1_351' title='bbox 1065 4153 1119 4188; x_wconf 92' lang='lat' dir='ltr'><strong>non</strong></span> <span class='ocrx_word' id='word_1_352' title='bbox 1135 4135 1281 4201; x_wconf 78' lang='lat' dir='ltr'><strong>vulgariter</strong></span> <span class='ocrx_word' id='word_1_353' title='bbox 1298 4147 1428 4184; x_wconf 90' lang='lat' dir='ltr'><strong>commen·</strong></span> 
     </span>
     <span class='ocr_line' id='line_1_37' title="bbox 169 4218 1428 4296; baseline -0.005 -24"><span class='ocrx_word' id='word_1_354' title='bbox 169 4219 258 4286; x_wconf 82' lang='lat' dir='ltr'><strong>datus,</strong></span> <span class='ocrx_word' id='word_1_355' title='bbox 284 4219 361 4272; x_wconf 88' lang='lat' dir='ltr'><strong>aliter</strong></span> <span class='ocrx_word' id='word_1_356' title='bbox 382 4219 439 4272; x_wconf 87' lang='lat' dir='ltr'><strong>lieri</strong></span> <span class='ocrx_word' id='word_1_357' title='bbox 462 4237 515 4274; x_wconf 90' lang='lat' dir='ltr'><strong>non</strong></span> <span class='ocrx_word' id='word_1_358' title='bbox 532 4225 619 4296; x_wconf 64' lang='lat' dir='ltr'><strong>potest</strong></span> <span class='ocrx_word' id='word_1_359' title='bbox 636 4220 664 4271; x_wconf 93' lang='lat' dir='ltr'><strong>in</strong></span> <span class='ocrx_word' id='word_1_360' title='bbox 681 4221 732 4272; x_wconf 89' lang='lat' dir='ltr'><strong>boc</strong></span> <span class='ocrx_word' id='word_1_361' title='bbox 750 4223 789 4272; x_wconf 89' lang='lat' dir='ltr'><strong>rei</strong></span> <span class='ocrx_word' id='word_1_362' title='bbox 805 4223 891 4288; x_wconf 77' lang='lat' dir='ltr'><strong>initio,</strong></span> <span class='ocrx_word' id='word_1_363' title='bbox 910 4223 972 4288; x_wconf 92' lang='lat' dir='ltr'><strong>quin</strong></span> <span class='ocrx_word' id='word_1_364' title='bbox 990 4221 1012 4272; x_wconf 90' lang='lat' dir='ltr'><strong>is</strong></span> <span class='ocrx_word' id='word_1_365' title='bbox 1030 4227 1118 4288; x_wconf 87' lang='lat' dir='ltr'><strong>partes</strong></span> <span class='ocrx_word' id='word_1_366' title='bbox 1136 4219 1252 4286; x_wconf 72' lang='lat' dir='ltr'><strong>theologi</strong></span> <span class='ocrx_word' id='word_1_367' title='bbox 1271 4220 1340 4268; x_wconf 88' lang='lat' dir='ltr'><strong>inter</strong></span> <span class='ocrx_word' id='word_1_368' title='bbox 1356 4218 1428 4283; x_wconf 86' lang='lat' dir='ltr'><strong>ipsos</strong></span> 
     </span>
     <span class='ocr_line' id='line_1_38' title="bbox 171 4303 1430 4374; baseline -0.005 -17"><span class='ocrx_word' id='word_1_369' title='bbox 171 4311 286 4359; x_wconf 87' lang='lat' dir='ltr'><strong>oratores</strong></span> <span class='ocrx_word' id='word_1_370' title='bbox 305 4313 332 4357; x_wconf 88' lang='lat' dir='ltr'><strong>et</strong></span> <span class='ocrx_word' id='word_1_371' title='bbox 350 4307 490 4374; x_wconf 87' lang='lat' dir='ltr'><strong>deputatos</strong></span> <span class='ocrx_word' id='word_1_372' title='bbox 507 4311 610 4359; x_wconf 69' lang='lat' dir='ltr'><strong>nocuos</strong></span> <span class='ocrx_word' id='word_1_373' title='bbox 628 4309 764 4371; x_wconf 81' lang='lat' dir='ltr'><strong>sustineat,</strong></span> <span class='ocrx_word' id='word_1_374' title='bbox 783 4307 868 4358; x_wconf 86' lang='lat' dir='ltr'><strong>donee</strong></span> <span class='ocrx_word' id='word_1_375' title='bbox 886 4307 966 4358; x_wconf 87' lang='lat' dir='ltr'><strong>alium</strong></span> <span class='ocrx_word' id='word_1_376' title='bbox 986 4307 1129 4358; x_wconf 89' lang='lat' dir='ltr'><strong>doctiorem</strong></span> <span class='ocrx_word' id='word_1_377' title='bbox 1146 4311 1193 4357; x_wconf 90' lang='lat' dir='ltr'><strong>ant</strong></span> <span class='ocrx_word' id='word_1_378' title='bbox 1209 4306 1293 4371; x_wconf 71' lang='lat' dir='ltr'><strong>magis</strong></span> <span class='ocrx_word' id='word_1_379' title='bbox 1306 4303 1430 4354; x_wconf 90' lang='lat' dir='ltr'><strong>idoneum</strong></span> 
     </span>
     <span class='ocr_line' id='line_1_39' title="bbox 169 4388 1428 4460; baseline -0.008 -14"><span class='ocrx_word' id='word_1_380' title='bbox 169 4395 364 4457; x_wconf 84' lang='lat' dir='ltr'><strong>nenaiseanrur,</strong></span> <span class='ocrx_word' id='word_1_381' title='bbox 382 4408 436 4458; x_wconf 84' lang='lat' dir='ltr'><strong>qus</strong></span> <span class='ocrx_word' id='word_1_382' title='bbox 451 4394 479 4443; x_wconf 89' lang='lat' dir='ltr'><strong>in</strong></span> <span class='ocrx_word' id='word_1_383' title='bbox 496 4408 525 4443; x_wconf 88' lang='lat' dir='ltr'><strong>re</strong></span> <span class='ocrx_word' id='word_1_384' title='bbox 541 4399 616 4444; x_wconf 83' lang='lat' dir='ltr'><strong>tuum</strong></span> <span class='ocrx_word' id='word_1_385' title='bbox 633 4407 738 4460; x_wconf 86' lang='lat' dir='ltr'><strong>quoque</strong></span> <span class='ocrx_word' id='word_1_386' title='bbox 756 4393 894 4444; x_wconf 89' lang='lat' dir='ltr'><strong>consilinm</strong></span> <span class='ocrx_word' id='word_1_387' title='bbox 911 4392 1034 4444; x_wconf 88' lang='lat' dir='ltr'><strong>lubenter</strong></span> <span class='ocrx_word' id='word_1_388' title='bbox 1050 4393 1187 4443; x_wconf 77' lang='lat' dir='ltr'><strong>audiemus</strong></span> <span class='ocrx_word' id='word_1_389' title='bbox 1199 4427 1206 4441; x_wconf 91' lang='lat'><em>.</em></span> <span class='ocrx_word' id='word_1_390' title='bbox 1220 4431 1225 4442; x_wconf 94' lang='lat'>.</span> <span class='ocrx_word' id='word_1_391' title='bbox 1241 4429 1248 4444; x_wconf 89' lang='lat'><strong>.</strong></span> <span class='ocrx_word' id='word_1_392' title='bbox 1267 4389 1326 4455; x_wconf 78' lang='lat' dir='ltr'><strong>Vgl.</strong></span> <span class='ocrx_word' id='word_1_393' title='bbox 1346 4388 1428 4438; x_wconf 88' lang='lat' dir='ltr'><strong>damit</strong></span> 
     </span>
     <span class='ocr_line' id='line_1_40' title="bbox 170 4477 1428 4545; baseline -0.008 -13"><span class='ocrx_word' id='word_1_394' title='bbox 170 4480 217 4532; x_wconf 84' lang='lat' dir='ltr'><strong>das</strong></span> <span class='ocrx_word' id='word_1_395' title='bbox 233 4479 337 4532; x_wconf 78' lang='lat' dir='ltr'><strong>Urtheil</strong></span> <span class='ocrx_word' id='word_1_396' title='bbox 355 4477 402 4529; x_wconf 86' lang='lat' dir='ltr'><strong>des</strong></span> <span class='ocrx_word' id='word_1_397' title='bbox 421 4477 451 4530; x_wconf 83' lang='lat'><strong>0.</strong></span> <span class='ocrx_word' id='word_1_398' title='bbox 468 4477 567 4530; x_wconf 85' lang='lat' dir='ltr'><strong>Hosius</strong></span> <span class='ocrx_word' id='word_1_399' title='bbox 590 4480 656 4532; x_wconf 84' lang='lat' dir='ltr'><strong>liber</strong></span> <span class='ocrx_word' id='word_1_400' title='bbox 677 4479 722 4530; x_wconf 89' lang='lat' dir='ltr'><strong>die</strong></span> <span class='ocrx_word' id='word_1_401' title='bbox 746 4479 891 4532; x_wconf 84' lang='lat' dir='ltr'><strong>deutschen</strong></span> <span class='ocrx_word' id='word_1_402' title='bbox 915 4479 1069 4545; x_wconf 74' lang='lat' dir='ltr'><strong>Theologsn</strong></span> <span class='ocrx_word' id='word_1_403' title='bbox 1093 4479 1121 4529; x_wconf 90' lang='lat' dir='ltr'><strong>in</strong></span> <span class='ocrx_word' id='word_1_404' title='bbox 1143 4478 1259 4528; x_wconf 80' lang='lat' dir='ltr'><strong>Tbsiner</strong></span> <span class='ocrx_word' id='word_1_405' title='bbox 1280 4479 1333 4525; x_wconf 86' lang='lat' dir='ltr'><strong>ret.</strong></span> <span class='ocrx_word' id='word_1_406' title='bbox 1358 4487 1428 4524; x_wconf 91' lang='lat' dir='ltr'><strong>mon.</strong></span> 
     </span>
     <span class='ocr_line' id='line_1_41' title="bbox 170 4559 1431 4632; baseline -0.006 -14"><span class='ocrx_word' id='word_1_407' title='bbox 170 4565 225 4618; x_wconf 83' lang='lat' dir='ltr'><strong>Pol</strong></span> <span class='ocrx_word' id='word_1_408' title='bbox 242 4569 268 4632; x_wconf 83' lang='grc'><strong>2,</strong></span> <span class='ocrx_word' id='word_1_409' title='bbox 286 4567 345 4619; x_wconf 87' lang='grc'>622.</span> <span class='ocrx_word' id='word_1_410' title='bbox 380 4565 431 4622; x_wconf 79' lang='lat' dir='ltr'><strong>arn</strong></span> <span class='ocrx_word' id='word_1_411' title='bbox 447 4567 464 4616; x_wconf 81' lang='lat'><strong>3</strong></span> <span class='ocrx_word' id='word_1_412' title='bbox 481 4563 600 4616; x_wconf 75' lang='lat' dir='ltr'><strong>Februar</strong></span> <span class='ocrx_word' id='word_1_413' title='bbox 619 4567 685 4618; x_wconf 76' lang='grc'>1562</span> <span class='ocrx_word' id='word_1_414' title='bbox 704 4565 807 4616; x_wconf 86' lang='lat' dir='ltr'><strong>schrieb</strong></span> <span class='ocrx_word' id='word_1_415' title='bbox 827 4565 898 4616; x_wconf 87' lang='lat' dir='ltr'><strong>daun</strong></span> <span class='ocrx_word' id='word_1_416' title='bbox 916 4564 962 4614; x_wconf 88' lang='lat' dir='ltr'><strong>der</strong></span> <span class='ocrx_word' id='word_1_417' title='bbox 979 4563 1078 4630; x_wconf 78' lang='lat' dir='ltr'><strong>Preger</strong></span> <span class='ocrx_word' id='word_1_418' title='bbox 1095 4561 1256 4614; x_wconf 84' lang='lat' dir='ltr'><strong>Erabischoi</strong></span> <span class='ocrx_word' id='word_1_419' title='bbox 1272 4575 1319 4611; x_wconf 90' lang='lat' dir='ltr'><strong>ans</strong></span> <span class='ocrx_word' id='word_1_420' title='bbox 1338 4559 1431 4610; x_wconf 84' lang='lat' dir='ltr'><strong>Trient</strong></span> 
     </span>
     <span class='ocr_line' id='line_1_42' title="bbox 172 4642 1433 4717; baseline -0.009 -14"><span class='ocrx_word' id='word_1_421' title='bbox 172 4667 204 4703; x_wconf 88' lang='lat' dir='ltr'><strong>an</strong></span> <span class='ocrx_word' id='word_1_422' title='bbox 227 4651 278 4703; x_wconf 91' lang='lat' dir='ltr'><strong>den</strong></span> <span class='ocrx_word' id='word_1_423' title='bbox 308 4651 417 4702; x_wconf 81' lang='lat' dir='ltr'><strong>Kaisar:</strong></span> <span class='ocrx_word' id='word_1_424' title='bbox 443 4651 530 4717; x_wconf 80' lang='lat' dir='ltr'><strong>agitur</strong></span> <span class='ocrx_word' id='word_1_425' title='bbox 547 4687 554 4700; x_wconf 91' lang='lat'><strong>.</strong></span> <span class='ocrx_word' id='word_1_426' title='bbox 572 4687 578 4703; x_wconf 90' lang='lat'><strong>.</strong></span> <span class='ocrx_word' id='word_1_427' title='bbox 598 4687 605 4702; x_wconf 93' lang='lat'><em>.</em></span> <span class='ocrx_word' id='word_1_428' title='bbox 629 4650 663 4702; x_wconf 92' lang='lat' dir='ltr'><strong>de</strong></span> <span class='ocrx_word' id='word_1_429' title='bbox 685 4652 829 4703; x_wconf 82' lang='lat' dir='ltr'><strong>revidendo</strong></span> <span class='ocrx_word' id='word_1_430' title='bbox 854 4649 993 4716; x_wconf 75' lang='lat' dir='ltr'><strong>cathalogo</strong></span> <span class='ocrx_word' id='word_1_431' title='bbox 1017 4649 1143 4701; x_wconf 91' lang='lat' dir='ltr'><strong>librorum</strong></span> <span class='ocrx_word' id='word_1_432' title='bbox 1170 4648 1369 4714; x_wconf 90' lang='lat' dir='ltr'><strong>prohibitorum.</strong></span> <span class='ocrx_word' id='word_1_433' title='bbox 1398 4642 1433 4694; x_wconf 89' lang='lat' dir='ltr'><strong>ad</strong></span> 
     </span>
     <span class='ocr_line' id='line_1_43' title="bbox 172 4728 1431 4805; baseline -0.01 -16"><span class='ocrx_word' id='word_1_434' title='bbox 172 4738 298 4791; x_wconf 86' lang='lat' dir='ltr'><strong>eiusmodi</strong></span> <span class='ocrx_word' id='word_1_435' title='bbox 317 4754 383 4805; x_wconf 91' lang='lat' dir='ltr'><strong>opus</strong></span> <span class='ocrx_word' id='word_1_436' title='bbox 400 4739 479 4790; x_wconf 81' lang='lat' dir='ltr'><strong>valde</strong></span> <span class='ocrx_word' id='word_1_437' title='bbox 497 4739 662 4791; x_wconf 87' lang='lat' dir='ltr'><strong>necessarius</strong></span> <span class='ocrx_word' id='word_1_438' title='bbox 680 4743 751 4790; x_wconf 74' lang='lat' dir='ltr'><strong>emet</strong></span> <span class='ocrx_word' id='word_1_439' title='bbox 767 4739 810 4788; x_wconf 93' lang='lat' dir='ltr'><strong>bic</strong></span> <span class='ocrx_word' id='word_1_440' title='bbox 832 4735 988 4803; x_wconf 80' lang='lat' dir='ltr'><strong>Staphylus,</strong></span> <span class='ocrx_word' id='word_1_441' title='bbox 1010 4751 1071 4786; x_wconf 88' lang='lat' dir='ltr'><strong>nem</strong></span> <span class='ocrx_word' id='word_1_442' title='bbox 1095 4735 1173 4800; x_wconf 86' lang='lat' dir='ltr'><strong>pauci</strong></span> <span class='ocrx_word' id='word_1_443' title='bbox 1200 4733 1296 4785; x_wconf 88' lang='lat' dir='ltr'><strong>adsunt</strong></span> <span class='ocrx_word' id='word_1_444' title='bbox 1319 4732 1364 4796; x_wconf 89' lang='lat' dir='ltr'><strong>qui</strong></span> <span class='ocrx_word' id='word_1_445' title='bbox 1386 4728 1431 4778; x_wconf 87' lang='lat' dir='ltr'><strong>rel</strong></span> 
     </span>
     <span class='ocr_line' id='line_1_44' title="bbox 171 4816 1432 4887; baseline -0.01 -12"><span class='ocrx_word' id='word_1_446' title='bbox 171 4823 291 4877; x_wconf 83' lang='lat' dir='ltr'><strong>haereses</strong></span> <span class='ocrx_word' id='word_1_447' title='bbox 307 4821 352 4874; x_wconf 84' lang='lat' dir='ltr'><strong>rel</strong></span> <span class='ocrx_word' id='word_1_448' title='bbox 368 4837 455 4875; x_wconf 89' lang='lat' dir='ltr'><strong>mores</strong></span> <span class='ocrx_word' id='word_1_449' title='bbox 474 4823 553 4875; x_wconf 86' lang='lat' dir='ltr'><strong>etiam</strong></span> <span class='ocrx_word' id='word_1_450' title='bbox 571 4823 758 4876; x_wconf 84' lang='lat' dir='ltr'><strong>Germanorum</strong></span> <span class='ocrx_word' id='word_1_451' title='bbox 776 4823 911 4886; x_wconf 86' lang='lat' dir='ltr'><strong>noverint;</strong></span> <span class='ocrx_word' id='word_1_452' title='bbox 930 4837 1011 4887; x_wconf 87' lang='lat' dir='ltr'><strong>quare</strong></span> <span class='ocrx_word' id='word_1_453' title='bbox 1028 4821 1089 4872; x_wconf 70' lang='lat' dir='ltr'><strong>Ma·</strong></span> <span class='ocrx_word' id='word_1_454' title='bbox 1107 4819 1140 4872; x_wconf 84' lang='lat' dir='ltr'><strong>V.</strong></span> <span class='ocrx_word' id='word_1_455' title='bbox 1160 4823 1234 4870; x_wconf 87' lang='lat' dir='ltr'><strong>curet</strong></span> <span class='ocrx_word' id='word_1_456' title='bbox 1247 4816 1390 4868; x_wconf 88' lang='lat' dir='ltr'><strong>clementer</strong></span> <span class='ocrx_word' id='word_1_457' title='bbox 1402 4817 1432 4863; x_wconf 88' lang='lat' dir='ltr'><strong>ut</strong></span> 
     </span>
     <span class='ocr_line' id='line_1_45' title="bbox 175 4899 1432 4977; baseline -0.01 -16"><span class='ocrx_word' id='word_1_458' title='bbox 175 4910 226 4961; x_wconf 86' lang='lat' dir='ltr'><strong>bne</strong></span> <span class='ocrx_word' id='word_1_459' title='bbox 242 4911 327 4977; x_wconf 83' lang='lat' dir='ltr'><strong>primo</strong></span> <span class='ocrx_word' id='word_1_460' title='bbox 345 4923 451 4976; x_wconf 89' lang='lat' dir='ltr'><strong>qnoque</strong></span> <span class='ocrx_word' id='word_1_461' title='bbox 468 4913 586 4976; x_wconf 88' lang='lat' dir='ltr'><strong>tempora</strong></span> <span class='ocrx_word' id='word_1_462' title='bbox 603 4911 728 4960; x_wconf 82' lang='lat' dir='ltr'><strong>mittetur.</strong></span> <span class='ocrx_word' id='word_1_463' title='bbox 746 4909 852 4962; x_wconf 78' lang='lat' dir='ltr'><strong>Dareus</strong></span> <span class='ocrx_word' id='word_1_464' title='bbox 865 4912 1020 4959; x_wconf 81' lang='lat' dir='ltr'><strong>sntwortete</strong></span> <span class='ocrx_word' id='word_1_465' title='bbox 1037 4904 1189 4956; x_wconf 74' lang='lat' dir='ltr'><strong>Perdinand</strong></span> <span class='ocrx_word' id='word_1_466' title='bbox 1207 4920 1249 4955; x_wconf 87' lang='lat' dir='ltr'><strong>sm</strong></span> <span class='ocrx_word' id='word_1_467' title='bbox 1267 4903 1300 4953; x_wconf 90' lang='grc'><strong>22</strong></span> <span class='ocrx_word' id='word_1_468' title='bbox 1312 4899 1432 4950; x_wconf 83' lang='lat' dir='ltr'><strong>Febrnar</strong></span> 
     </span>
     <span class='ocr_line' id='line_1_46' title="bbox 171 4985 1432 5064; baseline -0.011 -14"><span class='ocrx_word' id='word_1_469' title='bbox 171 4996 230 5050; x_wconf 84' lang='lat' dir='ltr'><strong>daea</strong></span> <span class='ocrx_word' id='word_1_470' title='bbox 248 5011 277 5048; x_wconf 86' lang='lat' dir='ltr'><strong>er</strong></span> <span class='ocrx_word' id='word_1_471' title='bbox 294 4996 342 5046; x_wconf 88' lang='lat' dir='ltr'><strong>mit</strong></span> <span class='ocrx_word' id='word_1_472' title='bbox 364 4995 434 5048; x_wconf 85' lang='lat' dir='ltr'><strong>allen</strong></span> <span class='ocrx_word' id='word_1_473' title='bbox 456 4997 549 5052; x_wconf 78' lang='lat' dir='ltr'><strong>seim</strong></span> <span class='ocrx_word' id='word_1_474' title='bbox 565 4997 699 5064; x_wconf 65' lang='lat' dir='ltr'><strong>Arabim</strong></span> <span class='ocrx_word' id='word_1_475' title='bbox 720 4997 766 5049; x_wconf 85' lang='lat' dir='ltr'><strong>bet</strong></span> <span class='ocrx_word' id='word_1_476' title='bbox 783 4993 927 5062; x_wconf 76' lang='lat' dir='ltr'><strong>Staphylus</strong></span> <span class='ocrx_word' id='word_1_477' title='bbox 948 4993 1036 5046; x_wconf 85' lang='lat' dir='ltr'><strong>niehts</strong></span> <span class='ocrx_word' id='word_1_478' title='bbox 1059 4991 1238 5060; x_wconf 75' lang='lat' dir='ltr'><strong>smgerichtet</strong></span> <span class='ocrx_word' id='word_1_479' title='bbox 1261 4988 1345 5052; x_wconf 85' lang='lat' dir='ltr'><strong>habe,</strong></span> <span class='ocrx_word' id='word_1_480' title='bbox 1367 4985 1432 5036; x_wconf 85' lang='lat' dir='ltr'><strong>eber</strong></span> 
     </span>
    </p>
   </div>
   <div class='ocr_carea' id='block_1_7' title="bbox 157 5097 1226 5146">
    <p class='ocr_par' dir='ltr' id='par_1_7' title="bbox 157 5097 1226 5146">
     <span class='ocr_line' id='line_1_47' title="bbox 157 5097 1226 5146; baseline 0.002 -6"><span class='ocrx_word' id='word_1_481' title='bbox 157 5101 261 5143; x_wconf 77' lang='lat' dir='ltr'><strong>ticket</strong></span> <span class='ocrx_word' id='word_1_482' title='bbox 279 5111 300 5144; x_wconf 89' lang='lat' dir='ltr'><strong>a.</strong></span> <span class='ocrx_word' id='word_1_483' title='bbox 315 5097 344 5140; x_wconf 81' lang='grc' dir='ltr'><strong>Θ.</strong></span> <span class='ocrx_word' id='word_1_484' title='bbox 357 5098 380 5142; x_wconf 87' lang='lat' dir='ltr'><strong>d.</strong></span> <span class='ocrx_word' id='word_1_485' title='bbox 394 5097 490 5142; x_wconf 73' lang='lat' dir='ltr'><strong>conella.</strong></span> <span class='ocrx_word' id='word_1_486' title='bbox 1194 5097 1226 5146; x_wconf 79' lang='grc'><strong>17</strong></span> 
     </span>
    </p>
   </div>
   <div class='ocr_carea' id='block_1_8' title="bbox 0 0 1771 5812">
    <p class='ocr_par' dir='ltr' id='par_1_8' title="bbox 0 0 1771 5812">
     <span class='ocr_line' id='line_1_48' title="bbox 0 0 1771 5812; baseline 0 0"><span class='ocrx_word' id='word_1_487' title='bbox 0 0 1771 5812; x_wconf 95' lang='lat' dir='ltr'><strong> </strong></span> 
     </span>
    </p>
   </div>
  </div>
 </body>
</html>
