<?xml version="1.0" encoding="UTF-8"?>
<!DOCTYPE html PUBLIC "-//W3C//DTD XHTML 1.0 Transitional//EN"
    "http://www.w3.org/TR/xhtml1/DTD/xhtml1-transitional.dtd">
<html xmlns="http://www.w3.org/1999/xhtml" xml:lang="en" lang="en">
 <head>
  <title>
</title>
<meta http-equiv="Content-Type" content="text/html;charset=utf-8" />
  <meta name='ocr-system' content='tesseract 3.04.00' />
  <meta name='ocr-capabilities' content='ocr_page ocr_carea ocr_par ocr_line ocrx_word'/>
</head>
<body>
  <div class='ocr_page' id='page_1' title='image "./zurgeschichtede00unkngoog/zurgeschichtede00unkngoog_0626.png"; bbox 0 0 3512 5838; ppageno 0'>
   <div class='ocr_carea' id='block_1_1' title="bbox 1366 508 1428 574">
    <p class='ocr_par' dir='ltr' id='par_1_1' title="bbox 1366 508 1428 574">
     <span class='ocr_line' id='line_1_1' title="bbox 1366 508 1428 574; baseline 0 -1"><span class='ocrx_word' id='word_1_1' title='bbox 1366 508 1428 574; x_wconf 63' lang='lat' dir='ltr'>‘ll</span> 
     </span>
    </p>
   </div>
   <div class='ocr_carea' id='block_1_2' title="bbox 81 692 1491 5123">
    <p class='ocr_par' dir='ltr' id='par_1_2' title="bbox 81 692 1491 5123">
     <span class='ocr_line' id='line_1_2' title="bbox 86 692 1427 783; baseline 0.004 -25"><span class='ocrx_word' id='word_1_2' title='bbox 86 693 186 760; x_wconf 84' lang='lat' dir='ltr'>istius</span> <span class='ocrx_word' id='word_1_3' title='bbox 224 697 278 764; x_wconf 89' lang='lat' dir='ltr'>rei</span> <span class='ocrx_word' id='word_1_4' title='bbox 310 695 456 764; x_wconf 74' lang='lat' dir='ltr'><strong>notitiam</strong></span> <span class='ocrx_word' id='word_1_5' title='bbox 489 694 696 780; x_wconf 77' lang='lat' dir='ltr'>haberemus,</span> <span class='ocrx_word' id='word_1_6' title='bbox 732 695 804 762; x_wconf 54' lang='grc' dir='ltr'>ΒΜ·</span> <span class='ocrx_word' id='word_1_7' title='bbox 827 693 870 762; x_wconf 90' lang='lat' dir='ltr'>D.</span> <span class='ocrx_word' id='word_1_8' title='bbox 898 692 1022 783; x_wconf 87' lang='lat' dir='ltr'>legatos</span> <span class='ocrx_word' id='word_1_9' title='bbox 1053 694 1211 762; x_wconf 80' lang='lat' dir='ltr'>adivimus</span> <span class='ocrx_word' id='word_1_10' title='bbox 1246 703 1282 762; x_wconf 91' lang='lat' dir='ltr'>ut</span> <span class='ocrx_word' id='word_1_11' title='bbox 1317 717 1427 764; x_wconf 90' lang='lat' dir='ltr'>eorum</span> 
     </span>
     <span class='ocr_line' id='line_1_3' title="bbox 85 798 1427 888; baseline 0.002 -25"><span class='ocrx_word' id='word_1_12' title='bbox 85 820 229 887; x_wconf 87' lang='lat' dir='ltr'>quoque</span> <span class='ocrx_word' id='word_1_13' title='bbox 262 802 453 868; x_wconf 74' lang='lat' dir='ltr'><strong>sententiam</strong></span> <span class='ocrx_word' id='word_1_14' title='bbox 480 803 514 867; x_wconf 93' lang='lat' dir='ltr'>in</span> <span class='ocrx_word' id='word_1_15' title='bbox 543 799 606 868; x_wconf 88' lang='lat' dir='ltr'>hac</span> <span class='ocrx_word' id='word_1_16' title='bbox 632 823 668 866; x_wconf 90' lang='lat' dir='ltr'>re</span> <span class='ocrx_word' id='word_1_17' title='bbox 701 798 966 884; x_wconf 88' lang='lat' dir='ltr'>intelligeremus,</span> <span class='ocrx_word' id='word_1_18' title='bbox 1003 799 1161 888; x_wconf 87' lang='lat' dir='ltr'>simulque</span> <span class='ocrx_word' id='word_1_19' title='bbox 1183 822 1369 886; x_wconf 75' lang='lat' dir='ltr'>rogaremus</span> <span class='ocrx_word' id='word_1_20' title='bbox 1391 809 1427 866; x_wconf 91' lang='lat' dir='ltr'>ut</span> 
     </span>
     <span class='ocr_line' id='line_1_4' title="bbox 84 900 1427 992; baseline 0.004 -27"><span class='ocrx_word' id='word_1_21' title='bbox 84 900 260 970; x_wconf 84' lang='lat' dir='ltr'>honestae</span> <span class='ocrx_word' id='word_1_22' title='bbox 295 906 442 992; x_wconf 88' lang='lat' dir='ltr'>petitioni</span> <span class='ocrx_word' id='word_1_23' title='bbox 473 903 524 970; x_wconf 94' lang='lat' dir='ltr'>Ill.</span> <span class='ocrx_word' id='word_1_24' title='bbox 557 904 600 969; x_wconf 91' lang='lat' dir='ltr'>D.</span> <span class='ocrx_word' id='word_1_25' title='bbox 634 905 758 970; x_wconf 90' lang='lat' dir='ltr'>comitis</span> <span class='ocrx_word' id='word_1_26' title='bbox 788 904 857 970; x_wconf 89' lang='lat' dir='ltr'>sine</span> <span class='ocrx_word' id='word_1_27' title='bbox 886 903 993 992; x_wconf 85' lang='lat' dir='ltr'>aliqua</span> <span class='ocrx_word' id='word_1_28' title='bbox 1027 902 1214 970; x_wconf 83' lang='lat' dir='ltr'>difficrrltate</span> <span class='ocrx_word' id='word_1_29' title='bbox 1249 913 1427 970; x_wconf 85' lang='lat' dir='ltr'>annuerent</span> 
     </span>
     <span class='ocr_line' id='line_1_5' title="bbox 89 1004 1428 1096; baseline 0.001 -26"><span class='ocrx_word' id='word_1_30' title='bbox 89 1004 289 1094; x_wconf 83' lang='lat' dir='ltr'>darentque</span> <span class='ocrx_word' id='word_1_31' title='bbox 328 1029 459 1096; x_wconf 87' lang='lat' dir='ltr'>operam</span> <span class='ocrx_word' id='word_1_32' title='bbox 494 1016 531 1072; x_wconf 90' lang='lat' dir='ltr'>ut</span> <span class='ocrx_word' id='word_1_33' title='bbox 566 1007 659 1074; x_wconf 86' lang='lat' dir='ltr'>iuxta</span> <span class='ocrx_word' id='word_1_34' title='bbox 693 1008 885 1095; x_wconf 88' lang='lat' dir='ltr'>promissum</span> <span class='ocrx_word' id='word_1_35' title='bbox 922 1029 1014 1072; x_wconf 91' lang='lat' dir='ltr'>suum</span> <span class='ocrx_word' id='word_1_36' title='bbox 1050 1005 1105 1072; x_wconf 86' lang='lat' dir='ltr'>illa</span> <span class='ocrx_word' id='word_1_37' title='bbox 1139 1005 1242 1072; x_wconf 88' lang='lat' dir='ltr'>verba</span> <span class='ocrx_word' id='word_1_38' title='bbox 1278 1006 1428 1094; x_wconf 84' lang='lat' dir='ltr'>ambigue</span> 
     </span>
     <span class='ocr_line' id='line_1_6' title="bbox 83 1108 1426 1198; baseline 0.001 -24"><span class='ocrx_word' id='word_1_39' title='bbox 83 1111 219 1196; x_wconf 88' lang='lat' dir='ltr'>posita,</span> <span class='ocrx_word' id='word_1_40' title='bbox 258 1134 299 1178; x_wconf 93' lang='lat' dir='ltr'>ne</span> <span class='ocrx_word' id='word_1_41' title='bbox 331 1112 366 1178; x_wconf 94' lang='lat' dir='ltr'>in</span> <span class='ocrx_word' id='word_1_42' title='bbox 399 1112 590 1198; x_wconf 86' lang='lat' dir='ltr'>cuiusquam</span> <span class='ocrx_word' id='word_1_43' title='bbox 621 1110 655 1176; x_wconf 92' lang='lat' dir='ltr'>in</span> <span class='ocrx_word' id='word_1_44' title='bbox 687 1119 852 1197; x_wconf 86' lang='lat' dir='ltr'>posterum</span> <span class='ocrx_word' id='word_1_45' title='bbox 883 1109 1113 1198; x_wconf 91' lang='lat' dir='ltr'>praeiudicium</span> <span class='ocrx_word' id='word_1_46' title='bbox 1136 1108 1298 1187; x_wconf 88' lang='lat' dir='ltr'>caderent,</span> <span class='ocrx_word' id='word_1_47' title='bbox 1327 1109 1426 1198; x_wconf 88' lang='lat' dir='ltr'>expli-</span> 
     </span>
     <span class='ocr_line' id='line_1_7' title="bbox 84 1211 1425 1302; baseline 0.001 -24"><span class='ocrx_word' id='word_1_48' title='bbox 84 1225 263 1280; x_wconf 88' lang='lat' dir='ltr'>carentur.</span> <span class='ocrx_word' id='word_1_49' title='bbox 295 1237 486 1302; x_wconf 87' lang='lat' dir='ltr'>responsum</span> <span class='ocrx_word' id='word_1_50' title='bbox 507 1213 602 1280; x_wconf 89' lang='lat' dir='ltr'>nobis</span> <span class='ocrx_word' id='word_1_51' title='bbox 623 1223 691 1278; x_wconf 91' lang='lat' dir='ltr'>tum</span> <span class='ocrx_word' id='word_1_52' title='bbox 712 1213 782 1298; x_wconf 80' lang='lat' dir='ltr'>firit,</span> <span class='ocrx_word' id='word_1_53' title='bbox 813 1236 848 1280; x_wconf 88' lang='lat' dir='ltr'>se</span> <span class='ocrx_word' id='word_1_54' title='bbox 871 1212 1001 1302; x_wconf 87' lang='lat' dir='ltr'>quidem</span> <span class='ocrx_word' id='word_1_55' title='bbox 1022 1213 1147 1280; x_wconf 90' lang='lat' dir='ltr'>nescire</span> <span class='ocrx_word' id='word_1_56' title='bbox 1172 1213 1257 1280; x_wconf 90' lang='lat' dir='ltr'>unde</span> <span class='ocrx_word' id='word_1_57' title='bbox 1281 1211 1345 1280; x_wconf 94' lang='lat' dir='ltr'>hoc</span> <span class='ocrx_word' id='word_1_58' title='bbox 1369 1236 1425 1280; x_wconf 94' lang='lat' dir='ltr'>no-</span> 
     </span>
     <span class='ocr_line' id='line_1_8' title="bbox 83 1305 1426 1407; baseline 0 -25"><span class='ocrx_word' id='word_1_59' title='bbox 83 1339 169 1382; x_wconf 90' lang='lat' dir='ltr'>vum</span> <span class='ocrx_word' id='word_1_60' title='bbox 193 1317 467 1407; x_wconf 75' lang='lat' dir='ltr'>impedimentum</span> <span class='ocrx_word' id='word_1_61' title='bbox 489 1326 594 1384; x_wconf 91' lang='lat' dir='ltr'>ortum</span> <span class='ocrx_word' id='word_1_62' title='bbox 615 1315 734 1382; x_wconf 87' lang='lat' dir='ltr'>habeat</span> <span class='ocrx_word' id='word_1_63' title='bbox 756 1314 896 1405; x_wconf 90' lang='lat' dir='ltr'>quidque</span> <span class='ocrx_word' id='word_1_64' title='bbox 918 1316 989 1404; x_wconf 90' lang='lat' dir='ltr'>ipse</span> <span class='ocrx_word' id='word_1_65' title='bbox 1002 1315 1045 1382; x_wconf 92' lang='lat' dir='ltr'>D.</span> <span class='ocrx_word' id='word_1_66' title='bbox 1061 1339 1167 1382; x_wconf 87' lang='lat' dir='ltr'>comes</span> <span class='ocrx_word' id='word_1_67' title='bbox 1189 1315 1252 1382; x_wconf 90' lang='lat' dir='ltr'>hae</span> <span class='ocrx_word' id='word_1_68' title='bbox 1273 1305 1426 1402; x_wconf 86' lang='lat' dir='ltr'>petitione</span> 
     </span>
     <span class='ocr_line' id='line_1_9' title="bbox 83 1418 1426 1508; baseline 0 -24"><span class='ocrx_word' id='word_1_69' title='bbox 83 1419 152 1486; x_wconf 90' lang='lat' dir='ltr'>boc</span> <span class='ocrx_word' id='word_1_70' title='bbox 176 1431 333 1508; x_wconf 92' lang='lat' dir='ltr'>tempore</span> <span class='ocrx_word' id='word_1_71' title='bbox 355 1421 416 1486; x_wconf 89' lang='lat' dir='ltr'>sibi</span> <span class='ocrx_word' id='word_1_72' title='bbox 438 1419 525 1504; x_wconf 92' lang='lat' dir='ltr'>velit,</span> <span class='ocrx_word' id='word_1_73' title='bbox 548 1420 689 1486; x_wconf 85' lang='lat' dir='ltr'>maxime</span> <span class='ocrx_word' id='word_1_74' title='bbox 711 1443 784 1485; x_wconf 91' lang='lat' dir='ltr'>cum</span> <span class='ocrx_word' id='word_1_75' title='bbox 806 1420 938 1486; x_wconf 90' lang='lat' dir='ltr'>videant</span> <span class='ocrx_word' id='word_1_76' title='bbox 959 1418 1001 1486; x_wconf 95' lang='lat' dir='ltr'>ab</span> <span class='ocrx_word' id='word_1_77' title='bbox 1024 1419 1171 1486; x_wconf 82' lang='lat' dir='ltr'>omnibus</span> <span class='ocrx_word' id='word_1_78' title='bbox 1193 1418 1250 1485; x_wconf 88' lang='lat' dir='ltr'>diu</span> <span class='ocrx_word' id='word_1_79' title='bbox 1267 1418 1426 1486; x_wconf 87' lang='lat' dir='ltr'>desidera-</span> 
     </span>
     <span class='ocr_line' id='line_1_10' title="bbox 83 1521 1425 1610; baseline 0 -22"><span class='ocrx_word' id='word_1_80' title='bbox 83 1533 156 1588; x_wconf 87' lang='lat' dir='ltr'>tam</span> <span class='ocrx_word' id='word_1_81' title='bbox 183 1534 223 1590; x_wconf 89' lang='lat' dir='ltr'>et</span> <span class='ocrx_word' id='word_1_82' title='bbox 248 1525 425 1610; x_wconf 87' lang='lat' dir='ltr'>expetitam</span> <span class='ocrx_word' id='word_1_83' title='bbox 446 1523 705 1591; x_wconf 84' lang='lat' dir='ltr'>reformationem</span> <span class='ocrx_word' id='word_1_84' title='bbox 735 1523 798 1589; x_wconf 89' lang='lat' dir='ltr'>bac</span> <span class='ocrx_word' id='word_1_85' title='bbox 825 1545 912 1588; x_wconf 92' lang='lat' dir='ltr'>nova</span> <span class='ocrx_word' id='word_1_86' title='bbox 934 1521 1121 1588; x_wconf 86' lang='lat' dir='ltr'>difficultate</span> <span class='ocrx_word' id='word_1_87' title='bbox 1150 1521 1360 1590; x_wconf 90' lang='lat' dir='ltr'>vehementer</span> <span class='ocrx_word' id='word_1_88' title='bbox 1380 1525 1425 1589; x_wconf 93' lang='lat' dir='ltr'>in-</span> 
     </span>
     <span class='ocr_line' id='line_1_11' title="bbox 82 1625 1424 1712; baseline -0.001 -20"><span class='ocrx_word' id='word_1_89' title='bbox 82 1627 275 1693; x_wconf 85' lang='lat' dir='ltr'>terturban&#39;</span> <span class='ocrx_word' id='word_1_90' title='bbox 297 1637 329 1692; x_wconf 91' lang='lat' dir='ltr'>et</span> <span class='ocrx_word' id='word_1_91' title='bbox 350 1627 435 1693; x_wconf 93' lang='lat' dir='ltr'>hanc</span> <span class='ocrx_word' id='word_1_92' title='bbox 455 1651 525 1694; x_wconf 90' lang='lat' dir='ltr'>rem</span> <span class='ocrx_word' id='word_1_93' title='bbox 547 1625 610 1692; x_wconf 87' lang='lat' dir='ltr'>alio</span> <span class='ocrx_word' id='word_1_94' title='bbox 633 1625 841 1692; x_wconf 78' lang='lat' dir='ltr'>commodiori</span> <span class='ocrx_word' id='word_1_95' title='bbox 855 1634 1000 1712; x_wconf 89' lang='lat' dir='ltr'>tempore</span> <span class='ocrx_word' id='word_1_96' title='bbox 1023 1625 1220 1692; x_wconf 82' lang='lat' dir='ltr'>commodius</span> <span class='ocrx_word' id='word_1_97' title='bbox 1235 1627 1424 1712; x_wconf 81' lang='lat' dir='ltr'>pertractari</span> 
     </span>
     <span class='ocr_line' id='line_1_12' title="bbox 81 1728 1422 1818; baseline 0 -22"><span class='ocrx_word' id='word_1_98' title='bbox 81 1753 206 1817; x_wconf 78' lang='lat' dir='ltr'>poss03</span> <span class='ocrx_word' id='word_1_99' title='bbox 244 1740 352 1796; x_wconf 88' lang='lat' dir='ltr'>tamen</span> <span class='ocrx_word' id='word_1_100' title='bbox 374 1753 410 1798; x_wconf 90' lang='lat' dir='ltr'>se</span> <span class='ocrx_word' id='word_1_101' title='bbox 431 1729 524 1810; x_wconf 86' lang='lat' dir='ltr'>velle,</span> <span class='ocrx_word' id='word_1_102' title='bbox 559 1729 818 1818; x_wconf 77' lang='lat' dir='ltr'>quandocunque</span> <span class='ocrx_word' id='word_1_103' title='bbox 847 1750 955 1796; x_wconf 88' lang='lat' dir='ltr'>comcs</span> <span class='ocrx_word' id='word_1_104' title='bbox 986 1732 1056 1817; x_wconf 89' lang='lat' dir='ltr'>ipse</span> <span class='ocrx_word' id='word_1_105' title='bbox 1089 1728 1237 1811; x_wconf 88' lang='lat' dir='ltr'>voluerit,</span> <span class='ocrx_word' id='word_1_106' title='bbox 1273 1738 1306 1794; x_wconf 92' lang='lat' dir='ltr'>et</span> <span class='ocrx_word' id='word_1_107' title='bbox 1327 1729 1422 1796; x_wconf 88' lang='lat' dir='ltr'>fidem</span> 
     </span>
     <span class='ocr_line' id='line_1_13' title="bbox 82 1833 1417 1921; baseline 0.002 -24"><span class='ocrx_word' id='word_1_108' title='bbox 82 1855 185 1899; x_wconf 89' lang='lat' dir='ltr'>suam</span> <span class='ocrx_word' id='word_1_109' title='bbox 211 1833 261 1900; x_wconf 91' lang='lat' dir='ltr'>illi</span> <span class='ocrx_word' id='word_1_110' title='bbox 288 1833 397 1902; x_wconf 88' lang='lat' dir='ltr'>datam</span> <span class='ocrx_word' id='word_1_111' title='bbox 424 1834 581 1902; x_wconf 89' lang='lat' dir='ltr'>redimere</span> <span class='ocrx_word' id='word_1_112' title='bbox 610 1843 642 1900; x_wconf 91' lang='lat' dir='ltr'>et</span> <span class='ocrx_word' id='word_1_113' title='bbox 668 1833 814 1920; x_wconf 86' lang='lat' dir='ltr'>petitioni</span> <span class='ocrx_word' id='word_1_114' title='bbox 843 1835 942 1921; x_wconf 90' lang='lat' dir='ltr'>ipsius</span> <span class='ocrx_word' id='word_1_115' title='bbox 971 1834 1172 1918; x_wconf 84' lang='lat' dir='ltr'>satisfacere;</span> <span class='ocrx_word' id='word_1_116' title='bbox 1207 1855 1322 1900; x_wconf 90' lang='lat' dir='ltr'>verum</span> <span class='ocrx_word' id='word_1_117' title='bbox 1344 1855 1417 1900; x_wconf 90' lang='lat' dir='ltr'>cum</span> 
     </span>
     <span class='ocr_line' id='line_1_14' title="bbox 83 1936 1424 2027; baseline 0.001 -26"><span class='ocrx_word' id='word_1_118' title='bbox 83 1947 191 2003; x_wconf 88' lang='lat' dir='ltr'>antea</span> <span class='ocrx_word' id='word_1_119' title='bbox 216 1937 267 2003; x_wconf 91' lang='lat' dir='ltr'>illi</span> <span class='ocrx_word' id='word_1_120' title='bbox 288 1941 407 2027; x_wconf 84' lang='lat' dir='ltr'>scripto</span> <span class='ocrx_word' id='word_1_121' title='bbox 441 1961 499 2004; x_wconf 87' lang='lat' dir='ltr'>suo</span> <span class='ocrx_word' id='word_1_122' title='bbox 532 1939 753 2024; x_wconf 87' lang='lat' dir='ltr'>promiserint,</span> <span class='ocrx_word' id='word_1_123' title='bbox 787 1959 859 2004; x_wconf 89' lang='lat' dir='ltr'>sese</span> <span class='ocrx_word' id='word_1_124' title='bbox 887 1949 1054 2004; x_wconf 90' lang='lat' dir='ltr'>curaturos</span> <span class='ocrx_word' id='word_1_125' title='bbox 1077 1945 1113 2002; x_wconf 91' lang='lat' dir='ltr'>ut</span> <span class='ocrx_word' id='word_1_126' title='bbox 1134 1936 1217 2002; x_wconf 89' lang='lat' dir='ltr'>baec</span> <span class='ocrx_word' id='word_1_127' title='bbox 1248 1958 1300 2001; x_wconf 89' lang='lat' dir='ltr'>res</span> <span class='ocrx_word' id='word_1_128' title='bbox 1333 1937 1424 2002; x_wconf 89' lang='lat' dir='ltr'>iuxta</span> 
     </span>
     <span class='ocr_line' id='line_1_15' title="bbox 82 2039 1423 2130; baseline 0.003 -26"><span class='ocrx_word' id='word_1_129' title='bbox 82 2047 244 2106; x_wconf 86' lang='lat' dir='ltr'>tenorem</span> <span class='ocrx_word' id='word_1_130' title='bbox 268 2051 300 2107; x_wconf 91' lang='lat' dir='ltr'>et</span> <span class='ocrx_word' id='word_1_131' title='bbox 321 2042 554 2130; x_wconf 88' lang='lat' dir='ltr'>praescriptum</span> <span class='ocrx_word' id='word_1_132' title='bbox 582 2039 692 2108; x_wconf 83' lang='lat' dir='ltr'>brevis</span> <span class='ocrx_word' id='word_1_133' title='bbox 716 2040 885 2128; x_wconf 88' lang='lat' dir='ltr'>apostolici</span> <span class='ocrx_word' id='word_1_134' title='bbox 914 2039 956 2106; x_wconf 93' lang='lat' dir='ltr'>ad</span> <span class='ocrx_word' id='word_1_135' title='bbox 979 2040 1237 2107; x_wconf 84' lang='lat' dir='ltr'>sollicitationem</span> <span class='ocrx_word' id='word_1_136' title='bbox 1259 2050 1423 2108; x_wconf 88' lang='lat' dir='ltr'>oratorum</span> 
     </span>
     <span class='ocr_line' id='line_1_16' title="bbox 84 2140 1422 2234; baseline 0.003 -27"><span class='ocrx_word' id='word_1_137' title='bbox 84 2140 200 2208; x_wconf 52' lang='lat' dir='ltr'>Cethe</span> <span class='ocrx_word' id='word_1_138' title='bbox 223 2147 309 2231; x_wconf 82' lang='lat' dir='ltr'>regis</span> <span class='ocrx_word' id='word_1_139' title='bbox 333 2146 389 2234; x_wconf 88' lang='lat' dir='ltr'>qui</span> <span class='ocrx_word' id='word_1_140' title='bbox 410 2148 443 2211; x_wconf 92' lang='lat' dir='ltr'>in</span> <span class='ocrx_word' id='word_1_141' title='bbox 466 2144 555 2211; x_wconf 91' lang='lat' dir='ltr'>Urbe</span> <span class='ocrx_word' id='word_1_142' title='bbox 572 2152 646 2210; x_wconf 87' lang='lat' dir='ltr'>eunt</span> <span class='ocrx_word' id='word_1_143' title='bbox 663 2146 809 2212; x_wconf 87' lang='lat' dir='ltr'>concessi</span> <span class='ocrx_word' id='word_1_144' title='bbox 823 2145 1012 2232; x_wconf 88' lang='lat' dir='ltr'>explicetur,</span> <span class='ocrx_word' id='word_1_145' title='bbox 1036 2167 1070 2210; x_wconf 91' lang='lat' dir='ltr'>se</span> <span class='ocrx_word' id='word_1_146' title='bbox 1092 2166 1197 2231; x_wconf 90' lang='lat' dir='ltr'>neque</span> <span class='ocrx_word' id='word_1_147' title='bbox 1218 2141 1303 2208; x_wconf 91' lang='lat' dir='ltr'>velle</span> <span class='ocrx_word' id='word_1_148' title='bbox 1317 2167 1422 2231; x_wconf 88' lang='lat' dir='ltr'>neque</span> 
     </span>
     <span class='ocr_line' id='line_1_17' title="bbox 81 2246 1422 2336; baseline 0.003 -26"><span class='ocrx_word' id='word_1_149' title='bbox 81 2266 191 2330; x_wconf 90' lang='lat' dir='ltr'>posse</span> <span class='ocrx_word' id='word_1_150' title='bbox 216 2246 315 2312; x_wconf 85' lang='lat' dir='ltr'>alium</span> <span class='ocrx_word' id='word_1_151' title='bbox 338 2248 483 2314; x_wconf 91' lang='lat' dir='ltr'>ordinem</span> <span class='ocrx_word' id='word_1_152' title='bbox 504 2250 538 2314; x_wconf 92' lang='lat' dir='ltr'>in</span> <span class='ocrx_word' id='word_1_153' title='bbox 560 2269 599 2314; x_wconf 88' lang='lat' dir='ltr'>ea</span> <span class='ocrx_word' id='word_1_154' title='bbox 618 2271 655 2313; x_wconf 90' lang='lat' dir='ltr'>re</span> <span class='ocrx_word' id='word_1_155' title='bbox 677 2271 806 2316; x_wconf 87' lang='lat' dir='ltr'>servare</span> <span class='ocrx_word' id='word_1_156' title='bbox 829 2271 926 2336; x_wconf 87' lang='lat' dir='ltr'>quam</span> <span class='ocrx_word' id='word_1_157' title='bbox 949 2250 1005 2335; x_wconf 90' lang='lat' dir='ltr'>qui</span> <span class='ocrx_word' id='word_1_158' title='bbox 1027 2271 1047 2314; x_wconf 87' lang='lat' dir='ltr'>a</span> <span class='ocrx_word' id='word_1_159' title='bbox 1069 2247 1124 2314; x_wconf 70' lang='lat'>8²²⁰</span> <span class='ocrx_word' id='word_1_160' title='bbox 1137 2246 1265 2314; x_wconf 90' lang='lat' dir='ltr'>domino</span> <span class='ocrx_word' id='word_1_161' title='bbox 1287 2250 1320 2312; x_wconf 93' lang='lat' dir='ltr'>in</span> <span class='ocrx_word' id='word_1_162' title='bbox 1337 2248 1422 2314; x_wconf 90' lang='lat' dir='ltr'>dicto</span> 
     </span>
     <span class='ocr_line' id='line_1_18' title="bbox 82 2347 1423 2439; baseline 0.003 -26"><span class='ocrx_word' id='word_1_163' title='bbox 82 2347 186 2416; x_wconf 90' lang='lat' dir='ltr'>brevi</span> <span class='ocrx_word' id='word_1_164' title='bbox 210 2353 431 2438; x_wconf 87' lang='lat' dir='ltr'>praescriptus</span> <span class='ocrx_word' id='word_1_165' title='bbox 454 2361 547 2434; x_wconf 86' lang='lat' dir='ltr'>esset,</span> <span class='ocrx_word' id='word_1_166' title='bbox 570 2353 805 2439; x_wconf 88' lang='lat' dir='ltr'>praescriptum</span> <span class='ocrx_word' id='word_1_167' title='bbox 827 2362 934 2418; x_wconf 89' lang='lat' dir='ltr'>autem</span> <span class='ocrx_word' id='word_1_168' title='bbox 950 2375 1021 2419; x_wconf 87' lang='lat' dir='ltr'>esse</span> <span class='ocrx_word' id='word_1_169' title='bbox 1035 2362 1072 2418; x_wconf 89' lang='lat' dir='ltr'>ut</span> <span class='ocrx_word' id='word_1_170' title='bbox 1086 2351 1210 2438; x_wconf 82' lang='lat' dir='ltr'>synodo</span> <span class='ocrx_word' id='word_1_171' title='bbox 1225 2362 1423 2439; x_wconf 88' lang='lat' dir='ltr'>proponatur</span> 
     </span>
     <span class='ocr_line' id='line_1_19' title="bbox 82 2453 1423 2544; baseline 0.003 -28"><span class='ocrx_word' id='word_1_172' title='bbox 82 2475 264 2541; x_wconf 88' lang='lat' dir='ltr'>nunquam</span> <span class='ocrx_word' id='word_1_173' title='bbox 284 2454 383 2522; x_wconf 86' lang='lat' dir='ltr'>fuisse</span> <span class='ocrx_word' id='word_1_174' title='bbox 405 2477 478 2522; x_wconf 89' lang='lat' dir='ltr'>eam</span> <span class='ocrx_word' id='word_1_175' title='bbox 498 2463 638 2522; x_wconf 90' lang='lat' dir='ltr'>mentem</span> <span class='ocrx_word' id='word_1_176' title='bbox 662 2454 694 2522; x_wconf 83' lang='lat' dir='ltr'>S.</span> <span class='ocrx_word' id='word_1_177' title='bbox 719 2453 767 2522; x_wconf 73' lang='lat' dir='ltr'>ss.</span> <span class='ocrx_word' id='word_1_178' title='bbox 789 2479 894 2544; x_wconf 88' lang='lat' dir='ltr'>neque</span> <span class='ocrx_word' id='word_1_179' title='bbox 922 2457 1017 2521; x_wconf 89' lang='lat' dir='ltr'>etiam</span> <span class='ocrx_word' id='word_1_180' title='bbox 1045 2454 1224 2539; x_wconf 84' lang='lat' dir='ltr'>legatorum</span> <span class='ocrx_word' id='word_1_181' title='bbox 1248 2467 1304 2521; x_wconf 89' lang='lat' dir='ltr'>aut</span> <span class='ocrx_word' id='word_1_182' title='bbox 1326 2457 1423 2522; x_wconf 89' lang='lat' dir='ltr'>etiam</span> 
     </span>
     <span class='ocr_line' id='line_1_20' title="bbox 84 2556 1422 2647; baseline 0.003 -27"><span class='ocrx_word' id='word_1_183' title='bbox 84 2565 227 2641; x_wconf 82' lang='lat' dir='ltr'>patmm</span> <span class='ocrx_word' id='word_1_184' title='bbox 249 2560 304 2645; x_wconf 86' lang='lat' dir='ltr'>qui</span> <span class='ocrx_word' id='word_1_185' title='bbox 326 2556 373 2624; x_wconf 91' lang='lat' dir='ltr'>illi</span> <span class='ocrx_word' id='word_1_186' title='bbox 394 2559 518 2645; x_wconf 87' lang='lat' dir='ltr'>primae</span> <span class='ocrx_word' id='word_1_187' title='bbox 533 2559 669 2624; x_wconf 86' lang='lat' dir='ltr'>sessioni</span> <span class='ocrx_word' id='word_1_188' title='bbox 683 2558 902 2644; x_wconf 86' lang='lat' dir='ltr'>interfuerunt,</span> <span class='ocrx_word' id='word_1_189' title='bbox 926 2570 963 2624; x_wconf 90' lang='lat' dir='ltr'>ut</span> <span class='ocrx_word' id='word_1_190' title='bbox 983 2558 1033 2624; x_wconf 91' lang='lat' dir='ltr'>his</span> <span class='ocrx_word' id='word_1_191' title='bbox 1048 2557 1155 2624; x_wconf 88' lang='lat' dir='ltr'>verbis</span> <span class='ocrx_word' id='word_1_192' title='bbox 1170 2559 1422 2647; x_wconf 86' lang='lat' dir='ltr'>proponentibus</span> 
     </span>
     <span class='ocr_line' id='line_1_21' title="bbox 83 2657 1420 2750; baseline 0.004 -27"><span class='ocrx_word' id='word_1_193' title='bbox 83 2657 212 2745; x_wconf 87' lang='lat' dir='ltr'>legatis</span> <span class='ocrx_word' id='word_1_194' title='bbox 236 2660 363 2726; x_wconf 89' lang='lat' dir='ltr'>concilii</span> <span class='ocrx_word' id='word_1_195' title='bbox 384 2660 517 2728; x_wconf 87' lang='lat' dir='ltr'>libertas</span> <span class='ocrx_word' id='word_1_196' title='bbox 539 2660 736 2741; x_wconf 87' lang='lat' dir='ltr'>laederetur,</span> <span class='ocrx_word' id='word_1_197' title='bbox 766 2663 824 2729; x_wconf 88' lang='lat' dir='ltr'>sed</span> <span class='ocrx_word' id='word_1_198' title='bbox 851 2672 888 2728; x_wconf 92' lang='lat' dir='ltr'>ut</span> <span class='ocrx_word' id='word_1_199' title='bbox 915 2663 1059 2729; x_wconf 82' lang='lat' dir='ltr'>confirsio</span> <span class='ocrx_word' id='word_1_200' title='bbox 1090 2664 1281 2745; x_wconf 82' lang='lat' dir='ltr'>evitaretur,</span> <span class='ocrx_word' id='word_1_201' title='bbox 1312 2664 1420 2750; x_wconf 88' lang='lat' dir='ltr'>itaque</span> 
     </span>
     <span class='ocr_line' id='line_1_22' title="bbox 86 2761 1420 2852; baseline 0.004 -25"><span class='ocrx_word' id='word_1_202' title='bbox 86 2761 230 2828; x_wconf 84' lang='lat' dir='ltr'>arbitrio</span> <span class='ocrx_word' id='word_1_203' title='bbox 252 2765 354 2850; x_wconf 88' lang='lat' dir='ltr'>ipsius</span> <span class='ocrx_word' id='word_1_204' title='bbox 377 2765 494 2851; x_wconf 83' lang='lat' dir='ltr'>synodi</span> <span class='ocrx_word' id='word_1_205' title='bbox 514 2763 653 2852; x_wconf 88' lang='lat' dir='ltr'>relinqui</span> <span class='ocrx_word' id='word_1_206' title='bbox 675 2765 744 2830; x_wconf 87' lang='lat' dir='ltr'>sive</span> <span class='ocrx_word' id='word_1_207' title='bbox 766 2787 806 2832; x_wconf 89' lang='lat' dir='ltr'>ea</span> <span class='ocrx_word' id='word_1_208' title='bbox 827 2764 928 2832; x_wconf 89' lang='lat' dir='ltr'>verba</span> <span class='ocrx_word' id='word_1_209' title='bbox 950 2767 1079 2832; x_wconf 90' lang='lat' dir='ltr'>omnino</span> <span class='ocrx_word' id='word_1_210' title='bbox 1095 2765 1163 2833; x_wconf 87' lang='lat' dir='ltr'>tolli</span> <span class='ocrx_word' id='word_1_211' title='bbox 1179 2767 1246 2832; x_wconf 83' lang='lat' dir='ltr'>sive</span> <span class='ocrx_word' id='word_1_212' title='bbox 1267 2767 1420 2852; x_wconf 77' lang='lat' dir='ltr'>interpre</span> 
     </span>
     <span class='ocr_line' id='line_1_23' title="bbox 85 2866 1419 2956; baseline 0.001 -26"><span class='ocrx_word' id='word_1_213' title='bbox 85 2867 152 2930; x_wconf 87' lang='lat' dir='ltr'>tari</span> <span class='ocrx_word' id='word_1_214' title='bbox 178 2866 268 2950; x_wconf 89' lang='lat' dir='ltr'>velit,</span> <span class='ocrx_word' id='word_1_215' title='bbox 291 2878 388 2956; x_wconf 90' lang='lat' dir='ltr'>atque</span> <span class='ocrx_word' id='word_1_216' title='bbox 410 2869 472 2934; x_wconf 91' lang='lat' dir='ltr'>boc</span> <span class='ocrx_word' id='word_1_217' title='bbox 494 2891 529 2934; x_wconf 91' lang='lat' dir='ltr'>se</span> <span class='ocrx_word' id='word_1_218' title='bbox 551 2868 603 2934; x_wconf 90' lang='lat' dir='ltr'>vel</span> <span class='ocrx_word' id='word_1_219' title='bbox 626 2870 766 2935; x_wconf 88' lang='lat' dir='ltr'>crastino</span> <span class='ocrx_word' id='word_1_220' title='bbox 790 2869 843 2934; x_wconf 90' lang='lat' dir='ltr'>die</span> <span class='ocrx_word' id='word_1_221' title='bbox 865 2869 1011 2955; x_wconf 88' lang='lat' dir='ltr'>patribus</span> <span class='ocrx_word' id='word_1_222' title='bbox 1034 2870 1254 2956; x_wconf 87' lang='lat' dir='ltr'>proposituros</span> <span class='ocrx_word' id='word_1_223' title='bbox 1281 2891 1361 2947; x_wconf 86' lang='lat' dir='ltr'>esse,</span> <span class='ocrx_word' id='word_1_224' title='bbox 1393 2870 1419 2933; x_wconf 88' lang='lat' dir='ltr'>ai</span> 
     </span>
     <span class='ocr_line' id='line_1_24' title="bbox 87 2970 1419 3060; baseline 0.003 -28"><span class='ocrx_word' id='word_1_225' title='bbox 87 2989 204 3036; x_wconf 86' lang='lat' dir='ltr'>comes</span> <span class='ocrx_word' id='word_1_226' title='bbox 227 2971 273 3036; x_wconf 90' lang='lat' dir='ltr'>ita</span> <span class='ocrx_word' id='word_1_227' title='bbox 294 2970 390 3038; x_wconf 85' lang='lat' dir='ltr'>volet</span> <span class='ocrx_word' id='word_1_228' title='bbox 413 2971 495 3036; x_wconf 93' lang='lat' dir='ltr'>illud</span> <span class='ocrx_word' id='word_1_229' title='bbox 515 2995 593 3038; x_wconf 86' lang='lat' dir='ltr'>vero</span> <span class='ocrx_word' id='word_1_230' title='bbox 617 2971 706 3060; x_wconf 90' lang='lat' dir='ltr'>quod</span> <span class='ocrx_word' id='word_1_231' title='bbox 726 2971 776 3038; x_wconf 87' lang='lat' dir='ltr'>Ill.</span> <span class='ocrx_word' id='word_1_232' title='bbox 799 2972 842 3038; x_wconf 92' lang='lat' dir='ltr'>D.</span> <span class='ocrx_word' id='word_1_233' title='bbox 866 2995 974 3038; x_wconf 89' lang='lat' dir='ltr'>eomes</span> <span class='ocrx_word' id='word_1_234' title='bbox 996 2972 1037 3038; x_wconf 95' lang='lat' dir='ltr'>ab</span> <span class='ocrx_word' id='word_1_235' title='bbox 1060 2971 1139 3058; x_wconf 89' lang='lat' dir='ltr'>ipsis</span> <span class='ocrx_word' id='word_1_236' title='bbox 1154 2981 1287 3058; x_wconf 87' lang='lat' dir='ltr'>peteret,</span> <span class='ocrx_word' id='word_1_237' title='bbox 1311 2980 1346 3035; x_wconf 91' lang='lat' dir='ltr'>ut</span> <span class='ocrx_word' id='word_1_238' title='bbox 1360 2973 1419 3038; x_wconf 89' lang='lat' dir='ltr'>sci·</span> 
     </span>
     <span class='ocr_line' id='line_1_25' title="bbox 85 3067 1418 3162; baseline 0.004 -28"><span class='ocrx_word' id='word_1_239' title='bbox 85 3067 168 3139; x_wconf 92' lang='lat' dir='ltr'>licet</span> <span class='ocrx_word' id='word_1_240' title='bbox 192 3074 322 3159; x_wconf 88' lang='lat' dir='ltr'>ipsimet</span> <span class='ocrx_word' id='word_1_241' title='bbox 344 3073 441 3162; x_wconf 88' lang='lat' dir='ltr'>legati</span> <span class='ocrx_word' id='word_1_242' title='bbox 464 3074 633 3141; x_wconf 81' lang='lat' dir='ltr'>formulam</span> <span class='ocrx_word' id='word_1_243' title='bbox 662 3076 886 3162; x_wconf 87' lang='lat' dir='ltr'>explicationis</span> <span class='ocrx_word' id='word_1_244' title='bbox 909 3074 1035 3140; x_wconf 90' lang='lat' dir='ltr'>illorum</span> <span class='ocrx_word' id='word_1_245' title='bbox 1063 3074 1236 3141; x_wconf 88' lang='lat' dir='ltr'>verborum</span> <span class='ocrx_word' id='word_1_246' title='bbox 1263 3076 1418 3161; x_wconf 83' lang='lat' dir='ltr'>praescri·</span> 
     </span>
     <span class='ocr_line' id='line_1_26' title="bbox 88 3171 1419 3266; baseline 0.005 -28"><span class='ocrx_word' id='word_1_247' title='bbox 88 3171 210 3241; x_wconf 88' lang='lat' dir='ltr'>berent</span> <span class='ocrx_word' id='word_1_248' title='bbox 230 3177 441 3265; x_wconf 84' lang='lat' dir='ltr'>patribusque</span> <span class='ocrx_word' id='word_1_249' title='bbox 462 3178 540 3264; x_wconf 88' lang='lat' dir='ltr'>ipsis</span> <span class='ocrx_word' id='word_1_250' title='bbox 569 3189 800 3265; x_wconf 88' lang='lat' dir='ltr'>proponerent,</span> <span class='ocrx_word' id='word_1_251' title='bbox 831 3202 866 3244; x_wconf 92' lang='lat' dir='ltr'>se</span> <span class='ocrx_word' id='word_1_252' title='bbox 895 3179 1002 3245; x_wconf 85' lang='lat' dir='ltr'>iacere</span> <span class='ocrx_word' id='word_1_253' title='bbox 1030 3201 1096 3244; x_wconf 91' lang='lat' dir='ltr'>non</span> <span class='ocrx_word' id='word_1_254' title='bbox 1123 3201 1229 3265; x_wconf 90' lang='lat' dir='ltr'>posse,</span> <span class='ocrx_word' id='word_1_255' title='bbox 1252 3187 1320 3242; x_wconf 91' lang='lat' dir='ltr'>tum</span> <span class='ocrx_word' id='word_1_256' title='bbox 1342 3180 1419 3266; x_wconf 88' lang='lat' dir='ltr'>quia</span> 
     </span>
     <span class='ocr_line' id='line_1_27' title="bbox 87 3277 1418 3368; baseline 0.005 -28"><span class='ocrx_word' id='word_1_257' title='bbox 87 3279 212 3361; x_wconf 84' lang='lat' dir='ltr'>synodi</span> <span class='ocrx_word' id='word_1_258' title='bbox 233 3277 373 3346; x_wconf 88' lang='lat' dir='ltr'>libertati</span> <span class='ocrx_word' id='word_1_259' title='bbox 395 3303 459 3346; x_wconf 94' lang='lat' dir='ltr'>non</span> <span class='ocrx_word' id='word_1_260' title='bbox 482 3303 596 3366; x_wconf 85' lang='lat' dir='ltr'>parum</span> <span class='ocrx_word' id='word_1_261' title='bbox 618 3280 880 3366; x_wconf 89' lang='lat' dir='ltr'>preiudicaretur,</span> <span class='ocrx_word' id='word_1_262' title='bbox 910 3291 977 3346; x_wconf 90' lang='lat' dir='ltr'>tum</span> <span class='ocrx_word' id='word_1_263' title='bbox 1005 3283 1082 3368; x_wconf 90' lang='lat' dir='ltr'>quia</span> <span class='ocrx_word' id='word_1_264' title='bbox 1108 3280 1224 3346; x_wconf 90' lang='lat' dir='ltr'>limites</span> <span class='ocrx_word' id='word_1_265' title='bbox 1252 3302 1418 3346; x_wconf 88' lang='lat' dir='ltr'>asummo</span> 
     </span>
     <span class='ocr_line' id='line_1_28' title="bbox 87 3381 1420 3472; baseline 0.003 -27"><span class='ocrx_word' id='word_1_266' title='bbox 87 3381 246 3464; x_wconf 88' lang='lat' dir='ltr'>pontifice</span> <span class='ocrx_word' id='word_1_267' title='bbox 269 3382 330 3448; x_wconf 92' lang='lat' dir='ltr'>sibi</span> <span class='ocrx_word' id='word_1_268' title='bbox 351 3385 385 3448; x_wconf 92' lang='lat' dir='ltr'>in</span> <span class='ocrx_word' id='word_1_269' title='bbox 406 3382 468 3448; x_wconf 88' lang='lat' dir='ltr'>hac</span> <span class='ocrx_word' id='word_1_270' title='bbox 500 3404 536 3448; x_wconf 89' lang='lat' dir='ltr'>re</span> <span class='ocrx_word' id='word_1_271' title='bbox 566 3384 783 3469; x_wconf 87' lang='lat' dir='ltr'>praescriptos</span> <span class='ocrx_word' id='word_1_272' title='bbox 819 3383 976 3448; x_wconf 88' lang='lat' dir='ltr'>excedere</span> <span class='ocrx_word' id='word_1_273' title='bbox 1009 3384 1204 3451; x_wconf 87' lang='lat' dir='ltr'>viderentur.</span> <span class='ocrx_word' id='word_1_274' title='bbox 1237 3384 1300 3450; x_wconf 92' lang='lat' dir='ltr'>hoc</span> <span class='ocrx_word' id='word_1_275' title='bbox 1321 3385 1420 3472; x_wconf 90' lang='lat' dir='ltr'>igitur</span> 
     </span>
     <span class='ocr_line' id='line_1_29' title="bbox 87 3484 1417 3573; baseline 0.005 -26"><span class='ocrx_word' id='word_1_276' title='bbox 87 3504 285 3572; x_wconf 84' lang='lat' dir='ltr'>responsum</span> <span class='ocrx_word' id='word_1_277' title='bbox 308 3508 382 3552; x_wconf 89' lang='lat' dir='ltr'>cum</span> <span class='ocrx_word' id='word_1_278' title='bbox 404 3484 454 3552; x_wconf 92' lang='lat' dir='ltr'>Ill.</span> <span class='ocrx_word' id='word_1_279' title='bbox 478 3485 519 3549; x_wconf 93' lang='lat' dir='ltr'>D.</span> <span class='ocrx_word' id='word_1_280' title='bbox 543 3486 658 3552; x_wconf 88' lang='lat' dir='ltr'>comite</span> <span class='ocrx_word' id='word_1_281' title='bbox 681 3486 999 3552; x_wconf 86' lang='lat' dir='ltr'>communicavimus.</span> <span class='ocrx_word' id='word_1_282' title='bbox 1023 3486 1080 3552; x_wconf 88' lang='lat' dir='ltr'>sed</span> <span class='ocrx_word' id='word_1_283' title='bbox 1102 3509 1167 3554; x_wconf 91' lang='lat' dir='ltr'>non</span> <span class='ocrx_word' id='word_1_284' title='bbox 1189 3488 1267 3554; x_wconf 90' lang='lat' dir='ltr'>satis</span> <span class='ocrx_word' id='word_1_285' title='bbox 1289 3486 1334 3552; x_wconf 93' lang='lat' dir='ltr'>illi</span> <span class='ocrx_word' id='word_1_286' title='bbox 1348 3487 1417 3573; x_wconf 89' lang='lat' dir='ltr'>pla·</span> 
     </span>
     <span class='ocr_line' id='line_1_30' title="bbox 88 3587 1418 3677; baseline 0.004 -26"><span class='ocrx_word' id='word_1_287' title='bbox 88 3590 169 3668; x_wconf 88' lang='lat' dir='ltr'>cuit,</span> <span class='ocrx_word' id='word_1_288' title='bbox 193 3611 232 3654; x_wconf 90' lang='lat' dir='ltr'>eo</span> <span class='ocrx_word' id='word_1_289' title='bbox 255 3589 344 3677; x_wconf 92' lang='lat' dir='ltr'>quod</span> <span class='ocrx_word' id='word_1_290' title='bbox 366 3587 559 3675; x_wconf 85' lang='lat' dir='ltr'>intelligeret</span> <span class='ocrx_word' id='word_1_291' title='bbox 582 3588 642 3654; x_wconf 91' lang='lat' dir='ltr'>sub</span> <span class='ocrx_word' id='word_1_292' title='bbox 664 3588 699 3654; x_wconf 92' lang='lat' dir='ltr'>id</span> <span class='ocrx_word' id='word_1_293' title='bbox 720 3598 926 3676; x_wconf 84' lang='lat' dir='ltr'>tempusque</span> <span class='ocrx_word' id='word_1_294' title='bbox 954 3590 1062 3655; x_wconf 87' lang='lat' dir='ltr'>insciis</span> <span class='ocrx_word' id='word_1_295' title='bbox 1090 3588 1182 3656; x_wconf 93' lang='lat' dir='ltr'>nobis</span> <span class='ocrx_word' id='word_1_296' title='bbox 1211 3613 1283 3656; x_wconf 92' lang='lat' dir='ltr'>cum</span> <span class='ocrx_word' id='word_1_297' title='bbox 1311 3589 1352 3656; x_wconf 91' lang='lat' dir='ltr'>D.</span> <span class='ocrx_word' id='word_1_298' title='bbox 1375 3589 1418 3656; x_wconf 91' lang='lat' dir='ltr'>le·</span> 
     </span>
     <span class='ocr_line' id='line_1_31' title="bbox 89 3691 1416 3779; baseline 0.002 -23"><span class='ocrx_word' id='word_1_299' title='bbox 89 3693 179 3775; x_wconf 88' lang='lat' dir='ltr'>gatis</span> <span class='ocrx_word' id='word_1_300' title='bbox 202 3713 300 3779; x_wconf 91' lang='lat' dir='ltr'>super</span> <span class='ocrx_word' id='word_1_301' title='bbox 322 3715 361 3760; x_wconf 90' lang='lat' dir='ltr'>ea</span> <span class='ocrx_word' id='word_1_302' title='bbox 381 3714 417 3758; x_wconf 90' lang='lat' dir='ltr'>re</span> <span class='ocrx_word' id='word_1_303' title='bbox 439 3701 650 3770; x_wconf 87' lang='lat' dir='ltr'>tractaverat,</span> <span class='ocrx_word' id='word_1_304' title='bbox 680 3701 807 3758; x_wconf 90' lang='lat' dir='ltr'>centum</span> <span class='ocrx_word' id='word_1_305' title='bbox 835 3702 866 3758; x_wconf 91' lang='lat' dir='ltr'>et</span> <span class='ocrx_word' id='word_1_306' title='bbox 895 3691 1032 3778; x_wconf 89' lang='lat' dir='ltr'>amplius</span> <span class='ocrx_word' id='word_1_307' title='bbox 1060 3703 1177 3779; x_wconf 89' lang='lat' dir='ltr'>patrea,</span> <span class='ocrx_word' id='word_1_308' title='bbox 1200 3695 1343 3760; x_wconf 90' lang='lat' dir='ltr'>nescitur</span> <span class='ocrx_word' id='word_1_309' title='bbox 1364 3717 1416 3759; x_wconf 91' lang='lat' dir='ltr'>cu—</span> 
     </span>
     <span class='ocr_line' id='line_1_32' title="bbox 88 3792 1419 3883; baseline 0.004 -26"><span class='ocrx_word' id='word_1_310' title='bbox 88 3792 140 3860; x_wconf 90' lang='lat' dir='ltr'>ius</span> <span class='ocrx_word' id='word_1_311' title='bbox 165 3796 336 3880; x_wconf 87' lang='lat' dir='ltr'>instinctu,</span> <span class='ocrx_word' id='word_1_312' title='bbox 371 3805 482 3862; x_wconf 89' lang='lat' dir='ltr'>contra</span> <span class='ocrx_word' id='word_1_313' title='bbox 509 3795 593 3860; x_wconf 89' lang='lat' dir='ltr'>hanc</span> <span class='ocrx_word' id='word_1_314' title='bbox 620 3797 872 3882; x_wconf 89' lang='lat' dir='ltr'>propositionem</span> <span class='ocrx_word' id='word_1_315' title='bbox 900 3797 1110 3883; x_wconf 86' lang='lat' dir='ltr'>conspirasse.</span> <span class='ocrx_word' id='word_1_316' title='bbox 1146 3799 1255 3882; x_wconf 88' lang='lat' dir='ltr'>itaque</span> <span class='ocrx_word' id='word_1_317' title='bbox 1283 3796 1419 3863; x_wconf 85' lang='lat' dir='ltr'>remita</span> 
     </span>
     <span class='ocr_line' id='line_1_33' title="bbox 90 3895 1416 3986; baseline 0.004 -25"><span class='ocrx_word' id='word_1_318' title='bbox 90 3895 224 3964; x_wconf 88' lang='lat' dir='ltr'>dubiam</span> <span class='ocrx_word' id='word_1_319' title='bbox 248 3898 292 3964; x_wconf 89' lang='lat' dir='ltr'>ad</span> <span class='ocrx_word' id='word_1_320' title='bbox 314 3909 481 3985; x_wconf 86' lang='lat' dir='ltr'>suspectos</span> <span class='ocrx_word' id='word_1_321' title='bbox 504 3899 740 3986; x_wconf 87' lang='lat' dir='ltr'>quodammodo</span> <span class='ocrx_word' id='word_1_322' title='bbox 763 3897 886 3964; x_wconf 87' lang='lat' dir='ltr'>iudices</span> <span class='ocrx_word' id='word_1_323' title='bbox 908 3899 1026 3965; x_wconf 88' lang='lat' dir='ltr'>referre</span> <span class='ocrx_word' id='word_1_324' title='bbox 1049 3901 1144 3964; x_wconf 90' lang='lat' dir='ltr'>etiam</span> <span class='ocrx_word' id='word_1_325' title='bbox 1159 3909 1268 3966; x_wconf 87' lang='lat' dir='ltr'>nostro</span> <span class='ocrx_word' id='word_1_326' title='bbox 1285 3899 1416 3966; x_wconf 88' lang='lat' dir='ltr'>consilio</span> 
     </span>
     <span class='ocr_line' id='line_1_34' title="bbox 88 4001 1416 4090; baseline 0.003 -26"><span class='ocrx_word' id='word_1_327' title='bbox 88 4003 263 4084; x_wconf 87' lang='lat' dir='ltr'>recusavit,</span> <span class='ocrx_word' id='word_1_328' title='bbox 286 4003 476 4089; x_wconf 89' lang='lat' dir='ltr'>pracsertim</span> <span class='ocrx_word' id='word_1_329' title='bbox 498 4001 561 4068; x_wconf 92' lang='lat' dir='ltr'>hoc</span> <span class='ocrx_word' id='word_1_330' title='bbox 583 4011 726 4088; x_wconf 88' lang='lat' dir='ltr'>ternpore</span> <span class='ocrx_word' id='word_1_331' title='bbox 749 4025 822 4068; x_wconf 89' lang='lat' dir='ltr'>cum</span> <span class='ocrx_word' id='word_1_332' title='bbox 843 4002 904 4066; x_wconf 72' lang='grc' dir='ltr'>Βῃιο</span> <span class='ocrx_word' id='word_1_333' title='bbox 924 4002 967 4067; x_wconf 96' lang='lat' dir='ltr'>D.</span> <span class='ocrx_word' id='word_1_334' title='bbox 983 4001 1017 4067; x_wconf 88' lang='lat' dir='ltr'>C.</span> <span class='ocrx_word' id='word_1_335' title='bbox 1034 4002 1233 4090; x_wconf 88' lang='lat' dir='ltr'>Lotbaringo</span> <span class='ocrx_word' id='word_1_336' title='bbox 1252 4018 1284 4069; x_wconf 88' lang='lat' dir='ltr'>et</span> <span class='ocrx_word' id='word_1_337' title='bbox 1298 4025 1416 4088; x_wconf 89' lang='lat' dir='ltr'>magna</span> 
     </span>
     <span class='ocr_line' id='line_1_35' title="bbox 87 4103 1415 4193; baseline 0.002 -24"><span class='ocrx_word' id='word_1_338' title='bbox 87 4115 184 4188; x_wconf 90' lang='lat' dir='ltr'>parte</span> <span class='ocrx_word' id='word_1_339' title='bbox 207 4103 375 4171; x_wconf 79' lang='lat' dir='ltr'>Gallorum</span> <span class='ocrx_word' id='word_1_340' title='bbox 399 4107 634 4193; x_wconf 90' lang='lat' dir='ltr'>episcoporum,</span> <span class='ocrx_word' id='word_1_341' title='bbox 656 4104 819 4172; x_wconf 89' lang='lat' dir='ltr'>nonnullis</span> <span class='ocrx_word' id='word_1_342' title='bbox 841 4106 937 4170; x_wconf 88' lang='lat' dir='ltr'>etiam</span> <span class='ocrx_word' id='word_1_343' title='bbox 959 4105 1115 4192; x_wconf 88' lang='lat' dir='ltr'>Hispanis</span> <span class='ocrx_word' id='word_1_344' title='bbox 1137 4105 1325 4174; x_wconf 89' lang='lat' dir='ltr'>absentibus</span> <span class='ocrx_word' id='word_1_345' title='bbox 1348 4107 1415 4172; x_wconf 83' lang='lat' dir='ltr'>fere</span> 
     </span>
     <span class='ocr_line' id='line_1_36' title="bbox 88 4207 1491 4296; baseline 0.004 -26"><span class='ocrx_word' id='word_1_346' title='bbox 88 4207 150 4274; x_wconf 89' lang='lat' dir='ltr'>soli</span> <span class='ocrx_word' id='word_1_347' title='bbox 172 4209 236 4296; x_wconf 90' lang='lat' dir='ltr'>ipsi</span> <span class='ocrx_word' id='word_1_348' title='bbox 252 4209 389 4274; x_wconf 77' lang='lat' dir='ltr'>cruiales</span> <span class='ocrx_word' id='word_1_349' title='bbox 404 4231 539 4295; x_wconf 87' lang='lat' dir='ltr'>regnare</span> <span class='ocrx_word' id='word_1_350' title='bbox 556 4208 736 4276; x_wconf 89' lang='lat' dir='ltr'>videantur.</span> <span class='ocrx_word' id='word_1_351' title='bbox 760 4231 799 4274; x_wconf 91' lang='lat' dir='ltr'>ac</span> <span class='ocrx_word' id='word_1_352' title='bbox 814 4231 887 4274; x_wconf 89' lang='lat' dir='ltr'>cum</span> <span class='ocrx_word' id='word_1_353' title='bbox 902 4207 1084 4275; x_wconf 88' lang='lat' dir='ltr'>videremur</span> <span class='ocrx_word' id='word_1_354' title='bbox 1098 4211 1251 4296; x_wconf 90' lang='lat' dir='ltr'>temporis</span> <span class='ocrx_word' id='word_1_355' title='bbox 1265 4212 1415 4296; x_wconf 83' lang='lat' dir='ltr'>angustia</span> <span class='ocrx_word' id='word_1_356' title='bbox 1487 4265 1491 4276; x_wconf 94' lang='lat'><strong>.</strong></span> 
     </span>
     <span class='ocr_line' id='line_1_37' title="bbox 88 4310 1415 4400; baseline 0.003 -24"><span class='ocrx_word' id='word_1_357' title='bbox 88 4313 192 4396; x_wconf 90' lang='lat' dir='ltr'>premi</span> <span class='ocrx_word' id='word_1_358' title='bbox 213 4333 346 4400; x_wconf 88' lang='lat' dir='ltr'>remque</span> <span class='ocrx_word' id='word_1_359' title='bbox 368 4313 480 4399; x_wconf 88' lang='lat' dir='ltr'>magni</span> <span class='ocrx_word' id='word_1_360' title='bbox 502 4313 656 4378; x_wconf 90' lang='lat' dir='ltr'>momenti</span> <span class='ocrx_word' id='word_1_361' title='bbox 677 4335 757 4395; x_wconf 91' lang='lat' dir='ltr'>esse,</span> <span class='ocrx_word' id='word_1_362' title='bbox 779 4310 951 4378; x_wconf 89' lang='lat' dir='ltr'>videbatur</span> <span class='ocrx_word' id='word_1_363' title='bbox 973 4312 1067 4378; x_wconf 94' lang='lat' dir='ltr'>nobis</span> <span class='ocrx_word' id='word_1_364' title='bbox 1088 4311 1172 4378; x_wconf 89' lang='lat' dir='ltr'>hano</span> <span class='ocrx_word' id='word_1_365' title='bbox 1193 4335 1262 4378; x_wconf 91' lang='lat' dir='ltr'>rem</span> <span class='ocrx_word' id='word_1_366' title='bbox 1282 4315 1415 4380; x_wconf 84' lang='lat' dir='ltr'>nonita</span> 
     </span>
     <span class='ocr_line' id='line_1_38' title="bbox 88 4413 1413 4502; baseline 0.004 -23"><span class='ocrx_word' id='word_1_367' title='bbox 88 4416 367 4502; x_wconf 86' lang='lat' dir='ltr'>praecipitandam</span> <span class='ocrx_word' id='word_1_368' title='bbox 391 4438 472 4482; x_wconf 88' lang='lat' dir='ltr'>ease.</span> <span class='ocrx_word' id='word_1_369' title='bbox 496 4413 742 4482; x_wconf 89' lang='lat' dir='ltr'>consulebamus</span> <span class='ocrx_word' id='word_1_370' title='bbox 769 4415 832 4502; x_wconf 87' lang='lat' dir='ltr'>ipsi</span> <span class='ocrx_word' id='word_1_371' title='bbox 860 4415 902 4480; x_wconf 94' lang='lat' dir='ltr'>D.</span> <span class='ocrx_word' id='word_1_372' title='bbox 931 4415 1040 4480; x_wconf 89' lang='lat' dir='ltr'>comiti</span> <span class='ocrx_word' id='word_1_373' title='bbox 1066 4424 1102 4480; x_wconf 90' lang='lat' dir='ltr'>ut</span> <span class='ocrx_word' id='word_1_374' title='bbox 1131 4416 1260 4481; x_wconf 90' lang='lat' dir='ltr'>interim</span> <span class='ocrx_word' id='word_1_375' title='bbox 1287 4415 1413 4484; x_wconf 88' lang='lat' dir='ltr'>abhoc</span> 
     </span>
     <span class='ocr_line' id='line_1_39' title="bbox 89 4517 1414 4607; baseline 0.005 -27"><span class='ocrx_word' id='word_1_376' title='bbox 89 4518 220 4604; x_wconf 87' lang='lat' dir='ltr'>negotio</span> <span class='ocrx_word' id='word_1_377' title='bbox 244 4519 478 4606; x_wconf 88' lang='lat' dir='ltr'>supersederet,</span> <span class='ocrx_word' id='word_1_378' title='bbox 503 4518 606 4584; x_wconf 89' lang='lat' dir='ltr'>donec</span> <span class='ocrx_word' id='word_1_379' title='bbox 628 4519 694 4583; x_wconf 78' lang='lat' dir='ltr'><strong>M²··</strong></span> <span class='ocrx_word' id='word_1_380' title='bbox 708 4518 748 4584; x_wconf 89' lang='lat' dir='ltr'>V.</span> <span class='ocrx_word' id='word_1_381' title='bbox 766 4517 798 4583; x_wconf 86' lang='lat' dir='ltr'>S.</span> <span class='ocrx_word' id='word_1_382' title='bbox 823 4542 865 4584; x_wconf 90' lang='lat' dir='ltr'>ex</span> <span class='ocrx_word' id='word_1_383' title='bbox 881 4519 974 4586; x_wconf 88' lang='lat' dir='ltr'>nobis</span> <span class='ocrx_word' id='word_1_384' title='bbox 989 4517 1181 4605; x_wconf 87' lang='lat' dir='ltr'>intelligeret</span> <span class='ocrx_word' id='word_1_385' title='bbox 1196 4541 1258 4607; x_wconf 91' lang='lat' dir='ltr'>quo</span> <span class='ocrx_word' id='word_1_386' title='bbox 1281 4521 1315 4586; x_wconf 90' lang='lat' dir='ltr'>in</span> <span class='ocrx_word' id='word_1_387' title='bbox 1329 4529 1414 4586; x_wconf 88' lang='lat' dir='ltr'>statu</span> 
     </span>
     <span class='ocr_line' id='line_1_40' title="bbox 91 4621 1413 4711; baseline 0.005 -27"><span class='ocrx_word' id='word_1_388' title='bbox 91 4621 379 4708; x_wconf 87' lang='lat' dir='ltr'>inpraesentiarum</span> <span class='ocrx_word' id='word_1_389' title='bbox 401 4623 453 4688; x_wconf 91' lang='lat' dir='ltr'>hic</span> <span class='ocrx_word' id='word_1_390' title='bbox 475 4645 527 4687; x_wconf 89' lang='lat' dir='ltr'>res</span> <span class='ocrx_word' id='word_1_391' title='bbox 550 4623 614 4688; x_wconf 90' lang='lat' dir='ltr'>sint</span> <span class='ocrx_word' id='word_1_392' title='bbox 636 4622 794 4709; x_wconf 89' lang='lat' dir='ltr'>simulque</span> <span class='ocrx_word' id='word_1_393' title='bbox 822 4645 882 4688; x_wconf 89' lang='lat' dir='ltr'>nos</span> <span class='ocrx_word' id='word_1_394' title='bbox 909 4622 1059 4688; x_wconf 89' lang='lat' dir='ltr'>edoceret</span> <span class='ocrx_word' id='word_1_395' title='bbox 1086 4622 1163 4710; x_wconf 92' lang='lat' dir='ltr'>quid</span> <span class='ocrx_word' id='word_1_396' title='bbox 1191 4645 1287 4709; x_wconf 92' lang='lat' dir='ltr'>porro</span> <span class='ocrx_word' id='word_1_397' title='bbox 1317 4646 1413 4711; x_wconf 88' lang='lat' dir='ltr'>agen·</span> 
     </span>
     <span class='ocr_line' id='line_1_41' title="bbox 90 4721 1479 4813; baseline 0.003 -25"><span class='ocrx_word' id='word_1_398' title='bbox 90 4721 166 4788; x_wconf 89' lang='lat' dir='ltr'>dum</span> <span class='ocrx_word' id='word_1_399' title='bbox 189 4725 280 4790; x_wconf 84' lang='lat' dir='ltr'>foret.</span> <span class='ocrx_word' id='word_1_400' title='bbox 304 4723 358 4790; x_wconf 90' lang='lat' dir='ltr'>ille</span> <span class='ocrx_word' id='word_1_401' title='bbox 380 4725 511 4790; x_wconf 89' lang='lat' dir='ltr'>tandem</span> <span class='ocrx_word' id='word_1_402' title='bbox 534 4723 702 4790; x_wconf 86' lang='lat' dir='ltr'>consilium</span> <span class='ocrx_word' id='word_1_403' title='bbox 734 4747 825 4790; x_wconf 88' lang='lat' dir='ltr'>auum</span> <span class='ocrx_word' id='word_1_404' title='bbox 854 4725 948 4792; x_wconf 90' lang='lat' dir='ltr'>nobis</span> <span class='ocrx_word' id='word_1_405' title='bbox 969 4726 1171 4791; x_wconf 82' lang='lat' dir='ltr'>manifestius</span> <span class='ocrx_word' id='word_1_406' title='bbox 1201 4728 1342 4813; x_wconf 88' lang='lat' dir='ltr'>aperuit,</span> <span class='ocrx_word' id='word_1_407' title='bbox 1373 4751 1408 4792; x_wconf 90' lang='lat' dir='ltr'>se</span> <span class='ocrx_word' id='word_1_408' title='bbox 1472 4727 1479 4748; x_wconf 82' lang='lat'>&#39;</span> 
     </span>
     <span class='ocr_line' id='line_1_42' title="bbox 90 4827 1408 4918; baseline 0.005 -28"><span class='ocrx_word' id='word_1_409' title='bbox 90 4827 212 4894; x_wconf 89' lang='lat' dir='ltr'>scilicet</span> <span class='ocrx_word' id='word_1_410' title='bbox 232 4838 404 4914; x_wconf 88' lang='lat' dir='ltr'>propterea</span> <span class='ocrx_word' id='word_1_411' title='bbox 425 4829 520 4894; x_wconf 89' lang='lat' dir='ltr'>huius</span> <span class='ocrx_word' id='word_1_412' title='bbox 544 4830 591 4893; x_wconf 92' lang='lat' dir='ltr'>rei</span> <span class='ocrx_word' id='word_1_413' title='bbox 614 4827 863 4914; x_wconf 87' lang='lat' dir='ltr'>explicationem</span> <span class='ocrx_word' id='word_1_414' title='bbox 885 4851 972 4894; x_wconf 90' lang='lat' dir='ltr'>nunc</span> <span class='ocrx_word' id='word_1_415' title='bbox 992 4851 1123 4914; x_wconf 87' lang='lat' dir='ltr'>urgere,</span> <span class='ocrx_word' id='word_1_416' title='bbox 1153 4839 1190 4894; x_wconf 91' lang='lat' dir='ltr'>ut</span> <span class='ocrx_word' id='word_1_417' title='bbox 1210 4830 1256 4895; x_wconf 95' lang='lat' dir='ltr'>illi</span> <span class='ocrx_word' id='word_1_418' title='bbox 1279 4853 1408 4918; x_wconf 90' lang='lat' dir='ltr'>quoque</span> 
     </span>
     <span class='ocr_line' id='line_1_43' title="bbox 88 4926 1406 5020; baseline 0.003 -26"><span class='ocrx_word' id='word_1_419' title='bbox 88 4926 198 4998; x_wconf 88' lang='lat' dir='ltr'>liceret</span> <span class='ocrx_word' id='word_1_420' title='bbox 220 4931 381 5017; x_wconf 89' lang='lat' dir='ltr'>quaedam</span> <span class='ocrx_word' id='word_1_421' title='bbox 403 4955 584 5018; x_wconf 89' lang='lat' dir='ltr'>proponere</span> <span class='ocrx_word' id='word_1_422' title='bbox 607 4953 690 5019; x_wconf 88' lang='lat' dir='ltr'>quae</span> <span class='ocrx_word' id='word_1_423' title='bbox 713 4953 755 4996; x_wconf 92' lang='lat' dir='ltr'>ex</span> <span class='ocrx_word' id='word_1_424' title='bbox 779 4931 935 4997; x_wconf 90' lang='lat' dir='ltr'>diametro</span> <span class='ocrx_word' id='word_1_425' title='bbox 963 4940 1108 5018; x_wconf 87' lang='lat' dir='ltr'>pugnant</span> <span class='ocrx_word' id='word_1_426' title='bbox 1135 4955 1209 4998; x_wconf 90' lang='lat' dir='ltr'>cum</span> <span class='ocrx_word' id='word_1_427' title='bbox 1237 4933 1299 4998; x_wconf 90' lang='lat' dir='ltr'>illis</span> <span class='ocrx_word' id='word_1_428' title='bbox 1323 4955 1406 5020; x_wconf 89' lang='lat' dir='ltr'>quae</span> 
     </span>
     <span class='ocr_line' id='line_1_44' title="bbox 89 5034 1404 5123; baseline 0.003 -25"><span class='ocrx_word' id='word_1_429' title='bbox 89 5036 194 5123; x_wconf 90' lang='lat' dir='ltr'>capite</span> <span class='ocrx_word' id='word_1_430' title='bbox 215 5034 269 5102; x_wconf 95' lang='lat' dir='ltr'>illo</span> <span class='ocrx_word' id='word_1_431' title='bbox 292 5035 333 5100; x_wconf 90' lang='lat' dir='ltr'>de</span> <span class='ocrx_word' id='word_1_432' title='bbox 355 5035 545 5102; x_wconf 88' lang='lat' dir='ltr'>secularium</span> <span class='ocrx_word' id='word_1_433' title='bbox 576 5035 762 5123; x_wconf 89' lang='lat' dir='ltr'>principum</span> <span class='ocrx_word' id='word_1_434' title='bbox 783 5035 1011 5102; x_wconf 89' lang='lat' dir='ltr'>reformatione</span> <span class='ocrx_word' id='word_1_435' title='bbox 1045 5037 1261 5122; x_wconf 70' lang='lat' dir='ltr'>anunente,</span> <span class='ocrx_word' id='word_1_436' title='bbox 1294 5045 1331 5102; x_wconf 88' lang='lat' dir='ltr'>ut</span> <span class='ocrx_word' id='word_1_437' title='bbox 1351 5034 1404 5103; x_wconf 90' lang='lat' dir='ltr'>vel</span> 
     </span>
    </p>
   </div>
   <div class='ocr_carea' id='block_1_3' title="bbox 0 0 1760 5838">
    <p class='ocr_par' dir='ltr' id='par_1_3' title="bbox 0 0 1760 5838">
     <span class='ocr_line' id='line_1_45' title="bbox 0 0 1760 5838; baseline 0 1"><span class='ocrx_word' id='word_1_438' title='bbox 0 0 1760 5838; x_wconf 95' lang='lat' dir='ltr'> </span> 
     </span>
    </p>
   </div>
  </div>
 </body>
</html>
