3450 5818
334 531 399 594 84⁸

337 717 471 782 deloco
494 735 686 804 quamtum
706 715 840 781 Venetis
863 723 895 780 et
918 735 991 780 cum
1013 712 1171 779 Helvetiis
1193 713 1300 780 habet
1334 713 1508 781 nVenetis
1536 715 1679 806 quidem

335 821 500 908 impetrari
521 841 685 907 nunquam
707 821 820 906 potuit,
842 829 878 884 nt
899 818 1021 883 tamdiu
1045 817 1156 884 saltem
1178 817 1338 897 abessent,
1362 817 1465 885 donec
1481 822 1545 885 iste
1564 829 1678 884 orator

337 947 428 990 suam
449 922 643 1010 legationem
672 933 862 1010 exponeret;
894 924 1003 1010 itaque
1027 930 1083 987 aut
1117 921 1246 988 domum
1274 923 1305 988 ei
1326 920 1529 988 redeundum
1555 922 1679 988 fuisset

336 1035 392 1092 aut
419 1026 538 1093 frustra
563 1023 617 1092 bic
646 1025 923 1102 commorandum,
955 1034 987 1090 et
1008 1026 1073 1090 iam
1103 1023 1145 1090 ab
1167 1023 1241 1090 Ill¹²³⁰
1265 1024 1307 1089 D.
1337 1025 1420 1092 duce
1447 1025 1587 1092 domino
1619 1048 1678 1090 suo

336 1130 522 1196 mandatum
543 1129 701 1195 habuerat
722 1139 766 1214 ut,
790 1132 817 1194 si
832 1131 990 1216 potiorem
1010 1126 1117 1194 locum
1138 1127 1258 1194 habere
1273 1151 1339 1194 non
1352 1139 1471 1216 posset,
1493 1152 1532 1194 re
1550 1127 1679 1193 infecta

338 1233 468 1298 domum
488 1241 711 1298 reverteretur.
734 1254 793 1297 nos
816 1255 889 1296 cum
911 1230 997 1296 illius
1020 1231 1198 1296 discessum
1220 1229 1288 1296 111⁸*
1300 1230 1343 1294 Ι).
1362 1230 1453 1296 ducis
1464 1233 1596 1297 nomini
1613 1255 1678 1296 non

337 1359 582 1425 usquequaque
603 1335 693 1402 laudi
715 1335 857 1400 futurum
879 1334 1070 1416 videremus,
1094 1343 1162 1399 turn
1184 1333 1271 1424 apud
1283 1333 1469 1416 catholicos,
1492 1343 1569 1400 tum
1587 1334 1677 1421 apud

337 1449 551 1528 protestantes
575 1441 629 1526 qui
651 1440 713 1506 boo
736 1462 864 1527 quoque
887 1437 1008 1502 factum
1029 1438 1072 1502 ad
1092 1460 1157 1503 non
1179 1437 1329 1503 veniendi
1346 1439 1599 1504 excusationem
1616 1449 1678 1502 na-

337 1544 413 1608 bere
435 1553 576 1629 possent,
599 1552 631 1608 et
652 1542 713 1608 boe
734 1543 905 1628 negocium
928 1539 969 1606 de
985 1543 1207 1607 communione
1230 1541 1290 1606 sub
1314 1550 1451 1631 utraque
1474 1543 1592 1628 specie
1608 1541 1678 1628 plu-

337 1649 453 1712 rimum
467 1646 679 1720 interturbari
701 1668 797 1732 posse
818 1644 1080 1732 intelligeremus,
1103 1653 1231 1710 autores
1254 1647 1284 1710 ei
1305 1643 1423 1711 fuimns
1446 1655 1482 1711 ιιι
1502 1644 1676 1710 audientia

340 1749 472 1816 obtenta
501 1751 534 1814 in
556 1749 723 1836 publicum
744 1748 887 1836 prodiret
909 1759 941 1814 et
962 1751 1029 1814 iam
1050 1745 1181 1814 tandem
1204 1771 1287 1836 quae
1309 1751 1461 1837 princeps
1477 1771 1560 1814 suus
1577 1745 1676 1813 vellet

339 1851 474 1918 coneilio
504 1861 681 1940 exponeret
704 1903 711 1917 .
734 1902 742 1918 .
766 1901 773 1917 .
796 1875 837 1918 ne
866 1851 909 1918 ob
932 1851 1017 1918 hane
1038 1851 1299 1938 praecedentiam
1331 1875 1384 1919 res
1408 1853 1491 1917 tanti
1513 1851 1674 1917 momenti

342 1953 568 2042 negligeretur,
592 1978 674 2044 qnae
690 1957 718 2020 si
732 1977 819 2020 nune
834 1955 948 2020 confici
970 1977 1034 2020 non
1049 1964 1167 2043 posset,
1190 1954 1326 2044 posthac
1347 1956 1466 2020 frustra
1488 1955 1604 2020 omnia
1625 1976 1671 2017 re-

339 2058 445 2124 media
459 2067 667 2126 tentarentur.
690 2062 775 2125 intra
789 2081 910 2146 paucos
927 2061 1011 2124 enim
1027 2057 1096 2124 dies
1113 2057 1277 2124 decretum
1292 2061 1325 2124 in
1341 2057 1529 2124 alterutram
1545 2067 1672 2145 partem

340 2162 519 2228 confectum
535 2165 574 2227 iri
588 2162 809 2247 credebamus,
825 2162 880 2228 cui
889 2160 977 2226 nullo
993 2183 1067 2228 cum
1082 2161 1295 2228 emolumento
1307 2173 1421 2250 postea
1433 2163 1536 2228 obniti
1553 2169 1671 2249 posset,

341 2273 375 2332 et
395 2265 574 2353 periculum
597 2267 726 2332 omnino
750 2289 820 2332 esse
843 2265 1178 2330 animadvertebamue
1201 2288 1242 2331 ne
1265 2275 1489 2354 contraquam
1513 2263 1671 2331 vellemus

337 2369 579 2453 decerneretur,
603 2391 800 2458 quamquam
828 2392 869 2434 ne
890 2390 978 2434 nunc
1000 2366 1131 2456 quidem
1161 2379 1248 2434 certo
1278 2379 1419 2434 statuere
1440 2390 1619 2457 possumus
1641 2367 1669 2429 in

282 2511 288 2520 ·
339 2495 434 2560 quam
456 2483 581 2560 partem
602 2496 656 2538 res
678 2475 720 2537 sit
742 2496 867 2556 casura,
891 2495 964 2538 cum
984 2471 1197 2558 plurimorum
1218 2472 1318 2538 animi
1341 2495 1379 2538 eo
1402 2471 1563 2539 inclinare
1586 2470 1669 2534 vide·

338 2585 434 2642 antur
455 2597 496 2642 ne
518 2576 606 2642 calix
626 2575 717 2642 laicis
739 2575 814 2642 ullis
829 2574 1067 2642 conditionibus
1082 2573 1289 2660 concedatur,
1313 2578 1347 2640 in
1369 2598 1435 2663 qua
1449 2575 1587 2662 quidem
1603 2597 1667 2638 sen·

337 2690 438 2754 tentia
468 2684 509 2750 ab
537 2680 693 2767 Hispanis
722 2679 880 2766 theologis
903 2680 1081 2745 confirmati
1105 2689 1204 2746 erant.
1230 2681 1341 2767 itaque
1364 2680 1404 2744 27
1428 2679 1525 2744 huius
1549 2678 1666 2744 mensis

338 2790 390 2857 die
412 2787 481 2854 ΙΙΙιιιι
510 2785 553 2852 D.
576 2784 667 2850 ducis
696 2793 804 2849 orator
826 2783 985 2848 admissus
1009 2791 1121 2866 estet,
1145 2783 1377 2868 protestatione
1400 2782 1536 2850 deloco
1561 2791 1670 2847 contra

338 2895 481 2960 Venetos
503 2899 536 2954 et
557 2889 755 2954 Venetorum
771 2889 847 2953 item
863 2897 975 2953 contra
989 2909 1064 2952 eum
1078 2886 1165 2951 facta
1179 2895 1278 2974 atque
1294 2886 1430 2952 absente
1445 2885 1666 2952 Helvetiorum
1705 2939 1706 2948 ,

337 3005 475 3078 oratore,
499 2991 653 3058 mandata
675 2991 726 3055 sui
747 2991 902 3077 principis
925 2990 1147 3076 exposuit...

439 3149 556 3216 Postea
570 3147 613 3211 D.
629 3145 665 3212 O.
680 3146 872 3212 Mantuanus
887 3145 1049 3233 praefatus
1066 3153 1114 3210 est
1128 3145 1171 3210 ad
1185 3155 1294 3233 patres
1309 3143 1437 3212 concilii
1459 3155 1492 3212 et
1514 3147 1662 3232 seriptum

338 3257 444 3342 ipsum
471 3262 601 3319 nostrae
635 3249 859 3316 admonitionis
889 3249 1035 3338 pluribus
1064 3250 1174 3314 verbis
1197 3249 1426 3316 commendans
1454 3249 1497 3314 ad
1519 3269 1663 3336 magnam

340 3359 482 3423 omnium
505 3358 628 3420 animos
651 3355 861 3418 attentionem
884 3353 1048 3419 excitavit.
1071 3353 1181 3443 itaque
1204 3353 1360 3442 scriptum
1381 3352 1548 3418 aconcilii
1570 3372 1662 3417 seore

339 3462 420 3526 tario
443 3459 621 3548 perlectum
653 3466 796 3522 osteum
819 3479 944 3521 summa
967 3457 1108 3522 omnium
1132 3458 1306 3522 attentione
1330 3465 1362 3520 et
1383 3457 1548 3522 maximae
1569 3455 1661 3543 partis

339 3562 581 3653 approbatione.
604 3570 718 3650 postea
739 3562 875 3648 petitum
897 3569 946 3626 est
968 3581 988 3624 a
1008 3555 1155 3648 patribus
1177 3569 1213 3625 ut
1235 3561 1303 3624 eius
1326 3561 1436 3647 scripti
1459 3561 1555 3648 eopia
1568 3559 1659 3636 fieret,

339 3691 397 3756 per
418 3667 516 3732 hosce
539 3665 607 3730 dies
624 3663 771 3729 omnibus
788 3661 991 3728 describendi
1006 3671 1150 3748 potestas
1165 3661 1251 3729 facta
1267 3673 1323 3728 est.
1347 3674 1444 3750 atque
1460 3664 1522 3729 hoe
1540 3661 1658 3752 quidem
1705 3715 1706 3744 ,

341 3771 461 3859 scripto
483 3772 528 3834 ita
549 3765 629 3833 mult
617 3778 722 3832 torum
744 3767 842 3830 animi
864 3767 1002 3854 permoti
1024 3775 1106 3839 sunt
1135 3775 1171 3832 ut
1192 3765 1336 3831 nonnulli
1358 3767 1404 3831 fat
1391 3775 1518 3831 teantur
1542 3789 1584 3850 se,
1606 3761 1660 3828 nisi
1705 3733 1706 3850 l

338 3874 423 3938 hanc
453 3882 548 3938 antea
569 3871 826 3936 informationem
848 3869 1050 3954 habuissent,
1080 3871 1273 3935 contrariam
1294 3877 1423 3935 nostrae
1453 3866 1658 3957 expectationi

341 3978 530 4044 sententiam
558 3973 680 4040 laturos
708 3997 778 4040 esse
795 4023 802 4038 .
820 4023 852 4038 ..
875 3974 958 4039 faxit
987 3919 1066 4038 deris
1094 3983 1130 4038 ut
1158 3975 1266 4040 omnia
1296 3973 1338 4037 ad
1360 3995 1452 4038 snam
1473 3972 1608 4060 gloriam
1633 3977 1659 4034 et

290 4141 294 4152 ,
341 4077 598 4145 christifidelium
627 4076 762 4142 salutem
790 4079 949 4143 eveniant.
985 4099 1057 4142 cras
1085 4078 1119 4140 in
1150 4077 1398 4162 congregatione
1426 4075 1476 4140 bis
1506 4076 1545 4141 de
1572 4073 1657 4141 rebus

342 4184 577 4250 conveniemus.
602 4203 661 4246 nos
685 4179 813 4268 quidem
836 4179 1084 4245 clementissime
1107 4181 1279 4266 imperator
1302 4203 1374 4244 cum
1396 4181 1430 4244 in
1446 4202 1565 4267 magno
1586 4174 1656 4265 peri-

342 4286 415 4353 culo
437 4285 499 4351 boe
521 4285 692 4370 negocium
719 4283 843 4348 versari
865 4283 1049 4348 videremus
1078 4292 1212 4370 propter
1233 4283 1365 4349 nimiam
1386 4282 1560 4349 multorum
1581 4299 1654 4345 seve·

341 4390 469 4454 ritatem
491 4398 523 4453 et
545 4385 835 4476 scrupulositatem,
858 4385 920 4452 boo
935 4389 1054 4475 scripto
1071 4385 1304 4452 occurrendum
1319 4387 1503 4475 putavimus
1518 4396 1550 4454 et
1564 4381 1656 4452 omnia

341 4492 427 4560 bono
450 4491 556 4558 animo
579 4501 611 4555 et
632 4489 766 4555 iuvandi
793 4490 889 4556 buius
912 4491 1040 4575 negocii
1064 4488 1223 4556 desiderio
1245 4489 1389 4555 fecimus.

444 4645 481 4712 Ο.
503 4646 699 4710 Mantuanus
726 4645 870 4711 nondum
898 4666 1090 4733 responsum
1118 4647 1220 4711 Roma
1246 4649 1389 4734 aceepit3
1418 4655 1541 4714 eertum
1567 4645 1595 4710 ei
1613 4649 1650 4706 est

341 4749 523 4834 discedere;
552 4751 620 4814 eius
651 4758 738 4814 certe
766 4748 856 4815 abitu
885 4748 1056 4815 concilium
1083 4749 1170 4814 istud
1196 4773 1261 4816 non
1282 4749 1355 4816 lere
1382 4749 1500 4816 vulnus
1522 4747 1649 4834 accipiet

344 4863 439 4920 antea
466 4851 596 4941 quidem
625 4874 735 4918 omnes
763 4852 928 4918 literarum
955 4851 1102 4920 fasciculi
1129 4853 1232 4920 Roma
1258 4855 1292 4918 in
1319 4855 1389 4920 eius
1410 4875 1524 4920 manus
1551 4862 1584 4920 nt
1601 4867 1648 4937 ptr

344 4966 414 5023 erat
434 4955 652 5021 mittebantur.
676 4955 718 5022 ab
735 4978 773 5024 eo
796 4966 904 5022 autem
926 4965 1071 5044 tempore
1093 4979 1157 5044 quo
1181 4957 1222 5022 de
1236 4957 1428 5026 residentiae
1450 4980 1490 5024 ac
1505 4959 1646 5026 contimt-

343 5061 439 5128 tionis
460 5059 596 5148 negocio
620 5060 840 5128 controversia
863 5061 977 5145 extitit,
999 5083 1110 5128 omues
1132 5059 1243 5130 literae
1265 5060 1301 5130 Ο.
1318 5059 1515 5131 Simonettae
1536 5051 1645 5128 inscribi
