3460 5826
442 707 497 774 Du
518 707 641 774 'llonto
663 729 682 773 e
703 715 826 774 venula
845 724 956 774 nuovo
977 705 1061 773 oh'il
1084 715 1178 774 oonto
1192 705 1226 772 di
1250 706 1456 775 Lunavidne
1479 706 1510 774 ul
1533 705 1687 776 coneilio

342 831 433 878 oome
455 811 680 878 imbeneintore
702 807 853 878 mandato
876 811 918 877 da
939 808 981 878 V.
1003 810 1061 877 M·
1082 820 1115 879 et
1137 809 1191 877 dul
1212 833 1248 876 re
1272 811 1367 896 Catu,
1390 811 1413 878 il
1436 812 1496 878 ohe
1517 809 1568 877 ha
1583 821 1687 901 posto

343 915 376 980 in
400 925 542 1006 sospetto
565 917 672 1004 questi
694 915 727 982 di
741 915 845 981 Roma
868 923 901 981 et
921 915 1001 982 fatto
1018 913 1167 982 dubitare
1184 915 1252 1002 che,
1276 913 1423 984 venundo
1447 918 1556 1006 questi
1573 915 1687 982 Fran·

342 1021 408 1086 oeni
429 1043 521 1086 come
543 1021 570 1087 oi
588 1017 660 1086 dice
676 1019 735 1087 ohe
749 1041 912 1108 vongono,
934 1041 1000 1086 non
1014 1019 1063 1086 siu
1076 1041 1137 1106 per
1152 1017 1233 1086 furui
1244 1042 1290 1086 uu
1305 1017 1441 1088 ooneilio
1458 1019 1501 1086 dn
1514 1043 1605 1088 vero
1626 1072 1634 1086 .
1653 1069 1661 1084 .
1679 1070 1686 1084 .

476 1193 522 1246 Ali
540 1193 648 1260 Beilage
667 1193 710 1244 die
728 1191 875 1260 gedruokte
891 1191 969 1246 Bulle
987 1209 1066 1260 nuper
1083 1192 1268 1246 refomrntione
1286 1193 1421 1246 coneluvin
1439 1209 1499 1245 vom
1517 1195 1533 1244 9
1557 1191 1687 1244 October

409 1277 502 1346 (Rnyn.
521 1279 566 1331 Nr.
585 1279 653 1345 188).
678 1279 778 1348 ¹Sobrdd
795 1279 860 1332 Pius
889 1281 932 1332 die
950 1283 1064 1332 Decrete
1089 1280 1136 1331 der
1154 1280 1252 1331 letzten
1275 1279 1382 1332 sessum
1406 1279 1525 1331 erhalten
1549 1279 1615 1330 und
1636 1279 1685 1329 der

407 1366 578 1434 Benorgnirno
596 1383 641 1418 um
660 1367 741 1419 deren
757 1366 861 1419 Auulnll
879 1366 951 1436 ledig
968 1365 1109 1436 geworden
1126 1383 1181 1418 war
1199 1365 1285 1434 (Supi
1302 1368 1372 1434 564),
1390 1366 1455 1417 hielt
1468 1383 1496 1418 er
1506 1366 1565 1417 iant
1575 1364 1683 1432 tlglioh

410 1451 639 1522 congregationem
655 1455 682 1504 in
701 1454 787 1507 denen
804 1453 945 1507 Reformen
963 1453 1091 1506 beratheri
1107 1454 1216 1506 wurden
1232 1453 1287 1506 und
1304 1455 1332 1506 in
1350 1453 1435 1506 denuo
1453 1454 1588 1504 nuniehnt
1609 1457 1681 1502 trotr

406 1539 553 1592 vielfoeheu
570 1540 787 1608 Widerspruehes
801 1541 865 1608 jone
876 1541 954 1592 Bulle
966 1557 999 1592 zu
1011 1540 1110 1592 Stande
1121 1539 1185 1592 knrn
1196 1540 1369 1609 (Prospero‚3
1381 1539 1434 1590 und
1445 1542 1460 1591 7
1473 1539 1545 1600 Oet.)
1566 1567 1605 1576 -
1619 1539 1678 1588 Der

408 1625 585 1678 iranndsioehe
601 1625 655 1678 Abi
672 1627 727 1678 trus
741 1627 812 1677 arnt
832 1627 874 1678 ein
890 1627 946 1678 und
963 1627 1035 1678 hatto
1053 1643 1095 1678 um
1109 1629 1139 1682 ll
1153 1627 1195 1678 die
1210 1633 1279 1678 erate
1290 1623 1409 1677 Audienn
1428 1625 1476 1692 (Le
1488 1625 1551 1676 Plat
1565 1629 1594 1690 t,
1607 1623 1682 1688 522).

407 1709 519 1764 Woooen
537 1728 598 1764 mun
617 1712 675 1764 oiolr
697 1729 758 1764 vom
777 1711 807 1765 0.
830 1729 883 1766 ron
900 1711 1063 1780 Lodrringen
1080 1711 1184 1778 vasuh,
1208 1713 1270 1779 geht
1288 1712 1357 1764 euch
1381 1728 1429 1763 uus
1457 1711 1508 1762 den
1526 1709 1681 1760 Berichtnn

410 1814 463 1850 von
480 1797 581 1866 Vargno
603 1798 632 1849 in
648 1798 716 1850 Deo.
735 1797 805 1851 indd.
830 1802 854 1864 9,
873 1802 931 1851 291.
949 1803 1009 1852 299.
1026 1803 1075 1851 312
1099 1799 1154 1851 und
1179 1799 1226 1852 dor
1243 1798 1384 1866 Depeoohe
1409 1814 1462 1848 von
1480 1798 1522 1848 De
1541 1795 1625 1848 Linle
1653 1799 1680 1846 in

407 1883 447 1934 Le
465 1883 526 1937 Plat
543 1887 568 1948 ὁ,
586 1885 637 1936 5ἳο
654 1884 718 1952 (ng.
737 1885 838 1938 Pallav.
858 1889 882 1954 2,
900 1886 961 1956 616)
980 1887 1083 1939 hervor.
1119 1879 1122 1886 ’

942 2287 1066 2384 CCX.

593 2512 701 2589 Thon
730 2515 804 2590 ond
834 2513 1066 2591 Draskovloo
1090 2535 1138 2590 un
1165 2515 1239 2591 den
1265 2515 1410 2612 llnloer3

772 2667 903 2736 Trioni,
923 2671 960 2722 13
978 2669 1126 2726 October
1145 2673 1235 2726 1⁶⁶2.

639 2847 816 2905 Coooilooten.
841 2849 988 2922 Oripinal,·
1008 2851 1039 2905 in
1061 2855 1154 2922 torpor
1175 2853 1214 2907 21
1241 2850 1361 2907 October.

439 2991 547 3059 Hodie
568 2993 754 3081 primum..
773 3043 780 3060 .
803 3005 935 3082 coeptae
958 3006 1033 3062 sunt
1054 2996 1119 3064 dioi
1142 2998 1321 3064 tententiae
1335 3019 1356 3062 a
1369 2995 1516 3084 putribus
1532 2995 1577 3064 de
1595 2994 1667 3062 doo-

338 3097 423 3160 trinn
445 3105 477 3160 ot
499 3098 677 3165 canonibus
711 3097 754 3164 ad
776 3098 897 3165 ordinis
920 3110 1155 3171 suorumentum
1175 3099 1419 3188 pertinentibus.
1449 3099 1570 3188 quibus
1594 3121 1661 3164 oen·

337 3200 444 3264 tentiis
458 3199 613 3266 absolutis
627 3211 848 3289 proponentur
863 3201 986 3292 aliquot
1000 3191 1233 3270 reformationis
1248 3205 1357 3291 onpitu
1372 3253 1381 3269 .
1397 3252 1405 3271 .
1422 3253 1430 3269 .
1453 3225 1536 3292 quae
1553 3201 1662 3292 qualit

338 3303 402 3367 sint
422 3301 539 3387 suune,
562 3304 707 3371 nondum
729 3305 949 3394 intelligimus,
971 3306 1048 3374 lieet
1069 3307 1166 3376 valde
1181 3332 1221 3375 ea
1243 3308 1284 3374 de
1298 3331 1333 3374 re
1349 3307 1477 3374 solliciti
1498 3308 1661 3387 fuerimus,

337 3404 436 3492 idque
463 3429 502 3472 eo
525 3407 614 3494 quod
635 3407 778 3474 nondum
809 3409 912 3476 Roma
941 3409 1037 3476 allatu
1060 3419 1142 3491 sunt,
1173 3411 1262 3478 illino
1290 3423 1397 3478 autem
1424 3412 1586 3478 eiusmodi
1613 3430 1660 3475 ree

337 3510 477 3573 omnium
501 3511 651 3601 opinione
672 3512 756 3577 mitti
778 3511 890 3579 solent
913 3515 1055 3580 exoiletu
1077 3514 1263 3581 ost-iterum
1290 3515 1448 3604 quaedum
1470 3515 1659 3602 disoeptatio

339 3635 359 3678 a
381 3611 593 3698 Grannona,
617 3637 716 3702 quarn
738 3637 849 3682 omnen
863 3615 1004 3704 Hispani
1025 3627 1058 3684 et
1079 3616 1234 3706 exlltulis
1256 3640 1322 3684 non
1343 3620 1441 3707 pauci
1462 3615 1658 3706 persecuturi

337 3714 541 3782 videbantur.
565 3716 622 3782 sed
639 3725 769 3805 praeter
784 3721 926 3786 omnium
942 3723 1201 3808 expectationem
1215 3719 1313 3787 hodie
1325 3724 1430 3788 maior
1444 3745 1518 3810 puro
1533 3731 1657 3808 patrum

338 3819 513 3887 sententias
536 3819 627 3906 dixit,
655 3825 770 3908 pauois
793 3823 967 3892 admodum
988 3825 1186 3896 mentionem
1207 3824 1248 3892 de
1268 3827 1342 3913 ipsa
1363 3825 1596 3914 diooeptrtione
1617 3823 1657 3886 fa·

337 3924 505 3992 oientibun.
529 3948 567 3992 ea
590 3934 698 4002 aubin
720 3935 770 3992 est
791 3926 988 3997 huiusmodi:
1013 3929 1046 3994 in
1069 3929 1234 4014 superiore
1257 3929 1394 3996 oonoilio
1416 3929 1478 3996 sub
1499 3927 1590 3996 Julio
1610 3923 1656 3992 111

336 4029 510 4115 conscripti
532 4028 662 4096 fueraut
684 4028 724 4094 de
741 4029 863 4096 ordinis
878 4041 1080 4099 sacramento
1096 4031 1195 4098 iidem
1209 4053 1352 4100 canonos
1365 4051 1446 4120 quos
1459 4055 1548 4098 nune
1564 4033 1605 4098 D.
1616 4030 1655 4096 le·

336 4132 405 4216 goti
425 4140 679 4219 proposuerunt3
707 4131 766 4212 sed
786 4156 873 4200 nuno
899 4155 982 4203 unus
1006 4135 1062 4222 qui
1084 4145 1154 4202 erat
1174 4134 1307 4204 ultimus
1336 4145 1369 4202 et
1390 4157 1428 4204 oo
1449 4145 1596 4222 ternpore
1616 4132 1653 4199 ub

338 4234 485 4302 omnibus
513 4235 722 4324 approbatus,
755 4239 898 4305 noscitur
927 4260 1025 4325 quom
1052 4238 1094 4305 ob
1117 4259 1247 4308 ouunm
1265 4261 1297 4304 u
1315 4239 1357 4304 D.
1379 4239 1494 4324 legatis
1523 4240 1651 4306 omissus

337 4347 395 4407 est
419 4339 475 4426 qui
497 4339 650 4426 quonium
671 4341 895 4428 episcoporum
917 4342 1122 4410 autoritatem
1143 4344 1214 4408 iure
1236 4341 1344 4412 divino
1366 4344 1572 4411 oonrdtutum
1596 4349 1651 4408 rto·

335 4439 428 4508 bilire
455 4441 591 4525 videtur,
622 4443 739 4510 iniuria
760 4445 897 4510 omissus
926 4465 997 4512 esse
1027 4455 1059 4512 ot
1088 4447 1206 4512 iterum
1235 4448 1269 4512 in
1290 4469 1385 4514 ouum
1406 4446 1512 4513 looum
1533 4440 1647 4512 restrui

334 4543 461 4628 dobere,
485 4547 526 4614 ab
548 4547 715 4635 Hisponis,
740 4545 933 4614 Granntonoi
954 4552 1143 4636 praesertim
1155 4550 1324 4617 utdiotum
1338 4560 1397 4635 ent,
1419 4549 1526 4616 multis
1541 4561 1574 4617 et
1588 4545 1647 4614 effi·

336 4649 480 4717 cassinis
495 4651 674 4718 rationibus
691 4652 905 4720 contenditur.
927 4652 962 4718 id
981 4661 1077 4719 anton
1089 4675 1149 4740 per
1164 4651 1295 4720 eosdem
1310 4654 1480 4744 episeopos
1492 4653 1646 4739 Hispanos

335 4754 470 4840 petitum
491 4754 597 4823 fuerat
617 4755 719 4822 28³¹·
742 4755 923 4842 Elegantia,
947 4755 1005 4821 ned
1020 4779 1094 4823 oum
1110 4757 1275 4842 impetrari
1288 4777 1354 4822 non
1368 4758 1541 4843 potuerint,
1563 4751 1646 4821 hodie

336 4853 368 4920 S.
392 4856 516 4941 synodo
543 4879 563 4922 a
585 4855 780 4926 Granntensi
797 4859 1004 4947 propositum
1026 4869 1059 4928 ot
1079 4862 1209 4926 nomine
1232 4859 1367 4928 edorum
1387 4880 1520 4948 quoque
1540 4859 1644 4944 Hispo·

333 4964 447 5026 notum
469 4961 692 5050 episcoporum
716 4962 914 5049 postulatum
935 4972 993 5030 eet
1013 4963 1093 5051 quid
1113 4973 1221 5032 tumeo
1242 4964 1385 5032 futurum
1407 4966 1458 5042 nit,
1480 4962 1587 5030 adhue
1604 4963 1642 5025 in·

338 5072 460 5128 certum
483 5072 551 5130 est.
569 5110 600 5129 ..
