3460 5826
340 487 402 554 374

338 683 457 764 posset.
485 697 572 742 nune
598 701 676 745 vero
707 677 860 765 quoniam
887 675 1033 762 intelligo
1055 677 1130 741 lrlml
1152 676 1193 743 V.
1216 675 1251 742 e
1274 675 1323 742 ita
1343 676 1428 744 uelle
1449 689 1488 744 ut
1507 701 1570 745 noe
1591 701 1662 744 cum

340 779 433 846 Ohr¹²¹
450 779 578 847 Galbae
605 784 691 868 regis
715 780 896 846 oratoribus
926 783 959 845 in
987 781 1215 846 reformatione
1242 781 1392 866 urgenda
1419 785 1660 869 coniungamue,

340 882 428 971 quod
442 883 507 948 Μ““
536 885 572 950 V.
589 883 762 950 elementer
784 883 939 949 mandare
962 883 1095 970 dignata
1116 893 1174 966 eet,
1199 883 1370 970 diligenter
1390 894 1465 972 poet
1486 888 1660 952 sessionem

340 1008 538 1075 exequemur
566 997 598 1053 et
619 987 768 1054 dabimus
801 1009 928 1053 omnem
951 1009 1084 1074 operam
1111 995 1147 1052 ut
1170 988 1318 1052 omnibus
1350 988 1448 1054 rebus
1475 989 1660 1076 postpositis

339 1090 380 1156 de
402 1090 472 1156 sola
494 1087 722 1156 reformatione
745 1100 871 1176 agatur,
895 1113 980 1178 quae
1000 1111 1053 1156 ree
1076 1091 1238 1156 neecinnrs
1260 1111 1357 1178 quem
1379 1093 1503 1158 exitum
1518 1093 1562 1158 sit
1577 1091 1661 1158 babi-

337 1203 418 1276 tura,
442 1191 592 1259 veremur
614 1197 698 1258 enim
721 1216 762 1258 ne
779 1193 867 1281 quod
882 1203 979 1258 antea
1000 1193 1203 1268 timebamus,
1227 1215 1267 1258 eo
1282 1217 1411 1282 quoque
1427 1205 1575 1282 tempere
1592 1217 1661 1260 cve

338 1297 416 1374 niet,
439 1299 589 1362 nimirum
611 1308 647 1362 ut
669 1297 840 1363 concilium
863 1297 1098 1383 empendatur,
1123 1319 1197 1362 nam
1224 1320 1289 1363 non
1317 1321 1429 1364 omnes
1462 1299 1600 1365 fortasse
1621 1300 1663 1363 ita

340 1399 422 1466 bene
445 1401 553 1466 affecti
576 1409 650 1466 sunt
672 1423 751 1486 erga
783 1403 962 1486 rigorosem
984 1401 1253 1466 reformationem.
1287 1401 1327 1468 de
1358 1423 1424 1490 que
1453 1401 1587 1491 quidem
1615 1424 1661 1466 re·

337 1504 530 1570 formatione
551 1505 618 1569 iam
641 1503 763 1590 aliquot
784 1502 912 1568 munuli
933 1502 1079 1589 patribus
1102 1511 1178 1568 sunt
1199 1502 1268 1570 dati
1289 1503 1469 1592 dequibus
1491 1506 1663 1572 sententias

343 1606 462 1690 dicant,
485 1615 522 1670 ut
543 1627 703 1672 unacum
729 1606 876 1672 doctrina
898 1617 931 1671 et
952 1605 1130 1673 senonibus
1153 1607 1196 1672 de
1218 1608 1377 1674 samifieio
1399 1609 1520 1674 mimae
1540 1610 1577 1674 in
1598 1631 1665 1694 pro·

338 1711 424 1774 xime
445 1710 555 1776 firtura
578 1713 722 1777 sessione
744 1709 997 1797 promulgentur.
1024 1732 1081 1776 eos
1103 1709 1258 1776 articulos
1280 1710 1516 1778 examinandos
1538 1720 1572 1776 et
1593 1710 1661 1776 doc·

336 1816 454 1880 trinam
477 1836 515 1880 ao
540 1835 682 1880 oenones
697 1815 898 1880 examinatos
916 1814 991 1893 iam
1013 1813 1072 1878 sed
1088 1813 1206 1901 quibus
1221 1813 1366 1880 nondum
1382 1837 1535 1901 supreme
1549 1837 1660 1880 manue

337 1915 446 1982 addita
469 1927 525 2001 est,
550 1917 601 1983 M‘*
627 1917 668 1982 V.
692 1915 724 1982 S.
746 1915 796 1982 his
819 1914 964 1982 inclusos
985 1917 1088 1982 mitto.

438 2019 624 2087 Sententiae
655 2019 695 2085 de
719 2019 828 2086 echeis
852 2021 1062 2086 concessione
1088 2021 1154 2085 iam
1176 2019 1283 2088 dictae
1314 2031 1396 2100 eunt,
1429 2021 1661 2110 sedquoniam

335 2133 446 2210 patres
476 2121 699 2210 copiosissime
720 2123 873 2190 dixerunt
899 2133 933 2188 et
953 2121 1052 2189 valde
1073 2125 1231 2206 intricate,
1260 2125 1404 2192 nondum
1431 2123 1529 2216 plene
1560 2122 1660 2210 colligi

337 2228 442 2312 potuit
464 2249 549 2315 quae
569 2247 645 2315 pars
667 2229 787 2294 vincat
811 2237 888 2293 sunt
909 2229 994 2294 enirn
1015 2226 1161 2292 nonnulli
1184 2229 1240 2316 qui
1262 2238 1578 2316 prorsusnegarnnt
1593 2249 1660 2297 con·

340 2330 520 2396 cedendum
550 2351 635 2415 esse;
664 2330 719 2396 alii
748 2331 929 2397 concedunt
957 2329 1159 2418 simpliciter,
1188 2329 1244 2396 elii
1266 2331 1511 2400 eoncedendum
1535 2341 1659 2418 negant

339 2435 385 2498 ita
404 2444 514 2500 temen
545 2442 581 2499 ut
608 2433 651 2498 ad
673 2431 841 2500 arbitrium
868 2433 918 2500 δ”
948 2433 990 2498 Ι).
1013 2433 1053 2500 Ν.
1081 2435 1237 2518 referant,
1268 2434 1324 2501 elii
1351 2447 1458 2523 neque
1485 2434 1661 2502 concedunt

337 2559 444 2626 neque
465 2547 601 2624 negant,
630 2536 689 2602 sed
714 2547 815 2602 totam
842 2561 911 2604 rem
934 2539 1092 2623 integram
1119 2537 1163 2602 ad
1193 2537 1271 2604 S¹³¹¹¹³¹
1294 2539 1336 2604 D.
1358 2539 1397 2606 N.
1420 2539 1578 2620 referunt,
1611 2536 1658 2602 alii
1707 2575 1708 2610 ι

337 2641 384 2708 ite
410 2640 593 2707 concedunt
620 2650 656 2706 ot
684 2640 735 2705 ad=
754 2641 832 2706 ΒΜ
858 2639 900 2705 D.
923 2641 963 2706 N.
991 2643 1215 2710 executionem
1243 2645 1407 2726 reficiam,
1436 2642 1492 2712 alii
1519 2644 1556 2710 in
1577 2639 1660 2708 alind

337 2753 464 2832 tempus
488 2741 702 2810 differendum
724 2754 847 2831 putent
870 2767 929 2809 nos
944 2767 1032 2812 nunc
1053 2748 1089 2810 in
1101 2767 1141 2810 eo
1156 2745 1343 2813 laboremus
1362 2757 1462 2814 etex
1477 2756 1546 2816 tum
1569 2743 1660 2810 varis

339 2857 371 2912 et
392 2847 497 2934 longis
525 2849 690 2913 sententiis
720 2847 844 2935 aliquid
874 2849 954 2912 certi
983 2857 1160 2914 statuamus
1189 2860 1222 2915 et
1242 2851 1401 2916 rationem
1432 2846 1657 2926 subducamus,

339 2971 421 3040 quae
444 2973 519 3040 pars
543 2953 583 3016 sit
605 2953 825 3038 superior...
1707 2939 1708 2944 ἵ

474 3139 614 3206 Bellagen:
635 3141 659 3203 1)
679 3140 798 3192 doctrine
816 3141 849 3192 de
867 3139 995 3194 sacrificio
1014 3146 1109 3193 missae
1128 3138 1278 3194 exhibitati
1296 3142 1368 3209 Sept
1386 3156 1419 3188 ἑ
1437 3139 1582 3194 Mendham
1600 3143 1655 3198 2⁰&

408 3225 436 3292 2)
454 3226 574 3277 doctrina
597 3226 630 3277 de
653 3227 837 3279 reformatione
861 3227 978 3281 exhibita
1003 3229 1019 3280 8
1044 3229 1167 3295 Sept:
1186 3230 1328 3281 Mendham
1355 3233 1420 3292 2553
1443 3230 1470 3296 3)
1488 3231 1564 3280 Lista
1586 3229 1656 3279 dett

406 3311 579 3364 Erebiachtie
597 3312 651 3363 und
669 3315 702 3363 56
720 3313 845 3366 Bischbfe
863 3331 915 3366 von
932 3296 1095 3366 Franlireirh
1123 3315 1222 3367 welche
1240 3318 1288 3366 mit
1306 3316 1365 3367 dem
1383 3316 1412 3370 0.
1432 3333 1484 3369 von
1501 3316 1654 3381 Lothringeu
1707 3363 1708 3368 ,

407 3397 543 3450 cintreffen
560 3398 644 3450 sollen
661 3399 716 3451 und
733 3399 775 3450 sstr
793 3400 835 3450 die
853 3403 952 3452 bereits
971 3401 1092 3463 Quartier
1115 3402 1238 3468 gemacht
1260 3402 1331 3454 wird.
1355 3431 1385 3440 -
1404 3403 1459 3454 Aul
1474 3404 1526 3455 den
1543 3405 1656 3468 augam
1707 3395 1708 3410 ¹

408 3485 559 3536 erwiederte
577 3483 729 3536 Ferdinend
753 3501 795 3536 am
814 3489 847 3536 ²0
866 3487 890 3540 d.
909 3488 947 3541 M.
970 3487 1101 3552 (concept
1123 3490 1150 3538 in
1176 3488 1227 3538 den
1246 3488 1428 3554 Concilacteu)
1458 3488 1518 3540 dass
1535 3490 1581 3540 bei
1599 3487 1654 3539 aller
1707 3541 1708 3548 χ

405 3571 600 3638 Dringlichlreit
618 3572 664 3623 der
681 3571 786 3622 Reform
806 3572 875 3625 doch
893 3575 969 3625 vobis
988 3576 1058 3625 omni
1075 3574 1162 3626 studio
1182 3575 1352 3627 annitendum
1370 3576 1434 3636 fore,
1459 3591 1492 3626 ne
1521 3575 1653 3627 concilium
1707 3583 1708 3632 ἲ

406 3673 433 3707 re
451 3658 551 3708 infecta
573 3658 747 3723 suspendatur
769 3659 812 3710 vel
836 3661 1019 3730 abrumpatur,
1044 3660 1127 3711 donee
1146 3661 1198 3711 elia
1221 3663 1332 3712 anobis
1355 3661 1481 3713 mandata
1498 3661 1652 3727 acceperiu's.

408 3743 485 3794 Thun
503 3745 557 3794 und
575 3745 739 3796 Dreshovics
756 3744 848 3796 hatten
865 3744 963 3798 bereits
979 3761 1023 3798 ern
1044 3751 1058 3797 t
1076 3745 1230 3813 September
1249 3748 1388 3815 gemeldet,
1407 3749 1468 3800 daea
1487 3749 1530 3800 die
1549 3749 1653 3798 Abstin-

406 3847 486 3898 tnung
504 3831 537 3882 de
552 3832 642 3882 cebete
662 3835 832 3884 concessione
851 3849 892 3886 am
912 3836 945 3886 28
964 3835 1067 3899 August
1083 3835 1190 3891 Abends
1209 3836 1350 3901 hegennen
1373 3834 1428 3886 und
1446 3835 1507 3885 dass
1524 3835 1567 3886 bis
1585 3831 1653 3883 dahin

407 3917 440 3967 60
456 3917 542 3968 Voten
561 3918 716 3984 abgegeben
734 3919 842 3970 worden
859 3935 952 3970 wareo.
976 3921 1008 3970 In
1025 3922 1174 3971 universum
1193 3925 1281 3972 autem
1299 3920 1353 3972 huc
1370 3935 1454 3987 usque
1473 3921 1589 3971 omnium
1605 3919 1651 3982 opi·
1707 3899 1708 3916 ¹

408 4005 500 4054 niouee
527 4009 553 4055 et
570 4004 695 4072 suffragia
720 4005 755 4056 ad
773 4011 885 4072 quatuor
904 4007 1069 4074 potissimum
1093 4007 1180 4072 capita
1207 4005 1299 4062 reduci
1322 4023 1401 4074 posse
1418 4007 1547 4058 videntur.
1584 4018 1652 4056 unum

406 4104 595 4156 geneseorum
614 4091 714 4156 estqui
733 4090 825 4142 calicis
838 4094 1035 4143 concessionem
1053 4107 1158 4159 prorsus
1177 4091 1361 4159 denegandum
1380 4108 1437 4144 esse
1456 4097 1572 4155 censent,
1589 4087 1651 4156 qnod

408 4176 546 4242 plurimum
562 4177 627 4230 mali
645 4192 679 4228 ex
696 4192 737 4238 ea,
759 4178 822 4228 boni
839 4177 905 4230 nihil
926 4178 1083 4244 sperandum
1101 4195 1158 4234 esee
1176 4178 1314 4253 εἰᾶηιιιιιις,
1338 4184 1417 4246 atque
1435 4179 1464 4230 hi
1483 4179 1587 4246 quidem
1603 4189 1654 4242 per·

404 4265 483 4330 pauci
501 4269 569 4316 aunt.
588 4263 732 4316 secundum
750 4279 841 4315 eorum
858 4267 903 4332 qui
921 4265 989 4316 hanc
1012 4269 1193 4322 tractationem
1218 4265 1389 4320 differendam
1408 4272 1516 4317 censent
1539 4261 1649 4332 atqoeiu

405 4349 567 4402 commodius
585 4347 693 4416 aliquod
710 4355 813 4415 tempus
826 4351 1006 4414 reficiendum,
1024 4353 1126 4402 interim
1145 4357 1232 4403 antem
1251 4351 1365 4404 dandam
1383 4367 1489 4418 operam
1501 4357 1531 4402 ut
1543 4355 1587 4401 ant
1599 4361 1649 4398 con-

405 4435 493 4485 cilium
511 4437 596 4501 ipsum
614 4442 660 4487 aut
679 4433 740 4508 ΒΨ
758 4435 792 4487 D.
811 4437 843 4488 Ν.
861 4435 963 4503 legatos
982 4437 1084 4505 aliquos
1111 4451 1173 4488 auos
1191 4441 1263 4490 viros
1280 4439 1423 4504 prudentes
1446 4443 1474 4488 et
1489 4440 1548 4503 pice
1565 4437 1597 4488 ad
1613 4447 1648 4482 eat
1707 4437 1708 4462 l

405 4523 525 4572 nationes
543 4523 631 4573 mittat
654 4537 724 4588 qnae
740 4523 811 4576 hune
830 4524 922 4575 calicis
945 4535 1022 4575 neam
1039 4529 1130 4590 petere
1149 4523 1291 4588 dicantua·
1302 4528 1347 4591 qui
1364 4525 1470 4592 quiden
1486 4525 1578 4591 legati,
1598 4535 1646 4572 cou-

406 4607 547 4660 dttienihns
566 4623 599 4659 ae
615 4611 784 4674 pactionibus
808 4611 966 4676 quemdem
983 4612 1151 4677 interposite,
1180 4627 1270 4664 earum
1281 4614 1425 4668 nationum
1436 4611 1587 4666 ,voluntates
1601 4619 1647 4674 per·
1707 4649 1708 4690 p

406 4699 508 4746 tentem
525 4701 604 4764 atque
628 4698 777 4764 explorent3
804 4697 876 4764 quod
897 4699 920 4748 si
940 4697 1063 4764 expedire
1082 4704 1243 4766 compertum
1263 4699 1341 4752 tuerit
1364 4703 1394 4748 ut
1412 4697 1579 4760 concedatur,
1601 4699 1645 4742 tum
1707 4763 1708 4770 ἵ

406 4797 469 4832 vero
488 4781 549 4833 ΒΜ·
561 4782 595 4833 D.
607 4783 639 4835 N.
659 4785 805 4836 concedere
818 4784 915 4835 debeo
933 4783 1076 4852 affirmant5
1094 4785 1142 4836 sed
1159 4801 1193 4836 ne
1210 4784 1237 4834 hi
1256 4785 1363 4851 quidem
1379 4785 1453 4834 multi
1472 4790 1539 4835 snut.
1557 4781 1644 4833 tertius

408 4883 498 4920 eorum
526 4871 646 4936 quicum
670 4876 696 4920 et
713 4868 767 4920 Ml·
785 4869 817 4924 V.
840 4869 866 4920 S.
890 4871 1037 4920 autoritatis
1061 4875 1087 4920 et
1110 4872 1257 4935 temporum
1282 4873 1410 4922 rationem
1436 4867 1581 4921 habendam
1597 4876 1643 4914 etet

407 4961 521 5018 censent,
545 4961 575 5006 ut
592 4959 697 5008 omnino
721 4957 843 5008 absolute
862 4955 1061 5008 eoncedendum
1080 4955 1253 5021 contendant;
1278 4959 1357 5008 etiam
1380 4955 1407 5006 hi
1424 4959 1504 5022 pauci
1522 4959 1586 5017 suut,
1605 4945 1643 4999 aed

408 5041 546 5095 doctiorea
570 5047 691 5109 quartum
709 5055 792 5110 genua
808 5041 887 5096 heim
904 5044 986 5096 tetius
1008 5043 1051 5094 rel¹
1064 5044 1241 5110 cogaltlonem
1258 5043 1313 5095 ΒΜ
1330 5044 1364 5095 Β.
1382 5041 1417 5097 lit
1432 5045 1562 5111 integram
1578 5047 1643 5090 rettr·
