3498 5818
925 731 1082 819 CXXI.

578 946 657 1022 Der
685 949 816 1025 Kaisar
842 971 888 1027 an
917 953 1049 1028 seinen
1076 951 1220 1030 Orator
1246 957 1281 1030 tn
1311 956 1423 1051 Rom3

831 1105 1168 1170 wien,aJu1i1o61.

847 1287 982 1344 Romana.
1030 1287 1152 1362 Cbacept.

859 1409 930 1465 Areo
945 1409 974 1464 C.
1006 1409 1143 1482 original.

437 1585 608 1673 Magnifice
631 1589 734 1656 fidelis
762 1591 853 1656 nobis
877 1590 1002 1656 dilecte.
1037 1595 1220 1678 accepimus
1254 1593 1362 1660 literas
1392 1607 1466 1660 tuas
1494 1617 1580 1682 quas
1613 1595 1666 1660 die

338 1691 377 1752 14
406 1693 552 1778 proxime
582 1696 744 1780 praeteriti
774 1696 892 1760 mensis
926 1693 1016 1759 Junii
1043 1693 1085 1759 ad
1112 1717 1172 1760 nos
1201 1695 1333 1780 dedisti,
1365 1707 1397 1761 et
1425 1697 1500 1763 inde
1522 1699 1666 1785 primum

336 1791 485 1861 lubenter
520 1800 729 1883 cognovimus
763 1797 841 1886 quid
873 1799 1018 1884 responsi
1052 1797 1177 1863 dederit
1213 1798 1285 1864 S''¹¹¹⁸
1308 1798 1349 1864 D.
1384 1799 1424 1866 N.
1461 1802 1493 1865 in
1526 1803 1666 1888 negocio

335 1898 568 1987 archiepiscopi
591 1911 623 1966 et
645 1901 780 1966 aliorum
809 1903 1034 1988 episcoporum
1064 1903 1249 1989 provinciae
1273 1903 1486 1987 Coloniensis,
1510 1914 1542 1970 et
1566 1926 1664 1991 quam

333 2005 470 2086 gratiam
502 2006 646 2090 inprimis
675 2009 870 2070 concesserit
900 2008 1054 2092 episcopo
1078 2005 1249 2071 Leodiensi
1279 2009 1402 2073 ratione
1426 2008 1662 2073 beneficiorum

335 2076 601 2172 conferehdorum
624 2111 655 2172 in
679 2109 819 2173 dioecesi
843 2107 1026 2174 Leodiensi.
1058 2111 1178 2197 inquo
1202 2109 1331 2197 quidem
1355 2112 1492 2196 negocio
1514 2133 1577 2176 nos
1602 2133 1664 2176 non

334 2208 489 2278 habemus
519 2213 606 2300 quod
637 2211 844 2300 replicemus,
876 2212 959 2277 ultra
992 2237 1031 2278 ea
1055 2233 1138 2301 quae
1161 2215 1224 2278 iam
1256 2224 1351 2280 antea
1374 2214 1415 2279 ad
1440 2213 1509 2280 ΒΜ
1539 2216 1611 2279 eius
1635 2225 1665 2278 et

333 2313 376 2380 ad
390 2324 422 2380 te
438 2339 567 2404 quoque
583 2317 778 2404 scripsimus,
803 2315 960 2404 siquidem
984 2315 1077 2382 nobis
1093 2315 1187 2404 plane
1204 2339 1392 2404 persuasum
1409 2316 1569 2384 habemus
1586 2315 1653 2384 sam

333 2420 410 2501 eius,
435 2440 518 2506 quae
541 2431 590 2486 est
612 2443 739 2486 summa
761 2423 862 2509 ipsius
885 2421 1075 2508 prudentia,
1098 2421 1180 2486 tales
1203 2423 1344 2488 rationes
1367 2423 1518 2488 inituram
1542 2421 1661 2510 quibus

331 2525 459 2610 utrique
482 2526 565 2610 parti
589 2525 826 2612 quodammodo
850 2524 996 2590 satisfieri
1021 2535 1127 2612 queat.

434 2626 531 2708 Quod
554 2639 661 2693 autem
677 2630 719 2695 ad
739 2653 797 2696 nos
813 2631 1027 2694 transmiseris
1043 2629 1227 2715 exemplum
1239 2629 1402 2694 literarum
1418 2650 1500 2716 quas
1515 2631 1662 2714 pontifex

335 2728 379 2795 ad
400 2727 517 2796 Ser¹¹³²¹¹¹³
545 2755 654 2819 regern
678 2733 907 2821 Hispaniarum
932 2731 1030 2816 dedit,
1053 2730 1255 2798 exhortando
1272 2731 1374 2798 Sertem
1396 2731 1464 2797 eius
1488 2730 1530 2796 ad
1548 2756 1660 2821 aceep-

331 2834 463 2900 tandam
486 2835 622 2902 classem
645 2860 665 2902 a
687 2835 732 2902 8²⁸
747 2835 779 2902 S.
803 2835 878 2904 Ser¹¹
905 2840 972 2904 eius
996 2835 1149 2921 oblatam,
1172 2837 1205 2902 id
1227 2835 1320 2904 nobis
1343 2859 1500 2924 perquam
1531 2847 1659 2926 gratum

331 2938 458 3017 accidit,
481 2950 576 3026 prout
599 2940 686 3006 illam
710 2964 837 3028 quoque
861 2941 1025 3006 assiduam
1047 2963 1178 3027 operam
1202 2951 1233 3006 et
1258 2939 1458 3024 diligentiam
1479 2949 1573 3006 tuam
1596 2939 1657 3006 cle-

330 3053 455 3108 menter
486 3043 677 3131 probamus,
713 3067 809 3130 quam
838 3043 1076 3131 perscribendis
1110 3043 1152 3108 ad
1175 3065 1233 3108 nos
1256 3041 1369 3108 crebro
1392 3044 1431 3107 iis
1453 3042 1554 3108 rebus
1578 3067 1659 3132 quae

332 3144 426 3210 isthic
449 3146 592 3234 quotidie
616 3157 790 3213 occurrunt
812 3147 955 3212 adhibes.

434 3249 563 3316 Deinde
597 3251 745 3317 nolumus
775 3262 807 3317 te
836 3249 935 3316 latere
968 3253 1096 3315 venisse
1130 3251 1178 3314 his
1213 3250 1328 3316 diebus
1351 3251 1393 3314 ad
1415 3273 1474 3316 nos
1498 3261 1656 3318 oratorem

331 3351 463 3420 Gallum
486 3355 518 3419 in
541 3353 616 3420 aula
636 3365 747 3421 nostra
762 3378 916 3424 caesarea
935 3354 1139 3438 residentem,
1156 3355 1211 3441 qui
1226 3353 1382 3419 mandatu
1397 3351 1506 3421 Sere-⁰
1525 3356 1655 3444 reginae

331 3456 490 3523 Franciae
512 3457 606 3523 nobis
628 3461 786 3545 exposuit,
824 3460 887 3524 iam
916 3459 1034 3524 dictam
1058 3455 1139 3522 ΘΜ
1161 3459 1306 3543 reginam
1335 3455 1533 3524 intellexisse
1557 3481 1599 3524 ex
1620 3457 1655 3521 iis

331 3561 458 3648 scriptis
481 3583 564 3650 quae
586 3563 656 3650 ipse
679 3572 788 3628 orator
811 3562 933 3628 dudum
955 3561 999 3627 ad
1021 3583 1092 3628 eam
1115 3560 1279 3625 voluntate
1301 3569 1413 3625 nostra
1426 3563 1654 3642 transmiserat,

330 3685 370 3729 aa
392 3687 476 3752 quae
498 3665 679 3752 praeteritis
701 3665 876 3748 mensibus,
911 3687 984 3730 cum
1005 3663 1070 3729 huc
1092 3665 1234 3729 venisset
1255 3663 1324 3728 Ru·
1347 3665 1520 3750 episcopus
1543 3663 1653 3730 Zacin·

329 3765 424 3852 thius,
454 3789 526 3833 cum
560 3769 686 3834 nunciis
714 3767 898 3856 apostolicis
927 3767 1087 3835 derebus
1118 3765 1245 3834 concilii
1268 3766 1438 3853 egerimus.
1462 3788 1502 3831 ea
1525 3766 1653 3854 quidem

330 3868 406 3938 Ser*¹
437 3873 507 3938 eius
529 3894 725 3960 magnopere
748 3871 949 3956 satisfecisse,
974 3871 1031 3938 sed
1053 3881 1161 3936 tamen
1182 3867 1278 3936 facile
1299 3867 1401 3934 Ser¹·¹²
1427 3870 1496 3934 eius
1512 3866 1652 3935 animad-

329 3982 456 4040 vertere
477 3974 558 4041 haec
581 3974 707 4042 concilii
730 3977 868 4063 negocia
889 3974 963 4062 plus
985 3975 1083 4040 nimio
1106 3973 1235 4055 differri,
1271 3971 1535 4060 quandoquidem
1567 3971 1651 4038 issit

329 4087 432 4144 status
454 4076 594 4145 afflictae
615 4089 648 4144 et
668 4079 876 4168 perturbatae
898 4077 1062 4164 religionis
1084 4079 1117 4141 in
1140 4075 1257 4158 Gallia,
1280 4083 1317 4139 ut
1337 4074 1516 4161 longiorem
1531 4093 1650 4142 moram

327 4181 424 4270 plane
455 4181 617 4249 excludat.
646 4193 679 4249 et
707 4205 780 4249 cum
802 4205 855 4248 res
877 4183 922 4246 ita
943 4181 1029 4246 lente
1050 4178 1215 4268 procedat,
1245 4177 1327 4244 adeo
1356 4176 1442 4265 quod
1465 4175 1575 4243 Serfflt·
1595 4196 1650 4241 rex

329 4286 562 4376 Hispaniarum
575 4297 709 4376 propter
725 4289 901 4376 expetitam
917 4283 1189 4351 continuationem
1201 4279 1322 4348 bullam
1336 4279 1498 4367 pontificis
1513 4279 1649 4348 nondum

329 4393 556 4478 acceptaverit,
579 4393 684 4458 vereri
707 4389 809 4458 Sarmn
842 4391 973 4454 eiusne
997 4396 1154 4474 cogantur
1176 4384 1284 4451 seres·
1312 4406 1372 4450 rex
1396 4391 1428 4449 et
1442 4405 1592 4470 proceres
1612 4401 1647 4445 ac

328 4493 502 4561 consiliarii
523 4494 607 4561 illius
629 4496 730 4581 regni,
754 4516 818 4560 non
843 4501 1019 4579 expectato
1041 4511 1216 4577 progressu
1239 4487 1383 4570 concilii,
1411 4487 1576 4554 instituere
1597 4482 1646 4548 ali·

328 4619 424 4686 quam
458 4599 740 4686 congregationem
772 4599 805 4663 in
839 4618 905 4685 qua
941 4602 1136 4684 quaerantur
1168 4594 1243 4658 viae
1275 4600 1308 4657 et
1340 4591 1498 4674 rationes,
1533 4586 1642 4678 quibus

327 4713 513 4788 praesentas
536 4711 642 4767 motus
665 4723 704 4766 ac
726 4699 842 4766 fluetus
858 4699 985 4766 Galliae
1008 4698 1114 4764 sedari
1137 4707 1169 4764 et
1191 4697 1234 4763 ad
1254 4695 1521 4784 tranquillitatem
1542 4688 1642 4760 reduci

328 4814 361 4870 et
380 4805 483 4872 maior
506 4803 644 4890 denique
666 4801 833 4868 calamitas
856 4804 957 4868 averti
979 4803 1096 4889 possit,
1126 4803 1159 4867 in
1182 4823 1248 4890 qua
1269 4811 1377 4867 tamen
1400 4798 1639 4886 congregatione

328 4907 519 4996 polliceatur
540 4905 632 4974 sorr·
652 4908 720 4972 eius
743 4929 812 4973 rem
835 4908 882 4972 sic
903 4915 1011 4971 actum
1033 4907 1082 4987 iri,
1105 4928 1147 4971 ne
1170 4904 1247 4992 quid
1269 4903 1345 4969 inde
1365 4900 1583 4990 impedimenti
1595 4890 1642 4961 vel

328 5008 519 5098 praeiudicii
551 5009 658 5076 futuro
692 5008 838 5098 generali
865 5008 1000 5076 concilio
1029 5009 1194 5076 inseratur.
1229 5006 1368 5095 ideoque
1400 5003 1542 5073 voluisse
1569 5000 1640 5068 haec
