3512 5838
1352 501 1415 576 't'tt

80 694 378 782 nsignaven'mus,
401 703 438 762 ut
458 695 530 784 ipsa
549 695 642 782 regni
662 695 765 762 nostri
788 694 963 764 Bohemiae
978 706 1010 763 et
1025 697 1215 785 praesertim
1230 693 1416 785 metropolis

77 797 205 885 Pragae
229 799 346 886 pubes
367 823 388 865 a
408 800 528 866 teneris
550 798 733 888 unguiculis
756 797 910 887 religione
934 799 1094 867 catholica
1121 801 1282 867 imbuatur
1310 822 1349 867 ac
1379 823 1416 869 eo

76 900 205 966 facilius
232 905 426 990 ingruentes
449 903 598 970 haereses
621 905 836 991 reprimantur
859 913 890 970 et
912 907 1180 972 exterminentur.

178 1005 296 1072 Porro
317 1004 395 1072 licet
416 1008 465 1072 uti
486 1007 551 1071 iam
575 1007 697 1072 dictum
720 1007 870 1074 estnihil
900 1031 1009 1074 eorum
1038 1030 1120 1095 quae
1144 1007 1212 1073 fieri
1240 1016 1414 1096 potuerunt

74 1129 132 1195 pro
154 1109 296 1174 tuenda
316 1107 473 1196 τεῑίςίοηο
496 1108 655 1175 catholica
669 1119 702 1175 et
717 1111 915 1198 extirpandis
933 1111 1121 1178 haeresibus
1135 1113 1416 1200 praetermisimus,

75 1222 192 1277 contus
217 1211 408 1279 Calixtinos
436 1220 545 1278 umen
567 1213 600 1276 in
623 1211 709 1278 dicto
732 1212 854 1300 inclyto
876 1223 986 1281 nosco
1009 1213 1186 1281 Bohemiae
1212 1237 1314 1302 regno
1340 1214 1419 1280 nihil

74 1336 227 1402 unquam
252 1339 317 1384 nos
340 1316 482 1382 voluisse
505 1324 637 1400 tentare,
662 1315 923 1406 quandoquidem
952 1341 1007 1386 eos
1036 1319 1210 1406 antiquitus
1239 1341 1259 1384 a
1284 1319 1417 1406 praede

74 1419 275 1486 sessoribus
296 1422 415 1486 nostris
437 1419 590 1486 toleratos
605 1418 703 1486 luisse
720 1443 759 1486 ac
774 1423 905 1510 insuper
920 1425 1016 1488 etiam
1031 1425 1259 1488 conventiones
1275 1431 1307 1487 et
1320 1430 1417 1510 pacta

74 1523 252 1608 quaedam
278 1547 362 1612 quae
383 1523 481 1611 vulgo
496 1531 615 1589 vocant
630 1534 831 1614 compactata
853 1525 915 1590 illis
938 1549 1010 1592 cum
1034 1526 1199 1592 catholicis
1221 1526 1418 1592 intercedere

74 1629 313 1712 cognovimus,
331 1651 415 1717 quae
428 1635 631 1715 compactata
643 1628 730 1714 quod
747 1639 779 1694 et
793 1651 851 1694 nos
873 1628 1028 1695 vellemus
1043 1641 1115 1695 rata
1129 1639 1285 1716 grataque
1299 1627 1418 1695 habere

74 1729 242 1818 ipsosque
280 1731 456 1798 Calixtiuos
478 1732 612 1818 perinde
636 1754 675 1797 ac
697 1730 768 1796 illos
791 1735 847 1819 qui
869 1736 1105 1799 communicent
1127 1733 1187 1798 sub
1215 1745 1280 1798 un'a
1308 1733 1415 1799 defen·

74 1830 153 1898 dere
179 1843 218 1900 et
243 1844 465 1919 manutenere,
489 1857 562 1900 cum
585 1837 721 1923 primum
743 1838 835 1923 regni
857 1836 942 1902 illius
964 1836 1185 1923 gubernacula
1207 1837 1415 1924 suscepimus,

73 1935 172 2002 nobis
198 1961 299 2005 more
320 1939 606 2026 praedecessorum
628 1948 809 2005 nostrorum
832 1940 1050 2006 intercedente
1073 1939 1277 2006 iureiurando
1304 1938 1416 2003 firmis·

73 2040 159 2104 sime
183 2041 446 2128 promittendum
467 2043 575 2108 firisse.
598 2041 737 2130 ideoque
752 2043 883 2108 eosdem
898 2053 999 2109 status
1014 2067 1053 2108 ac
1069 2042 1196 2109 ordines
1210 2045 1302 2129 regni
1314 2043 1416 2110 nostri

74 2140 271 2210 Bohemiae
294 2167 523 2232 saepenumero
538 2147 680 2211 maximo
696 2145 847 2233 precibus
861 2169 882 2211 a
895 2148 988 2213 nobis
1004 2148 1135 2234 petiisse
1150 2155 1187 2210 ut
1201 2145 1415 2232 dignaremur,

74 2267 144 2310 non
168 2247 276 2315 modo
299 2248 469 2334 providere
491 2271 532 2314 ne
553 2258 730 2316 memorata
753 2259 963 2337 compactata,
989 2273 1072 2336 quae
1095 2248 1169 2315 olim
1185 2251 1281 2315 etiam
1303 2273 1323 2314 a
1344 2249 1415 2315 ieli-

76 2349 124 2412 cis
154 2351 398 2418 recordatiouis
418 2351 723 2440 praedecessoribus
746 2351 794 2418 ss.
813 2375 889 2418 suae
911 2353 1060 2418 dicuntur
1082 2352 1224 2418 admissa
1246 2375 1328 2436 esse,
1344 2354 1410 2420 vio·

76 2450 246 2540 lar-entur,
268 2478 380 2522 verum
404 2457 501 2521 etiam
523 2456 611 2544 apud
633 2456 743 2523 sedem
766 2457 975 2544 apostolicam
1006 2456 1171 2522 elaborare
1201 2465 1237 2522 ut
1264 2457 1333 2522 eius
1360 2477 1414 2521 au-

78 2556 222 2623 toritate
246 2560 492 2625 constitueretur
513 2561 683 2646 episcopus
699 2570 755 2625 aut
770 2559 991 2647 suffraganeus
1008 2561 1061 2646 qui
1077 2557 1264 2625 facultatem
1279 2558 1413 2625 haberet

80 2659 264 2728 ordinandi
286 2662 470 2729 sacerdotes
491 2661 563 2728 illos
587 2662 780 2743 Oalixtinos,
803 2673 839 2728 ut
861 2665 916 2752 qui
938 2685 1002 2728 non
1024 2662 1067 2728 ab
1088 2661 1258 2728 haereticis
1281 2660 1339 2728 sed
1362 2683 1414 2727 ca·

81 2760 220 2830 tholicis
243 2766 401 2852 episcopis
423 2766 543 2832 initiari
562 2788 688 2853 semper
710 2769 942 2849 consueverint,
965 2789 1006 2832 ne
1029 2767 1074 2832 eis
1099 2789 1216 2854 magno
1232 2775 1361 2854 sumptu
1373 2787 1412 2832 ac

81 2867 239 2950 periculo
261 2867 304 2933 ad
325 2867 397 2934 loca
418 2879 541 2935 remota
562 2871 595 2934 iu
617 2869 745 2936 Italiam
766 2893 870 2961 usque
891 2866 1160 2958 proficiscendum
1176 2880 1269 2954 esset,
1293 2891 1366 2935 cum
1380 2867 1414 2933 id

83 2969 166 3054 ipsis
192 2971 382 3038 ordinandis
405 2995 469 3038 non
490 2973 585 3039 modo
609 2996 709 3060 grave
732 2997 771 3040 ac
792 2996 924 3062 prorsus
946 2972 1155 3057 intolerabile,
1182 2997 1295 3040 verum
1318 2975 1413 3038 etiam

86 3073 241 3140 ecelesiis
264 3073 497 3142 cdtxfinorum
519 3078 823 3163 perniciosissimum
852 3079 892 3143 sit
914 3077 1068 3160 inunum,
1098 3076 1255 3164 siquidem
1281 3099 1414 3143 necesse

85 3172 174 3243 foret
197 3177 353 3245 ecclesias
376 3203 485 3246 eorum
507 3203 639 3266 prorsus
662 3179 799 3247 desolari
822 3191 954 3268 propter
976 3179 1136 3246 defectum
1159 3179 1358 3246 sacerdotum
1374 3203 1414 3246 ac

88 3301 246 3348 corruere
269 3305 395 3348 omnem
418 3283 538 3348 cultum
561 3281 720 3366 divinum,
750 3305 877 3349 cessare
899 3283 1205 3347 administrationem
1234 3303 1413 3348 sacramen·

87 3391 210 3464 torum,
234 3384 331 3452 dilabi
354 3397 386 3452 et
407 3385 571 3451 obliterari
594 3388 790 3450 ceremonias
813 3407 852 3450 ac
873 3384 1028 3471 populum
1054 3383 1134 3449 alias
1164 3386 1253 3472 pium
1275 3395 1308 3452 et
1329 3385 1410 3450 cbri-

89 3489 234 3554 stianum
256 3488 324 3554 sine
346 3511 407 3554 usu
429 3497 701 3554 sacramentorum
723 3487 883 3574 pecudum
905 3489 1006 3552 instar
1025 3488 1140 3574 perire.

197 3589 279 3658 cum
301 3613 378 3678 ergo
398 3614 467 3658 rem
489 3593 535 3658 ita
555 3615 590 3658 se
611 3590 741 3675 habere,
764 3593 810 3656 uti
833 3591 962 3657 ordines
989 3591 1082 3678 regni
1110 3592 1211 3657 nostri
1238 3590 1412 3658 Bohemiae

88 3692 187 3762 nobis
210 3693 371 3760 humiliter
393 3705 425 3762 et
447 3697 575 3784 saepius
598 3705 825 3784 exposuerunt,
849 3695 1048 3782 experientia
1062 3695 1135 3781 ipsa
1149 3705 1346 3782 compertum
1361 3697 1411 3782 sit,

89 3806 124 3862 et
146 3798 227 3866 dicti
249 3799 419 3866 ordinandi
439 3822 634 3887 magnopere
657 3807 844 3887 graventur,
879 3808 910 3865 et
936 3796 1080 3884 profecto
1108 3809 1144 3863 ut
1170 3798 1264 3864 nobis
1285 3798 1414 3865 videtur

90 3921 160 3967 non
193 3903 366 3988 immerito,
395 3923 453 3990 pro
481 3901 674 3989 recipiendis
703 3901 868 3968 ordinibus
889 3911 956 3967 tam
983 3901 1114 3988 longam
1147 3911 1179 3966 et
1200 3902 1412 3988 periculosam

92 4007 260 4094 suscipere
287 4006 518 4094 profectionem
547 4027 586 4072 ac
613 4007 749 4072 maiores
778 4027 875 4093 quam
904 4005 1060 4070 sustinere
1089 4014 1209 4093 queant
1229 4004 1336 4072 facere
1356 4007 1434 4072 ime

92 4129 222 4194 pensas,
245 4111 441 4198 quinetiam
463 4108 535 4177 illos
557 4109 599 4175 ab
622 4109 729 4197 aliquo
751 4118 895 4196 tempore
926 4107 1075 4174 initalia
1102 4109 1274 4195 impetrare
1301 4111 1413 4196 nequi·

92 4217 200 4280 verint
222 4236 261 4280 ac
281 4214 357 4280 inde
371 4214 462 4302 sequi
472 4215 690 4280 necessarium
700 4215 742 4279 sit
756 4211 1074 4300 maguumdefectum
1087 4221 1120 4278 et
1131 4213 1298 4299 penuriam
1310 4234 1413 4279 sacer·

95 4315 206 4386 dotum
221 4317 461 4400 Calixtinorum,
483 4341 566 4407 quae
581 4318 717 4405 penuria
737 4316 825 4384 haud
848 4316 945 4383 dubie
966 4316 1110 4382 sectariis
1124 4317 1211 4381 viam
1226 4327 1311 4382 esset
1325 4327 1413 4404 pate·

94 4415 398 4512 hcmspargendi
414 4432 446 4488 ct
452 4421 679 4488 disseminandi
685 4421 844 4503 haereses,
862 4422 1014 4510 quoniam
1026 4419 1206 4486 Calixtinus
1212 4419 1352 4508 populus
1359 4420 1414 4509 qui

97 4524 176 4594 alias
197 4537 325 4616 praeter
346 4549 440 4594 usum
462 4525 573 4592 calicis
596 4547 667 4592 sese
689 4526 723 4590 in
746 4524 894 4591 omnibus
915 4546 987 4590 cum
1009 4521 1146 4589 ecclesia
1166 4521 1325 4589 catholica
1340 4545 1413 4590 con·

98 4633 214 4698 sentire
234 4631 411 4719 profitetur,
436 4630 605 4697 destitutus
629 4628 851 4695 sacerdotibus
874 4650 951 4693 suae
972 4624 1136 4713 religionis
1150 4628 1218 4692 sine
1233 4624 1330 4692 dubio
1345 4635 1414 4692 tan·

100 4731 171 4802 dem
191 4736 299 4802 locum
321 4745 353 4802 et
374 4755 467 4801 aures
489 4733 621 4800 daturus
644 4742 729 4800 esset
750 4733 894 4799 sectariis
917 4731 1188 4797 contionatoribus
1218 4740 1250 4796 et
1276 4730 1413 4818 pseudo·

99 4838 282 4926 presbiteris
304 4862 344 4905 ac
367 4836 561 4920 doctoribus,
586 4860 606 4903 a
629 4836 754 4925 quibus,
777 4847 936 4922 utrunque
963 4857 1018 4899 eos
1041 4834 1256 4922 superioribus
1279 4836 1371 4902 aunis
1394 4856 1413 4900 e

100 4962 198 5030 regno
220 4943 380 5026 eiecimus,
403 4945 517 5008 mirum
545 4943 579 5007 in
606 4941 738 5007 modum
760 4939 950 5016 solicitatur,
980 4938 1116 5027 ideoque
1142 4939 1321 5026 periculum
1347 4960 1412 5002 ma·

102 5047 175 5116 ioris
197 5045 383 5114 defectionis
407 5058 438 5112 et
458 5044 707 5138 perturbationis
729 5065 855 5109 omnem
878 5041 1051 5110 adhibendi
1074 5043 1292 5112 convenientis
1313 5062 1412 5108 reme-
