3450 5820
351 475 412 541 m

343 661 484 730 consiliis
506 660 649 726 unanimi
681 658 839 728 dicturum
861 658 997 726 samm
1021 683 1135 750 regum
1158 681 1317 727 consensu
1354 668 1399 744 et,
1419 679 1519 745 opera
1546 659 1646 744 suscipi

344 775 510 854 queat...

446 867 615 932 Falluntur
636 867 690 932 ΕΝ
710 866 808 953 legati
830 867 980 956 opinione
1004 887 1073 950 sua,
1101 865 1176 932 dum
1200 867 1387 931 existimant
1408 867 1503 932 nobis
1526 866 1647 932 articulis

345 969 405 1034 illis
428 969 468 1036 de
490 971 713 1038 reformatione
745 993 826 1060 quos
848 980 944 1036 antea
966 969 1007 1035 ad
1029 993 1088 1035 nos
1110 971 1249 1055 misistis,
1273 971 1473 1035 satisfactum
1496 993 1574 1053 esse,
1594 975 1648 1058 qui·

344 1075 430 1138 nimo
453 1095 642 1159 persuasum
665 1073 835 1138 habuimus
857 1073 915 1138 P‘··
933 1095 1044 1138 eorum
1065 1073 1137 1138 1³²¹·
1159 1097 1224 1139 non
1255 1075 1301 1138 ita
1322 1073 1436 1139 leviter
1458 1096 1541 1162 quae
1562 1075 1591 1138 in
1610 1099 1649 1140 su-

343 1177 472 1264 perficie
495 1185 618 1242 tantum
641 1201 675 1242 se
691 1177 826 1243 offerant
847 1178 1069 1264 proposituros
1092 1187 1124 1241 et
1140 1185 1341 1260 tractaturos,
1366 1177 1422 1242 sed
1445 1201 1521 1242 mox
1537 1177 1574 1241 ad
1590 1177 1648 1242 sub·

345 1283 494 1346 stantiam
517 1290 549 1345 et
564 1290 662 1367 caput
677 1283 724 1346 rei
739 1302 965 1367 progressuros
982 1279 1091 1364 fuisse,
1115 1278 1149 1344 id
1164 1279 1251 1368 quod
1266 1281 1438 1345 etiamnum
1461 1279 1650 1345 vehementer

344 1382 563 1450 desideramus
580 1431 586 1446 .
603 1431 610 1448 .
628 1433 635 1448 .
857 1383 858 1386 ’

900 1813 1118 1900 CCXXX.

562 2029 631 2104 Die
653 2030 739 2132 'drei
768 2027 1079 2108 concitaratoreu
1107 2051 1153 2106 an
1183 2032 1256 2106 den
1286 2029 1435 2128 Kaisar3

784 2184 916 2249 urrant,
940 2187 978 2236 ra
994 2185 1124 2238 sanun
1141 2187 1231 2240 rasa

664 2363 801 2420 Romam
827 2364 971 2439 Origine&
992 2367 1023 2422 a'a
1044 2372 1135 2440 tergo:
1157 2367 1199 2422 24
1221 2365 1343 2423 Jauuar.

444 2507 485 2572 D.
510 2507 546 2574 Ο.
568 2507 786 2596 Lotharingus
815 2512 870 2598 qui
893 2534 1004 2577 omnes
1026 2509 1129 2578 bonos
1158 2512 1191 2576 in
1214 2533 1364 2597 magnam
1394 2533 1485 2600 spem
1509 2519 1651 2591 erexerat,

344 2620 418 2676 ante
440 2634 504 2676 non
527 2614 572 2678 ita
593 2612 710 2678 multos
734 2613 803 2680 diss
818 2616 851 2678 in
865 2615 1091 2680 reformatione
1103 2614 1201 2702 paulo
1223 2615 1387 2681 remissior
1401 2637 1472 2681 esse
1488 2615 1654 2694 videbatur,

345 2737 442 2802 quam
463 2713 540 2780 boni
555 2718 615 2781 viri
630 2715 750 2782 vellent
765 2727 797 2782 et
812 2719 881 2806 ipse
903 2719 995 2785 initio
1018 2717 1224 2804 ostendebat;
1248 2741 1333 2784 nunc
1354 2741 1432 2785 vero
1458 2720 1527 2784 sive
1548 2717 1652 2782 nostris

345 2829 377 2884 et
398 2820 523 2906 piorum
545 2828 673 2906 patrum
702 2843 741 2886 ac
767 2824 954 2905 praesertim
985 2821 1198 2888 Granatensis
1228 2833 1260 2888 et
1286 2819 1422 2888 aliorum
1450 2823 1654 2910 Hispanorum

344 2922 482 3006 monitis,
507 2925 575 2988 sive
598 2945 656 2988 sua
679 2935 800 3011 sponte,
826 2926 894 2992 sive
917 2927 1022 3006 etiam,
1053 2925 1140 3014 quod
1162 2927 1266 3012 magis
1289 2926 1458 3009 eredimus,
1482 2926 1536 2992 dei
1557 2925 1654 2990 volun·

343 3033 408 3090 tate
431 3025 581 3092 incitatus
604 3028 650 3093 ita
672 3049 706 3094 se
729 3050 807 3116 erga
830 3029 1088 3095 reformationem
1114 3030 1289 3095 animatum
1312 3029 1450 3096 ostendit
1472 3038 1518 3109 ut,
1542 3025 1654 3114 siquid

346 3129 529 3195 coniectura
556 3132 708 3219 consequi
737 3130 821 3215 lieet,
851 3131 1005 3221 quicquid
1033 3134 1066 3198 in
1093 3131 1155 3198 hoc
1178 3132 1313 3198 concilio
1346 3132 1424 3198 boni
1447 3133 1652 3210 coustituetur,

345 3232 413 3297 eius
436 3235 577 3299 maxima
607 3257 684 3322 pars
707 3235 769 3322 ipsi
791 3237 936 3323 inprimis
959 3235 1130 3303 tribuenda
1153 3238 1201 3301 sit
1234 3235 1320 3325 quod
1343 3237 1386 3301 ad
1407 3235 1652 3302 reformationem

348 3337 460 3402 attinet
481 3359 564 3402 uuus
587 3337 640 3404 hic
661 3337 833 3425 plurimum
855 3348 971 3426 potest
995 3361 1069 3404 nam
1091 3349 1220 3426 praeter
1241 3363 1317 3407 suos
1332 3337 1446 3405 Gallos
1469 3341 1527 3426 qui
1541 3336 1652 3410 adsunt,

344 3438 461 3505 multos
477 3441 570 3506 etiarn
586 3438 667 3505 alios
684 3449 751 3506 tum
768 3441 937 3529 episcopos
953 3451 1020 3508 tum
1036 3442 1171 3510 abbates
1184 3452 1350 3530 expectat3
1374 3442 1514 3529 Hispani
1530 3459 1652 3528 quoque,

348 3541 442 3608 modo
465 3544 630 3630 promissis
653 3555 724 3627 stet
751 3544 813 3610 hoe
836 3555 885 3612 est
906 3545 1165 3612 reformationem
1187 3567 1302 3631 urgere
1323 3544 1411 3623 velit,
1434 3545 1476 3610 ab
1500 3547 1566 3610 eius
1592 3564 1649 3606 sen·

346 3647 447 3712 tentia
461 3670 525 3712 non
543 3646 723 3732 discedent;
746 3649 830 3712 inter
851 3647 951 3714 Italos
973 3651 1070 3714 etiam
1092 3671 1156 3714 non
1180 3649 1275 3735 pauci
1297 3657 1372 3713 sunt
1396 3649 1457 3712 viri
1472 3648 1520 3734 pii
1534 3655 1565 3712 et
1580 3645 1651 3710 bene

348 3749 462 3815 affecti.
485 3759 614 3838 praeter
635 3748 846 3834 haecomnia,
870 3747 956 3838 quod
978 3750 1151 3838 plurimum
1172 3750 1215 3816 ad
1231 3775 1297 3816 rem
1313 3751 1400 3835 facit,
1423 3750 1465 3815 D.
1482 3749 1578 3836 legati
1595 3749 1652 3812 sive

345 3854 515 3918 autoritate
538 3854 606 3918 eius
627 3855 771 3940 permoti,
795 3855 863 3919 sive
886 3863 973 3920 metu
995 3853 1125 3920 adducti
1147 3855 1321 3942 plurimum
1343 3854 1371 3920 ei
1394 3853 1549 3936 tribuunt,
1570 3852 1653 3916 etita

346 3955 477 4043 quidem
498 3967 533 4021 ut
547 3979 653 4043 pauca
668 3956 841 4023 admodum
857 3980 895 4022 eo
912 3959 1013 4023 inscio
1029 3957 1164 4045 posthac
1178 3957 1346 4023 tractaturi
1360 3956 1540 4022 videantur.
1561 3965 1652 4019 metus

348 4069 455 4127 autem
478 4062 506 4124 is
535 4069 583 4126 est
604 4083 655 4144 ne,
685 4062 711 4125 si
734 4062 803 4126 eius
825 4060 984 4126 voluntati
1005 4071 1037 4126 et
1065 4060 1226 4127 desiderio
1257 4060 1396 4126 hicnon
1418 4060 1561 4141 satisfiat,
1591 4077 1652 4122 cum

348 4163 414 4228 suis
441 4164 515 4230 hinc
537 4163 681 4229 discedat
709 4173 740 4230 et
763 4165 795 4229 in
818 4163 926 4229 Gallia
948 4165 1109 4231 nationale
1137 4165 1307 4231 concilium
1337 4173 1441 4251 cogat,
1471 4185 1491 4227 a
1513 4171 1650 4251 quotum

346 4265 388 4330 D.
405 4265 513 4353 legati,
536 4276 604 4332 turn
619 4267 740 4332 Romae
763 4269 817 4355 qui
842 4277 916 4332 sunt
930 4267 1109 4334 cardinales
1131 4269 1273 4336 maxime
1295 4269 1407 4333 timent
1421 4288 1526 4355 neque
1540 4263 1649 4330 iniuria

348 4367 410 4436 hoc
438 4393 496 4435 nos
518 4393 582 4436 uon
610 4380 675 4436 tam
699 4393 742 4436 ex
765 4369 835 4435 aliis
858 4393 955 4459 quam
984 4371 1148 4458 exipsius
1171 4371 1207 4436 (l.
1230 4369 1420 4456 Letharingi
1447 4368 1555 4436 verbis
1573 4363 1649 4430 intel-

346 4471 446 4558 ligere
468 4476 638 4560 potuimus,
670 4476 724 4562 qui
747 4473 877 4562 quidem
900 4473 995 4539 valde
1017 4476 1119 4540 amice
1142 4482 1174 4542 et
1195 4473 1394 4540 familiariter
1417 4495 1477 4539 sua
1497 4472 1648 4539 nobiscum

346 4577 479 4644 consilia
501 4578 737 4644 communicat.
754 4626 762 4642 .
779 4625 786 4642 .

446 4682 586 4768 Rogavit
606 4705 666 4749 nos
688 4680 774 4747 idem
796 4680 838 4746 D.
863 4681 898 4748 O.
921 4680 1149 4768 Letharingus,
1171 4680 1221 4748 M*
1242 4681 1282 4748 V.
1307 4681 1340 4747 S.
1363 4679 1525 4746 humiliter
1545 4672 1647 4764 suppli·

347 4808 492 4853 caremus
514 4796 550 4852 ut
565 4835 572 4852 .
589 4837 622 4854 ..
646 4788 797 4876 dignetur
818 4809 891 4852 cum
913 4788 1051 4873 primum
1072 4789 1190 4874 poterit
1212 4785 1252 4850 D.
1276 4785 1426 4852 comitem
1449 4807 1470 4850 a
1491 4784 1577 4849 Luna
1594 4779 1646 4841 hut

346 4891 407 4958 iter
428 4913 522 4957 suum
546 4891 726 4958 accelerare
749 4890 859 4957 iubere
882 4889 923 4955 ab
947 4911 1050 4978 eoque
1072 4892 1246 4977 requirere,
1274 4897 1311 4954 ut
1331 4888 1581 4956 reformationem
1602 4901 1645 4945 cu·

346 5019 420 5064 rare
442 5019 485 5064 ex
507 4998 613 5063 auimo
635 4995 714 5064 velit
736 5006 777 5081 et,
807 5018 880 5062 cum
901 4994 956 5064 hic
976 4996 1046 5079 erit,
1069 4995 1238 5082 episcopos
1260 4993 1314 5081 qui
1336 4994 1369 5060 in
1391 5015 1491 5080 regno
1512 4983 1643 5072 Neapoli·
