3498 5830
337 689 409 731 eam
438 689 560 732 meram
582 678 615 733 et
636 667 872 734 fraudulentam
902 669 1139 737 cavillationem
1168 670 1236 736 fore
1264 671 1307 736 ad
1335 671 1542 738 evertendam
1565 669 1676 758 plane

336 778 434 856 atque
450 771 702 838 convellendam
724 795 839 860 nempe
862 777 1112 842 transactionem
1133 775 1368 859 Pataviensem,
1391 784 1502 862 utpote
1517 773 1614 862 quod
1634 777 1679 840 sit

335 871 580 940 fundamentum
595 878 686 962 pacis
703 876 743 943 ds
758 875 913 963 religione
928 880 1010 944 inter
1026 878 1154 945 ordines
1169 880 1294 966 imperii
1315 880 1423 944 initae.
1444 901 1521 943 nam
1536 879 1677 944 etiamsi

336 977 393 1042 fiat
407 979 440 1042 in
462 982 678 1046 transactione
701 991 877 1048 memorata
891 981 1076 1048 Pataviensi
1098 983 1216 1050 mentio
1232 982 1273 1050 de
1289 981 1476 1070 quaerenda
1490 981 1678 1048 concordia

336 1082 370 1145 in
391 1080 545 1168 religione
567 1086 732 1169 perviam
762 1085 887 1150 concilii
915 1095 971 1150 aut
993 1085 1144 1172 colloquii
1166 1095 1238 1168 ete,
1266 1097 1374 1151 tamen
1402 1095 1541 1150 mentem
1566 1095 1605 1150 et
1628 1087 1677 1150 in-

336 1185 510 1251 tentionem
532 1189 778 1274 transigentium
799 1189 982 1277 respexisse
1004 1199 1070 1254 tam
1093 1189 1136 1256 ad
1157 1190 1232 1255 novi
1256 1187 1381 1256 concilii
1413 1187 1682 1255 celebrationem·

336 1309 434 1373 quarn
456 1290 552 1354 etiarn
575 1289 618 1354 ad
632 1313 753 1356 novum
770 1290 981 1382 colloquium;
1004 1292 1139 1378 proinde
1155 1291 1427 1380 quemadmodum
1443 1315 1508 1358 non
1523 1295 1678 1379 potuerit

336 1392 460 1456 virtute
477 1394 540 1457 iarn
565 1392 670 1459 dictae
685 1397 911 1460 transactionis
927 1396 1049 1460 institui
1065 1397 1261 1462 continuatio
1276 1395 1372 1461 ullius
1387 1398 1551 1482 praeteriti
1570 1395 1676 1462 collo·

336 1495 411 1580 quii,
435 1496 481 1559 ita
503 1518 633 1585 quoque
655 1496 777 1561 nullum
804 1498 911 1563 locum
939 1497 1097 1585 reliquum
1120 1521 1191 1565 esse
1220 1500 1450 1566 continuationi
1472 1501 1675 1586 cuiusquam

334 1597 385 1664 vel
408 1597 587 1696 Tridentini
608 1599 662 1666 vel
684 1601 846 1668 vicentini
868 1601 920 1668 vel
936 1601 1104 1668 Mantuani
1120 1602 1173 1668 vel
1195 1602 1326 1668 alterius
1349 1603 1513 1690 praeteriti
1536 1602 1675 1668 concilii

337 1710 368 1766 ct
390 1704 577 1788 praesertim
599 1703 788 1785 Tridentini,
820 1707 852 1770 in
882 1728 946 1793 quo
968 1707 1116 1772 nimirum
1140 1715 1302 1772 constaret
1324 1705 1412 1774 edita
1432 1705 1533 1772 fuisse
1555 1708 1675 1772 inania

339 1804 499 1892 quaedam
523 1804 653 1872 decreta
677 1816 790 1874 contra
811 1809 996 1874 universam
1013 1809 1246 1876 confessionem
1260 1809 1495 1896 Augustanam,
1519 1809 1674 1874 eiusdem

336 1908 545 1974 confessionis
562 1909 697 1976 statibus
720 1933 826 1998 neque
847 1912 1072 1998 praesentibus
1101 1935 1206 2000 neque
1230 1912 1357 1991 auditis,
1380 1915 1414 1978 in
1435 1913 1673 1999 gravissimum

336 2034 375 2078 ac
397 2011 597 2079 intolerabile
619 2015 853 2101 praeiudicium
876 2024 908 2081 et
929 2012 1139 2102 vilipendium
1162 2039 1372 2104 eorumquae
1388 2016 1482 2082 divus
1498 2014 1672 2103 quondam

333 2116 507 2202 imperator
529 2116 664 2183 Carolus
687 2119 817 2205 quintus
840 2128 997 2204 augustae
1019 2121 1192 2186 memoriae
1214 2119 1314 2184 frater
1336 2142 1375 2185 ac
1391 2119 1541 2186 dominus
1557 2127 1674 2184 noster

335 2217 542 2286 charissimus
564 2222 597 2285 in
619 2219 681 2285 bac
703 2230 794 2307 parte
818 2220 979 2308 pollicitus
1000 2221 1124 2287 fuisset.

437 2324 492 2390 Ad
507 2323 588 2390 haec
603 2325 704 2391 verba
718 2328 943 2392 transactionis
958 2326 1160 2392 Pataviensis
1176 2328 1341 2414 requirere
1356 2326 1492 2392 liberum
1516 2325 1668 2392 christia·

334 2451 411 2493 num
431 2437 464 2494 et
478 2428 628 2515 generale
644 2429 824 2508 concilium,
847 2429 905 2496 sed
927 2453 944 2495 e
968 2430 1095 2496 diverso
1118 2431 1278 2496 notorium
1300 2439 1333 2496 et
1353 2429 1563 2496 manifestum
1587 2450 1671 2510 esse,

335 2531 423 2618 quod
446 2532 616 2599 concilium
638 2533 861 2600 Tridentiuum
882 2557 948 2599 non
970 2535 1066 2599 fuerit
1087 2533 1249 2620 generale,
1272 2534 1349 2620 quia
1370 2555 1453 2598 unus
1476 2555 1518 2598 ex
1541 2533 1669 2619 praeci·

336 2636 409 2720 puis
432 2644 465 2700 et
485 2637 714 2720 potentissimis
738 2636 824 2702 orbis
848 2637 1012 2702 christiani
1033 2636 1174 2724 regibus,
1192 2637 1219 2701 is
1233 2637 1383 2702 nimirum
1399 2637 1454 2724 qui
1469 2657 1505 2702 se
1519 2637 1669 2723 patiatur

334 2735 490 2824 appellari
520 2737 827 2822 christianissimum,
862 2739 941 2805 illud
969 2741 1200 2826 protestatione
1223 2740 1414 2826 interposita
1441 2761 1500 2825 pro
1529 2737 1669 2805 coneilio

332 2838 469 2906 noluerit
483 2862 668 2928 agnoscere,
692 2844 748 2930 qui
768 2865 830 2908 nec
851 2844 981 2908 unicum
1006 2844 1194 2929 episcopum
1208 2843 1241 2906 in
1254 2850 1346 2906 tanta
1359 2844 1452 2928 regni
1467 2844 1538 2908 eius
1554 2841 1667 2928 ampli·

335 2943 446 3012 tudine
467 2944 544 3011 illuc
566 2948 697 3030 miserit,
720 2957 885 3034 utcunque
907 2945 988 3012 illud
1010 2969 1144 3033 regnum
1168 2947 1200 3012 id
1224 2968 1326 3032 genus
1348 2945 1533 3012 bominibus
1557 2949 1602 3010 sit
1621 2969 1666 3010 re-

329 3047 557 3134 fertissimum
591 3072 696 3138 neque
720 3052 752 3116 in
773 3053 1028 3138 praesentiarum
1051 3049 1169 3134 valere,
1193 3051 1318 3118 etiamsi
1340 3059 1497 3137 exparte
1518 3049 1666 3116 moderni

332 3153 417 3238 regis
440 3151 568 3217 Galliae
597 3155 828 3220 continuationi
861 3155 952 3218 istius
986 3153 1192 3220 conciliabuli
1214 3155 1393 3222 Tridentini
1427 3152 1495 3236 (tali
1523 3175 1665 3240 namque

332 3257 460 3351 nomine
475 3256 607 3340 vocant)
631 3279 782 3322 assensus
805 3256 910 3342 lieret;
947 3255 1034 3322 hunc
1063 3259 1148 3322 enim
1183 3281 1254 3324 esse
1277 3279 1386 3324 casum
1408 3259 1665 3343 praeteritorum,

331 3382 396 3425 uon
411 3361 635 3445 praesentium,
658 3359 797 3448 ideoque
818 3359 1014 3426 manendum
1035 3360 1105 3426 fore
1135 3363 1168 3425 in
1190 3363 1334 3426 terminis
1355 3361 1604 3447 praeteritorum
1626 3380 1663 3424 ae

331 3462 543 3529 insistendum
564 3464 604 3528 iis
626 3485 711 3550 quae
732 3465 856 3530 ratione
878 3463 973 3530 buius
996 3465 1161 3551 praeteriti
1184 3473 1217 3528 et
1231 3473 1305 3530 ante
1321 3463 1512 3530 decennium
1528 3463 1661 3530 extincti

332 3565 458 3634 concilii
480 3567 604 3652 priores
627 3566 754 3634 Galliae
776 3590 870 3654 reges
893 3567 1089 3633 F'rsnciscus
1111 3576 1144 3633 et
1158 3567 1330 3634 Heinricus
1354 3577 1496 3650 egerunt,
1518 3576 1557 3632 ut
1579 3586 1661 3654 quae

331 3693 390 3756 per
410 3679 614 3757 praesentem
636 3693 747 3758 regem
769 3680 876 3736 aetate
898 3669 1005 3736 adhuc
1019 3692 1157 3759 puerum
1172 3679 1204 3736 et
1224 3672 1443 3736 minorennem
1459 3669 1661 3756 nonpossint

330 3796 391 3840 nee
414 3773 554 3840 debeant
576 3797 617 3838 ex
640 3782 713 3860 post
735 3773 821 3839 facto
842 3775 1011 3839 retractari
1034 3775 1102 3840 sive
1118 3775 1234 3838 mutari
1250 3771 1438 3859 nullumque
1460 3772 1568 3839 locum
1590 3793 1658 3836 esse

332 3875 589 3944 cavillationibus
612 3879 645 3942 in
659 3879 795 3963 negocio
819 3878 879 3942 isto
896 3899 967 3954 non
989 3887 1229 3964 temporaneam
1245 3875 1416 3942 utilitatem
1435 3875 1588 3964 aliquam,
1604 3872 1658 3938 sed

330 3991 520 4068 perpetuam
553 3979 690 4045 salutem
712 3981 891 4046 animarum
919 3982 1118 4066 respiciente.
1152 4002 1258 4066 neque
1280 4001 1377 4065 posse
1399 3979 1522 4056 Romam
1546 3981 1579 4044 in
1601 3979 1657 4042 isto

329 4086 464 4171 negocio
487 4093 554 4148 tam
569 4085 683 4171 gravia
706 4093 738 4148 et
759 4082 880 4149 ferocia
902 4082 1037 4149 consilia
1058 4085 1188 4170 suscipi,
1211 4091 1246 4147 ut
1267 4081 1330 4148 illis
1351 4105 1418 4148 non
1440 4092 1539 4170 queat
1561 4082 1652 4147 etiam

331 4187 535 4275 gravioribus
558 4196 590 4254 et
611 4184 823 4252 ferocioribus
846 4187 981 4266 occurri,
1010 4208 1084 4251 cum
1105 4208 1170 4250 non
1193 4184 1299 4252 desint
1320 4207 1362 4250 ex
1385 4184 1447 4251 bac
1468 4194 1561 4274 parte
1584 4203 1654 4270 quo·

330 4314 392 4379 que
407 4293 468 4357 viri
490 4289 532 4356 ab
556 4289 711 4355 altissimo
734 4312 774 4354 ea
794 4289 967 4376 prudentia
989 4298 1021 4353 et
1043 4289 1187 4376 potentia
1215 4287 1371 4376 praediti,
1402 4298 1438 4354 ut
1466 4307 1652 4377 quocunque

330 4393 578 4462 tandummodo
602 4393 779 4480 oportuerit
800 4415 868 4458 rem
892 4391 1068 4478 gerendam
1091 4393 1272 4478 suscepturi
1295 4393 1367 4456 sint

429 4497 602 4564 Praeterea
623 4496 677 4562 bic
698 4517 764 4560 non
786 4494 890 4560 solum
912 4496 966 4582 agi
987 4517 1055 4562 rem
1072 4493 1246 4561 electorum
1260 4495 1442 4581 principum
1466 4505 1498 4562 et
1513 4492 1651 4561 ordinum

330 4602 541 4689 Augustanus
564 4599 785 4682 confessionis,
808 4597 960 4664 sedeam
983 4597 1026 4664 ad
1054 4596 1134 4662 alios
1158 4619 1286 4686 quoque
1308 4619 1402 4686 reges
1425 4607 1458 4664 et
1477 4603 1652 4684 potentatus

331 4716 483 4774 externos
500 4705 555 4790 qui
566 4702 791 4788 Augustanam
809 4701 1043 4767 confessionem
1058 4701 1248 4786 profitentur
1263 4702 1474 4767 communiter
1489 4701 1648 4788 pertinere·

483 4805 548 4874 Ubi
571 4815 604 4870 et
625 4802 706 4868 illud
728 4803 963 4869 advertendum
992 4813 1042 4868 est
1075 4803 1163 4891 quod
1188 4826 1274 4870 nunc
1306 4825 1434 4892 quoque
1465 4803 1647 4890 accepimus

283 4991 286 4998 Ι
329 4912 492 4999 principes
515 4918 548 4974 et
569 4905 698 4973 ordines
721 4908 799 4972 istos
822 4905 1035 4994 Augustsnae
1051 4907 1261 4973 confessionis
1275 4907 1449 4994 plurimum
1463 4907 1571 4974 favere
1585 4919 1647 4988 par·

327 5016 416 5081 tibus
438 5010 615 5092 Gallorum,
639 5011 694 5100 qui
722 5011 866 5076 excitata
897 5009 1054 5076 seditione
1082 5019 1196 5076 contra
1220 5033 1330 5096 regem
1359 5008 1644 5076 christianissimum
