3498 5818
703 911 790 1007 OL.

363 1158 442 1234 Der
469 1159 600 1234 Καίσων
626 1177 674 1232 sn
701 1159 763 1234 die
789 1156 1124 1248 Oeneilorstorcn3

554 1312 652 1377 Pup,
671 1312 711 1361 66
728 1309 860 1362 Januar
879 1313 965 1362 issu.

494 1517 601 1572 Wiener
625 1516 803 1574 melaena.
829 1517 952 1590 Concept.

488 1619 668 1675 lambraoker
692 1619 872 1678 Corscilaoton·
898 1621 986 1691 (lepis.

591 1815 817 1881 Ferdinsndus
841 1825 901 1881 eto.

177 1985 234 2052 1³⁶·
258 1986 375 2054 devote
397 2009 435 2054 sc
458 1987 605 2075 egregie,
635 1987 747 2054 fideles
768 1988 862 2055 nobis
892 1985 1010 2054 dilecti.
1043 1985 1179 2054 rolatum
1208 1986 1251 2053 ud
1279 2008 1338 2053 nos
1366 1996 1416 2052 est

83 2086 148 2151 Β*
171 2088 354 2156 cardinales
376 2091 506 2156 nomine
529 2090 581 2156 8⁰¹
599 2091 641 2156 D.
663 2092 703 2156 N.
726 2093 759 2158 in
783 2089 919 2158 concillo
937 2091 1158 2178 praesidentes
1174 2108 1328 2155 unacum
1345 2109 1414 2154 eae·

83 2193 152 2256 teris
174 2193 237 2258 Ru.
254 2215 293 2258 sc
309 2192 392 2260 Vis..
413 2193 558 2280 patribus
581 2194 701 2259 ibidem
724 2193 938 2260 existentibus
960 2203 1094 2282 propter
1106 2202 1294 2282 praesentes
1309 2202 1414 2259 motus

83 2316 118 2358 sc
137 2317 249 2360 rerum
271 2295 546 2382 perturbationem
567 2295 713 2362 nonnihil
734 2297 903 2384 perculsos
925 2298 958 2361 in
974 2296 1177 2363 solicitudine
1192 2305 1226 2361 et
1239 2305 1327 2360 metu
1340 2298 1412 2362 ven

83 2399 149 2480 sari,
172 2399 220 2462 its
243 2397 331 2486 quod
351 2399 495 2466 fortassis
524 2397 565 2464 ob
588 2397 672 2464 hanc
694 2421 826 2466 caumm
848 2399 1017 2466 consilium
1040 2401 1165 2488 capturi
1187 2399 1252 2464 sint
1273 2395 1313 2464 de
1336 2418 1411 2466 uon·

83 2499 152 2566 cilio
175 2501 214 2566 in
234 2499 333 2566 slium
354 2500 461 2567 locum
484 2503 716 2568 transferendo.
746 2505 806 2568 etsi
833 2513 942 2569 autem
970 2503 1180 2572 recordemur
1198 2503 1233 2567 in
1254 2523 1294 2568 ea
1315 2520 1413 2590 quem

82 2604 172 2671 vobis
195 2605 462 2693 praeseripsimus
484 2605 602 2692 egendi
623 2605 763 2672 formula
784 2629 842 2672 seu
868 2607 1095 2688 instructione,
1120 2605 1278 2673 contineri
1299 2606 1414 2670 srticu

83 2706 145 2774 lum
169 2708 229 2774 ubi
255 2707 410 2774 iubemini
437 2710 471 2773 in
498 2709 586 2775 lrnnc
616 2720 768 2775 eventum
799 2733 864 2800 quo
893 2722 1001 2800 patres
1030 2719 1214 2800 spectarent
1244 2709 1286 2774 ad
1313 2719 1415 2773 trans-

83 2811 233 2879 lationem
256 2811 309 2878 vel
331 2813 574 2899 suspensionem
597 2811 739 2896 concilii,
762 2837 798 2880 re
827 2817 1063 2882 communicata
1091 2835 1165 2881 oum
1192 2813 1327 2879 Serum·
1354 2799 1415 2877 'Hr-

83 2918 269 3004 spaniarum
291 2926 324 2980 et
344 2915 472 2982 Galliae
494 2936 607 3002 regum
630 2917 821 3001 oratoribus,
844 2917 1026 2984 istiusmodi
1047 2905 1291 2984 translationem
1314 2926 1412 2982 etsu-

84 3021 288 3108 spensionem
310 3019 397 3085 omni
420 3040 484 3106 quo
506 3020 652 3106 poteritis
676 3019 771 3086 modo
795 3021 960 3108 impedire,
984 3043 1058 3087 oum
1080 3031 1189 3086 tamen
1208 3041 1298 3085 nune
1317 3017 1414 3107 paulo

84 3123 177 3190 ultius
210 3121 451 3188 consideremus
486 3131 518 3186 et
544 3121 781 3209 perpendamus
812 3121 1033 3190 difficultatem
1061 3125 1239 3211 praesentis
1259 3123 1415 3210 temporis

85 3249 122 3292 so
142 3225 343 3314 periordosos
358 3235 463 3290 motus
479 3226 535 3312 qui
549 3247 654 3312 nuper
667 3227 806 3312 primum
820 3225 957 3313 gliscere
972 3235 1155 3313 coeperunt,
1172 3236 1295 3292 mutata
1307 3227 1416 3314 priore

85 3331 242 3396 sententis
263 3328 441 3394 secundum
464 3331 674 3394 mutationem
696 3331 913 3416 praesentium
935 3351 1041 3394 rerum
1058 3339 1091 3394 et
1106 3338 1296 3416 temporum,
1319 3329 1413 3394 vobis

85 3433 223 3520 benigne
245 3433 450 3518 iniungimus,
474 3431 603 3518 qusndo
627 3432 705 3498 dicti
726 3432 782 3496 ΒΙιΙι
804 3430 983 3498 cardinales
1006 3455 1045 3498 ac
1065 3428 1287 3519 praesidentes
1310 3443 1413 3498 caete·

86 3539 173 3624 rique
195 3535 245 3601 1t⁶¹
268 3545 300 3601 et
322 3535 382 3601 V¹··
412 3544 519 3622 patres
547 3533 646 3600 talem
676 3527 941 3602 deliberationem
970 3536 1151 3622 suscepturi
1177 3545 1287 3600 essent
1316 3545 1414 3622 atque

84 3663 135 3705 res
157 3641 199 3706 sd
221 3661 281 3706 vos
305 3661 432 3727 quoque
454 3635 555 3702 veluti
578 3647 721 3704 oratores
744 3639 980 3705 commissarios
1003 3648 1035 3704 et
1057 3637 1273 3704 mandatarios
1287 3645 1415 3704 nostros

87 3741 273 3826 deferretur,
296 3751 331 3806 ut
352 3741 431 3806 nihil
453 3741 487 3805 in
508 3741 570 3806 hoc
585 3741 721 3828 negocio
737 3742 899 3807 suadeatis
916 3751 972 3807 sut
987 3741 1192 3824 disuadeatis,
1210 3742 1267 3806 sed
1281 3743 1415 3806 interro·

86 3849 151 3931 gati
182 3868 242 3934 pro
276 3855 385 3910 vestra
416 3854 508 3930 parte
541 3843 679 3910 laudetis
713 3854 746 3910 et
777 3845 920 3933 probetis
949 3867 1022 3912 esm
1049 3845 1239 3910 sententiam
1262 3847 1296 3910 in
1318 3841 1416 3932 quain

87 3949 179 4036 plura
210 3959 340 4036 patrum
373 3949 526 4032 suffragia
553 3947 787 4014 inclinaverint.
822 3949 856 4013 id
886 3959 992 4014 autem
1020 3971 1041 4014 a
1067 3947 1160 4013 vobis
1190 3948 1277 4013 omni
1311 3947 1415 4014 studio

89 4055 194 4120 caveri
222 4052 372 4118 volumus
400 4075 441 4116 ne
472 4051 566 4115 huius
588 4051 716 4117 articuli
738 4061 853 4139 sponte
875 4051 973 4116 ullam
995 4052 1190 4117 mentionem
1211 4048 1341 4137 publice
1362 4049 1416 4115 vel

87 4157 236 4244 privatim
258 4156 417 4236 iniicistis,
442 4155 499 4220 sed
522 4156 701 4242 expectetis
724 4156 828 4222 donee
850 4154 1048 4240 intelligatur
1071 4153 1148 4242 quid
1171 4151 1226 4218 alii
1249 4154 1281 4217 in
1304 4152 1366 4218 heo
1380 4173 1415 4218 ne

88 4261 247 4346 egendum
268 4270 302 4325 et
321 4259 552 4326 instituendum
574 4259 644 4324 fore
666 4259 805 4326 sentiant
828 4269 860 4325 ct
881 4267 1064 4347 proponant
1079 4286 1089 4322 r
1104 4305 1137 4325 ..
