3498 5830
100 727 164 788 sse3
185 713 335 772 attamen
356 705 564 792 acquiescere
586 725 646 770 nos
667 703 701 767 in
722 699 785 768 bac
805 708 900 787 parte
920 699 1079 768 voluntati
1101 702 1155 772 8⁸¹·
1182 703 1216 772 S.
1223 754 1233 788 ,
1259 704 1287 770 si
1309 702 1402 770 aliter

95 805 144 874 fai
162 819 320 896 nequeat,
351 807 525 884 dummodo
551 806 615 873 hoo
635 811 807 893 praetextu
827 825 894 870 non
914 803 949 870 id
969 813 1086 892 agatur
1106 808 1195 896 quod
1215 808 1304 896 prius
1327 829 1401 874 con·

95 909 182 976 ilum
220 911 347 978 ibidem
380 913 592 979 continuetur.
628 931 741 976 verum
765 909 930 976 enimvero
957 930 1023 974 non
1049 911 1279 979 intermisimus
1305 911 1403 978 etiarn

91 1014 273 1102 saepedictis
297 1017 423 1082 nunciis
446 1037 626 1103 proponere
655 1011 810 1101 oppidum
837 1020 982 1078 nostrum
1003 1013 1182 1104 Insprugg‚
1215 1015 1303 1105 quod
1330 1036 1403 1081 cum

89 1119 190 1186 lubeat
210 1120 357 1188 eandem
379 1121 585 1189 securitatem
606 1140 690 1207 quae
712 1115 871 1203 allegatum
893 1115 934 1182 de
955 1115 1125 1204 Tridento,
1159 1143 1234 1186 cum
1256 1121 1297 1185 sit
1317 1120 1403 1184 intra

86 1223 179 1290 buces
212 1223 354 1312 Alpium
386 1226 505 1307 situm,
541 1231 685 1311 praestet
719 1222 817 1288 etiam
848 1220 1003 1288 Tridento
1038 1223 1278 1310 opportunitate
1311 1223 1400 1306 situs,
1509 1250 1513 1261 ¹

85 1327 323 1394 ementibus
313 1351 348 1394 un
368 1328 551 1417 propinquo
572 1323 719 1414 pluribus
742 1322 904 1412 oppidulis
926 1322 1006 1390 locis
1029 1333 1062 1391 et
1082 1324 1168 1392 villis
1198 1348 1281 1415 quae
1309 1347 1402 1412 mag·
1447 1315 1457 1334 ⁶

85 1454 147 1496 ιιιι
165 1430 343 1498 bominum
365 1453 532 1496 numerum
555 1452 673 1516 capere
686 1437 832 1548 possent,
850 1425 909 1494 ubi
923 1428 1021 1494 etiam
1037 1429 1248 1496 commoditas
1262 1427 1402 1496 fluminis

12 1547 13 1572 i
85 1531 155 1598 Omi
176 1557 224 1601 ex
248 1533 322 1601 aliis
344 1533 541 1600 Germaniae
562 1532 738 1622 provinciis
761 1532 926 1618 copiosam
948 1553 1109 1598 annonam
1131 1541 1164 1599 et
1184 1554 1279 1600 omne
1300 1553 1402 1619 genus

83 1636 267 1704 ιιιιιιιιιιιιιι
288 1637 497 1725 suppeditare
519 1645 634 1725 potest.
680 1643 843 1702 caeterum
865 1634 906 1701 ds
928 1643 1072 1723 tempore
1094 1633 1259 1702 indicendi
1281 1644 1314 1701 et
1328 1657 1402 1702 con·

83 1739 210 1806 rocmdi
246 1740 376 1808 concilii
401 1741 623 1829 acquievimus
655 1739 767 1806 itidem
789 1735 843 1804 8⁰⁰¹
874 1736 917 1802 D.
945 1737 985 1804 N.
1019 1735 1193 1824 voluntati,
1228 1737 1401 1806 dummodo

12 1829 13 1832 ¹
83 1841 161 1908 robis
185 1844 288 1912 detur
310 1853 497 1933 competens
519 1845 665 1932 spacium
687 1840 849 1908 maenadi
871 1863 945 1908 cum
955 1840 1169 1929 Augustanos
1191 1842 1402 1910 confessionis

11 2006 12 2036 p
82 1943 253 2014 titiim'bum
279 2025 283 2034 ¹
1297 1979 1307 2014 ι

11 2039 12 2054 ’
173 2050 312 2120 Exinde
334 2059 468 2118 ventum
490 2049 604 2118 estad
624 2049 893 2132 reformationem,
915 2048 972 2114 ubi
992 2071 1051 2136 pro
1074 2057 1185 2116 nostro
1206 2048 1277 2116 uelo
1299 2059 1333 2116 et
1352 2072 1402 2115 ar·

83 2147 160 2216 denti
182 2154 353 2222 iuvandae
374 2153 539 2242 religionis
560 2176 600 2220 ac
620 2152 818 2240 reipublicae
840 2151 946 2219 studio
968 2174 1033 2220 non
1053 2153 1216 2240 potuimus
1236 2175 1297 2220 nos
1327 2176 1401 2220 oon·

81 2253 182 2340 tinere,
208 2261 292 2346 quin
312 2279 437 2325 moram
458 2267 491 2324 st
513 2257 749 2324 cunctationem
772 2278 856 2345 quae
870 2264 938 2324 tam
952 2258 1135 2324 necessario
1158 2258 1247 2345 operi
1262 2257 1403 2324 inlicitum

81 2365 108 2420 st
125 2368 194 2426 tam
217 2361 338 2446 frigide
359 2371 524 2445 tractatur,
547 2361 743 2449 modumque
765 2361 821 2448 qui
842 2361 1017 2426 instituitur
1037 2360 1273 2428 reformationis
1294 2362 1327 2426 in
1350 2383 1401 2426 su·

80 2461 203 2544 perficis
226 2464 408 2548 dumtaxat,
432 2487 555 2532 summe
576 2464 819 2547 admimmmm,
842 2463 1105 2552 quandoquidem
1126 2463 1310 2532 videremus
1326 2488 1401 2532 cum

81 2566 216 2633 mimo
239 2569 338 2636 animi
359 2570 460 2636 nostri
481 2590 642 2652 moerore,
666 2567 743 2633 dum
765 2589 808 2634 ex
830 2589 896 2634 una
917 2576 1009 2654 parts
1032 2567 1158 2634 dicatur
1169 2569 1292 2635 institui
1304 2568 1401 2636 refor-

82 2671 169 2735 natio
192 2672 228 2736 in
252 2669 399 2755 acclama,
423 2695 465 2738 ex
487 2671 551 2738 alie
571 2669 641 2736 fieri
661 2693 697 2736 re
717 2692 797 2736 vera
816 2691 968 2758 magnam
983 2670 1247 2740 deformationem
1267 2674 1301 2738 in
1315 2695 1399 2740 sum·
1459 2666 1464 2672 ⁴

83 2789 159 2838 num
182 2773 299 2842 SfflS.
327 2785 361 2842 et
394 2775 481 2842 aedis
515 2773 712 2863 apostolicae
740 2776 995 2861 contemptum'
985 2776 1152 2894 ipsiusque
1178 2774 1343 2863 religionis
1371 2785 1403 2842 et

84 2875 274 2962 reipublicae
297 2877 490 2945 christianae
508 2877 735 2945 detrimentum
756 2888 789 2944 et
808 2879 1028 2966 praesertim
1019 2901 1054 2944 m
1075 2879 1236 2946 creatione
1254 2878 1401 2946 cardina·

84 2972 159 3044 lium
183 3003 261 3048 eum
275 2983 360 3048 enim
382 2983 475 3048 iuxta
497 3004 608 3050 sacras
631 2983 873 3048 constitutiones
895 3003 1048 3050 numerus
1063 3005 1174 3048 eorum
1188 3005 1253 3049 non
1269 2979 1402 3049 deberet

84 3084 236 3152 excedere
257 3087 372 3173 viginti
394 3095 546 3174 quattuor
568 3095 601 3152 et
615 3087 639 3151 ιι
629 3083 835 3152 ‘cardinales
851 3084 1007 3152 deberent
1020 3107 1091 3152 esse
1107 3085 1256 3153 omnibus
1270 3086 1400 3173 pietatis

84 3185 243 3268 probitatis
266 3188 433 3256 doctrinae
466 3189 658 3277 prudentiae
690 3187 832 3256 numeris
864 3187 1095 3254 absolutissimi
1127 3197 1160 3256 et
1193 3190 1228 3254 in
1258 3187 1402 3276 legitima

84 3297 179 3358 aare
203 3294 379 3372 οιιιιιιιιιι,
402 3302 438 3359 ut
459 3301 593 3381 possent
614 3292 703 3381 quod
725 3314 837 3359 eorum
859 3301 910 3359 est
936 3289 1078 3358 officium
1105 3313 1229 3359 summo
1257 3292 1402 3378 pontifici

85 3388 230 3462 inrebus
250 3394 389 3462 ιιιιιιιιι
410 3397 508 3462 totius
540 3395 651 3483 gregis
684 3394 850 3462 christiani
882 3393 1150 3462 concernentibus
1182 3396 1334 3463 assistere
1368 3405 1402 3462 et

84 3497 244 3564 consulere
266 3508 299 3565 et
319 3499 505 3586 pontificem
526 3499 680 3567 idoneum
702 3497 830 3585 eligere,
853 3499 917 3565 iam
938 3497 1025 3566 malo
1049 3497 1198 3587 exemplo
1214 3508 1246 3566 et
1260 3500 1401 3586 pessimo

84 3597 178 3668 abusu
201 3603 421 3670 introductum
442 3626 529 3688 esse,
557 3612 594 3669 ut
622 3604 686 3670 sint
708 3601 891 3670 cardinales
912 3601 1022 3691 plures
1052 3625 1149 3693 quam
1177 3604 1348 3692 sexaginta
1369 3611 1402 3669 ct
1533 3583 1547 3652 ¹·

85 3705 161 3787 quod
194 3707 228 3773 in
261 3705 416 3773 electione
444 3706 617 3774 multorum
645 3730 710 3773 non
731 3706 891 3773 habeatur
918 3707 1001 3774 ratio
1022 3706 1076 3774 vel
1102 3708 1216 3774 aetatis
1243 3707 1297 3776 vel
1325 3705 1401 3773 alia·

85 3825 145 3872 rum
177 3807 372 3896 qualitatum
403 3832 488 3897 quae
509 3811 543 3876 in
565 3809 731 3876 cardinale
752 3811 970 3900 requirimtur.
1002 3811 1106 3876 creari
1132 3832 1272 3900 namque
1295 3809 1398 3878 cardi·

86 3909 163 3978 uales
185 3911 283 3998 plane
305 3935 432 4000 pueros,
457 3915 511 4002 qui
534 3937 608 3982 oum
630 3913 832 3982 adoleverint
853 3915 888 3980 in
910 3937 1004 3980 omne
1026 3913 1129 4002 genus
1144 3915 1354 4003 turpitudinis
1369 3923 1402 3980 et

85 4007 190 4101 flagiffi
206 4017 410 4105 praecipitati
430 4016 563 4084 tandem
583 4038 704 4105 magno
720 4039 794 4084 oum
806 4016 965 4085 dedecore
981 4027 1014 4084 et
1027 4017 1224 4105 pontificum,
1247 4014 1400 4108 aquibus

86 4112 191 4186 intem
210 4120 421 4188 excellentem
435 4121 581 4188 ordinem
602 4121 695 4188 asciti
715 4121 853 4205 fluerunt,
874 4130 908 4187 et
927 4119 1068 4188 familiae
1084 4144 1195 4189 eorum
1216 4124 1400 4190 necessario

85 4218 138 4288 siut
158 4223 315 4310 puniendi
336 4247 376 4290 ac
397 4226 483 4312 turpi
511 4223 670 4312 supplicio
697 4224 868 4292 afficiendi.
900 4225 1002 4292 creari
1023 4226 1101 4292 item
1122 4247 1188 4292 non
1209 4226 1401 4313 probibente

86 4325 206 4408 quidem
220 4329 381 4394 contraria
400 4326 473 4414 lege
487 4328 539 4395 vel
563 4329 798 4408 constitutione,
821 4327 881 4395 ssd
902 4337 1010 4396 tamen
1025 4351 1128 4416 parvo
1144 4327 1300 4397 ecclesiae
1316 4353 1401 4398 com·

85 4428 172 4496 nodo
193 4429 488 4519 libos'principnm,
523 4432 580 4520 qui
611 4431 741 4498 subnixi
774 4431 930 4500 clientelis
963 4433 1209 4520 cognationibus
1241 4442 1401 4521 potestate

86 4535 229 4619 pecunim,
243 4537 368 4603 animos
382 4535 518 4602 aliorum
532 4535 758 4624 largitionibus
774 4546 1017 4623 corrumpentes
1032 4537 1075 4603 ad
1085 4546 1242 4625 papatum
1257 4539 1401 4626 aspirent

86 4640 297 4708 tenacitatis
318 4648 433 4725 postea
453 4638 547 4706 bellis
568 4649 671 4706 totum
693 4639 805 4707 orbem
825 4640 1023 4729 perturbent.
1047 4642 1163 4728 quodsi
1186 4640 1399 4709 cardinalium

87 4740 216 4808 officium
231 4744 274 4808 sit
288 4741 455 4810 consulere
475 4742 681 4831 pontificibus
694 4752 726 4810 et
741 4766 797 4810 eos
812 4745 910 4810 etiam
932 4743 1061 4832 eligere,
1084 4767 1150 4810 non
1165 4743 1283 4812 debere
1296 4747 1399 4812 creari

87 4863 192 4927 pueros
205 4847 260 4935 qui
272 4846 358 4912 omni
369 4845 476 4912 adbuc
491 4845 611 4912 iudicio
621 4869 681 4934 per
692 4855 831 4922 aetatem
843 4856 963 4914 carent.
980 4850 1052 4936 quis
1065 4847 1192 4916 ostendi
1201 4849 1304 4936 possit
1313 4850 1399 4936 prin-

88 4967 154 5036 ceps
168 4947 341 5018 saecularis
357 4951 391 5016 in
404 4949 572 5037 republica
593 4949 768 5016 christiana
782 4950 838 5039 qui
853 4960 998 5018 assumat
1012 4951 1074 5018 sibi
1089 4951 1307 5018 consiliarium
1319 4975 1397 5041 pue·

88 5072 155 5138 rum,
178 5063 342 5142 uteunque
363 5053 426 5121 hoe
448 5057 478 5120 ei
498 5077 557 5141 pro
573 5054 663 5122 libito
679 5055 802 5144 absque
824 5039 1015 5146 cuiusquam
1029 5055 1245 5143 prohibitione
1264 5057 1397 5125 liceret?

131 5164 223 5208 Stabat
237 5178 257 5211 s.
273 5165 300 5208 G.
314 5166 337 5208 d.
352 5165 448 5208 Ocncsss.
1179 5181 1196 5230 3
