3468 5820
337 503 397 568 les

343 690 415 758 finis
438 694 664 779 imponeretur,
688 692 746 760 sed
766 714 916 759 veremur
937 715 978 758 ne
1000 693 1179 780 posteriora
1199 693 1311 780 peiora
1332 692 1411 760 fiant
1432 693 1605 782 prioribus.
1633 695 1659 760 si

341 797 425 860 enim
448 797 493 860 ita
523 795 563 861 de
591 796 764 863 residentia
791 796 981 864 decernetur
1008 807 1043 862 ut
1069 795 1158 862 nulla
1186 796 1314 863 divinae
1343 795 1424 884 legis
1451 799 1574 864 mentio
1595 799 1658 882 fiat,

344 921 409 964 non
430 898 656 986 praecludetur
678 900 784 965 aditus
807 899 848 964 ad
871 901 1140 987 dispensationes3
1168 922 1243 965 nam
1266 899 1370 988 qualis
1393 900 1434 966 sit
1454 901 1584 966 fctum
1607 905 1659 991 qui

342 1001 398 1067 8¹²⁰
420 1002 461 1068 Ι).
483 1002 522 1068 N.
546 1003 579 1067 in
602 1003 791 1090 pontificatu
813 1004 976 1088 succedet,
1005 1007 1087 1070 scire
1109 1027 1175 1070 non
1195 1027 1385 1092 possumus,
1416 1005 1471 1092 qui
1500 1003 1657 1070 simultis

340 1105 545 1193 pontificibus
573 1107 629 1194 qui
658 1130 728 1172 eum
759 1117 1004 1194 praecesserunt
1033 1106 1145 1172 similis
1174 1109 1247 1192 erit,
1271 1115 1357 1173 certe
1380 1105 1444 1194 legi
1466 1106 1516 1172 illi
1540 1107 1659 1196 qualis-

336 1231 463 1297 cunque
487 1209 528 1275 sit
557 1209 652 1275 facile
682 1210 889 1297 derogabitur
918 1222 949 1276 et
977 1212 1091 1276 iterum
1119 1211 1160 1276 ad
1183 1211 1437 1298 dispensationes
1463 1221 1658 1292 recurretur,

335 1312 421 1400 quod
443 1335 509 1378 non
531 1312 672 1378 futurum
695 1324 787 1396 esset,
812 1316 838 1378 si
861 1315 961 1379 divini
983 1316 1060 1380 iuris
1084 1313 1259 1380 declaratio
1283 1316 1315 1379 in
1338 1313 1467 1380 decreto
1490 1313 1596 1380 lieret.
1630 1323 1660 1378 et

333 1415 413 1481 haec
436 1439 500 1480 una
521 1415 581 1480 fnit
603 1439 701 1484 cauea
724 1440 781 1482 our
803 1441 844 1483 ex
866 1417 1021 1504 Hispanis
1045 1425 1077 1482 et
1097 1417 1188 1482 Italis
1211 1425 1243 1483 et
1264 1415 1368 1482 Gallis
1392 1418 1557 1504 episcopis
1581 1419 1660 1505 opti-

332 1541 403 1583 mus
427 1521 563 1608 quisque
587 1519 729 1584 divinum
751 1521 800 1585 ius
821 1520 977 1586 haetenus
999 1521 1045 1586 ita
1067 1529 1251 1586 constanter
1266 1521 1300 1584 in
1314 1520 1508 1586 residentiae
1526 1520 1658 1586 decreto

333 1622 537 1688 inserendum
562 1645 632 1688 esse
655 1631 856 1688 censuerunt.
883 1621 971 1687 idem
994 1625 1065 1687 ΒΜ·
1087 1623 1128 1687 D.
1147 1623 1300 1688 Moronus
1324 1625 1548 1712 quaestionem
1572 1623 1657 1689 illam

332 1725 371 1790 de
395 1723 445 1791 Sm'
467 1725 508 1792 D.
531 1725 570 1790 N.
594 1725 687 1790 titulo
711 1735 742 1792 et
766 1725 805 1791 de
830 1727 939 1813 quinto
964 1725 1129 1792 destinae
1152 1727 1257 1813 capite
1281 1749 1320 1792 ac
1342 1729 1478 1813 septimo
1493 1736 1527 1792 et
1542 1737 1658 1793 octavo

333 1851 456 1894 canone
479 1827 583 1917 deque
606 1831 830 1916 episcoporum
853 1830 1050 1895 institutione
1085 1838 1117 1894 et
1145 1830 1172 1894 si
1202 1853 1285 1918 quae
1314 1829 1397 1895 aliae
1431 1832 1500 1895 eius
1529 1833 1658 1917 generis

333 1940 407 1997 sunt
429 1934 643 2020 quaestiones,
667 1930 794 1997 inutiles
817 1953 934 1998 vocare
957 1930 1047 1998 solet.
1071 1931 1165 1998 ideo
1195 1933 1365 1998 scribimus
1393 1943 1430 1998 nt
1457 1933 1527 1998 ΜΨ
1554 1935 1596 1998 V.
1625 1931 1656 1999 S.

332 2037 427 2102 etiam
450 2059 492 2101 cx
513 2033 575 2102 boc
598 2034 771 2101 clementer
793 2035 971 2122 intelligere
995 2036 1152 2122 dignetur,
1176 2035 1337 2124 quomodo
1360 2037 1401 2101 eit
1421 2035 1560 2102 affectus
1584 2059 1659 2123 erga

332 2164 370 2204 ea
394 2163 478 2228 quae
501 2139 642 2227 potiores
666 2148 698 2204 et
718 2139 863 2226 primarii
884 2137 1022 2228 praelati
1043 2140 1220 2228 praecipua
1248 2161 1319 2206 esse
1347 2139 1537 2206 existimant
1566 2149 1600 2205 et
1627 2140 1657 2204 in

333 2242 449 2331 quibus
471 2241 700 2330 promovendis
722 2265 849 2308 omnem
871 2241 1069 2329 diligentiam
1099 2253 1130 2309 et
1157 2267 1266 2310 curam
1289 2243 1457 2325 adhibent,
1488 2265 1588 2331 quam
1617 2243 1655 2306 D.

332 2347 458 2414 Moroni
488 2355 627 2412 mentem
661 2345 688 2410 si
715 2347 768 2410 isti
796 2367 877 2433 qnos
908 2345 1043 2411 dicimus
1076 2346 1212 2433 praelati
1241 2345 1469 2430 intellexerint,
1494 2345 1657 2412 difficilior

330 2449 482 2516 reddetur
504 2447 630 2515 concilii
652 2471 850 2536 progressus.
874 2447 914 2514 de
937 2449 1037 2515 calice
1060 2449 1158 2515 semel
1181 2459 1278 2538 atque
1293 2451 1408 2516 iterum
1423 2451 1580 2537 repetivit
1600 2471 1652 2512 no-

329 2554 390 2636 bis,
413 2552 612 2622 familiariter
633 2561 741 2616 tamen
763 2563 799 2617 ut
819 2553 889 2640 ipse
912 2552 1040 2618 dicebat
1062 2563 1094 2619 et
1117 2553 1313 2619 confidenter
1340 2575 1403 2618 non
1434 2561 1470 2617 ut
1491 2551 1655 2640 pontificis

331 2656 464 2744 legatus,
487 2679 559 2722 esse
580 2656 614 2719 in
636 2655 725 2721 Urbe
748 2657 803 2743 qui
826 2655 952 2721 obstent
975 2666 1007 2721 et
1033 2655 1240 2723 vehementer
1268 2680 1288 2720 a
1314 2655 1346 2722 S.
1377 2655 1421 2723 δ’·
1444 2655 1653 2736 contendant,

330 2784 371 2826 ne
387 2761 455 2826 eius
470 2781 547 2826 usus
564 2752 654 2823 laicis
671 2757 881 2837 concedatur3
897 2757 1027 2826 volebat
1043 2770 1150 2826 autern
1167 2760 1280 2827 Ser*mun
1295 2761 1527 2848 Hispaniarum
1544 2781 1654 2845 regem

330 2861 599 2950 intelligi.deinde
615 2883 678 2925 non
691 2863 886 2928 essemirum
903 2861 989 2951 quod
1004 2887 1068 2928 non
1084 2863 1289 2950 concedatur,
1307 2865 1458 2954 quoniam
1473 2863 1545 2928 ΜΨ
1568 2863 1608 2928 V.
1624 2861 1653 2926 S.
1721 2877 1722 2880 ’

330 2989 501 3056 persuum
531 2974 691 3031 oratorem
724 2967 757 3030 in
788 2965 876 3032 Urbe
909 2989 973 3033 non
1000 2968 1151 3054 petiverit
1174 2989 1212 3034 ac
1240 2991 1282 3033 ne
1304 2970 1500 3033 mentionem
1524 2965 1652 3054 quidem

332 3075 399 3139 eins
414 3072 461 3137 rei
473 3077 547 3158 post
562 3069 689 3136 concilii
705 3069 868 3135 decretum
884 3071 989 3136 facere
1007 3070 1139 3157 dignata
1155 3073 1204 3137 sit.
1228 3071 1316 3159 quod
1332 3071 1360 3136 si
1374 3071 1424 3135 Me
1445 3070 1486 3136 V.
1498 3069 1534 3135 S.
1551 3069 1652 3134 facere

330 3175 435 3240 visum
458 3173 571 3238 fuisset
593 3174 701 3237 autin
723 3183 888 3260 posterum
917 3173 1013 3239 etiam
1044 3173 1221 3258 videretur,
1250 3197 1316 3240 non
1345 3173 1494 3240 dubitare
1520 3173 1652 3259 aequin

331 3279 374 3344 ad
396 3277 455 3343 Mo.
477 3277 517 3341 V.
540 3275 572 3342 S.
596 3276 783 3362 petitionem
807 3277 1045 3342 concederetur.
1070 3277 1157 3365 quod
1182 3287 1289 3342 autem
1306 3275 1378 3342 lll'⁰⁰
1401 3277 1476 3342 duci
1492 3277 1652 3342 Bavariae

331 3406 389 3470 per
411 3390 570 3447 oratorem
595 3401 687 3444 suurn
711 3381 831 3446 Romae
853 3382 975 3467 petenti
998 3403 1170 3446 concessus
1193 3405 1257 3446 non
1281 3383 1331 3458 sit,
1360 3380 1488 3445 ideam
1514 3380 1557 3445 ob
1581 3399 1650 3443 cau·

220 3479 228 3494 '
332 3509 400 3549 sam
422 3484 541 3549 factum
565 3505 635 3549 esse
659 3483 745 3572 quod
769 3483 1005 3570 expectandum
1028 3505 1099 3550 esee
1121 3484 1335 3560 iudicaretur,
1365 3483 1443 3570 quid
1465 3485 1557 3569 prius
1579 3482 1643 3546 M...

331 3589 370 3654 V.
395 3586 426 3652 S.
451 3587 490 3652 de
514 3610 552 3653 eo
576 3587 747 3668 statuisset,
772 3611 812 3652 ne
836 3588 862 3650 si
885 3588 946 3673 ipsi
970 3586 1223 3652 111⁰⁰Bavariae
1247 3588 1322 3652 duci
1353 3609 1372 3651 a
1400 3586 1443 3652 S¹⁸
1465 3585 1496 3651 S.
1523 3607 1649 3651 conces·

331 3714 386 3758 sus
408 3691 528 3773 fnisset,
550 3713 652 3777 parva
674 3691 734 3754 Mo·
756 3689 795 3755 V.
820 3689 853 3755 S.
877 3701 908 3755 et
929 3693 1015 3778 regis
1039 3690 1131 3757 (ihr¹¹¹1
1153 3692 1235 3756 ratio
1259 3691 1371 3756 babitu
1392 3690 1568 3756 videretur.
1598 3685 1649 3752 sed

330 3806 366 3859 ut
386 3793 447 3860 bac
471 3815 598 3882 quoque
623 3791 662 3858 de
684 3815 720 3856 re
742 3793 869 3858 fidelem
892 3805 1033 3858 nostram
1062 3796 1251 3860 sententiam
1281 3793 1445 3860 humiliter
1473 3791 1648 3881 perscribe·
1721 3871 1722 3884 ,

331 3921 410 3976 nius,
434 3920 499 3962 non
520 3906 670 3983 putamus
693 3895 777 3960 effici
799 3917 894 3981 posse
917 3895 983 3962 ulla
1005 3897 1127 3962 ratione
1150 3919 1255 3985 neque
1271 3919 1347 3962 vero
1364 3899 1529 3984 impetrari
1545 3919 1565 3960 a
1581 3917 1646 3961 oon·
1721 3885 1722 3908 ³

330 4001 401 4067 cilio
424 4011 460 4067 ut
482 3998 592 4065 calicis
614 4021 691 4063 usus
713 4001 923 4085 permittatur,
958 4022 1033 4064 nam
1054 4022 1118 4065 non
1141 4003 1242 4065 solum
1272 3999 1320 4064 illi
1353 4021 1434 4087 quos
1456 4002 1489 4065 in
1513 4001 1576 4065 bac
1599 4021 1647 4084 pe·

330 4106 440 4170 titione
464 4113 560 4169 antea
581 4103 783 4169 adversarios
805 4102 987 4186 babuimus,
1011 4105 1149 4190 priorem
1173 4127 1263 4168 suam
1287 4104 1479 4168 sententiam
1501 4105 1642 4180 retinent,

331 4208 388 4274 scd
410 4229 452 4272 ex
474 4207 536 4272 illis
560 4229 689 4294 quoque
713 4207 769 4293 qui
791 4229 810 4270 a
832 4206 924 4271 nobis
948 4206 1092 4290 stabant,
1115 4229 1181 4272 non
1204 4208 1300 4293 pauci
1331 4208 1524 4271 sententiam
1551 4217 1643 4271 muta·

329 4321 411 4395 runt,
435 4320 531 4400 atque
553 4313 598 4375 ita
619 4311 734 4375 iterum
756 4321 937 4396 negaretur.
962 4319 1159 4397 quapropter
1181 4311 1208 4374 si
1232 4309 1337 4375 denuo
1359 4308 1441 4374 haec
1456 4313 1569 4396 petitio
1585 4319 1643 4373 ten·
1721 4351 1722 4426 p

330 4415 428 4484 tanda
450 4415 606 4498 videatur,
630 4437 796 4480 censemus
820 4412 905 4500 apud
928 4439 1086 4479 summum
1109 4413 1291 4501 pontificem
1320 4437 1359 4479 ea
1389 4415 1422 4478 in
1445 4437 1480 4478 re
1503 4413 1641 4478 laboran-
1721 4437 1722 4508 p

331 4521 408 4586 dum
430 4541 511 4602 esse,
534 4541 554 4582 a
576 4519 638 4606 quo
651 4517 778 4582 facilius
801 4528 834 4584 et
855 4519 980 4583 nonita
997 4518 1085 4582 duris
1102 4517 1337 4584 conditionibus
1352 4517 1518 4604 impetrari
1533 4522 1639 4603 posset

332 4622 419 4714 quod
441 4623 469 4687 si
490 4630 597 4686 autem
620 4621 748 4686 omnino
772 4623 885 4686 iterum
911 4621 952 4686 ad
975 4622 1146 4688 concilium
1166 4623 1285 4687 remitti
1309 4643 1328 4686 a
1351 4620 1406 4685 8¹²⁰
1432 4620 1474 4684 D.
1490 4619 1531 4684 N.
1554 4616 1637 4698 volet,

330 4749 371 4794 ne
394 4725 426 4792 id
449 4724 579 4813 quidem
601 4723 653 4789 Μ*ι
671 4725 711 4790 V.
735 4723 767 4791 S.
791 4723 984 4811 denegatum
1006 4727 1044 4790 iri
1060 4725 1242 4807 arbitratur,
1266 4723 1324 4788 sed
1339 4724 1429 4811 prius
1445 4723 1553 4788 danda
1566 4727 1639 4787 esset
1721 4767 1722 4794 ,

331 4853 430 4919 opera
452 4837 488 4894 ut
508 4827 550 4894 D.
574 4827 769 4894 Germaniae
793 4829 936 4915 episcopi
960 4827 1066 4894 etalii
1095 4838 1163 4893 tum
1193 4827 1387 4893 Germaniae
1415 4849 1489 4892 cum
1516 4825 1635 4891 aliorum
1721 4855 1722 4866 r

330 4953 501 5023 regnorum
525 4942 557 4996 et
578 4931 790 4999 dominiorum
812 4930 872 4997 Mn.
894 4932 934 4998 V.
956 4929 1102 5020 praelati,
1125 4933 1195 4998 sive
1216 4931 1278 5019 ipsi
1294 4953 1402 4997 coram
1419 4931 1488 4995 sive
1503 4953 1560 5018 per
1573 4945 1635 4993 sues

330 5047 553 5132 procuratores
576 5037 643 5102 sive
666 5037 760 5103 etiam
782 5059 841 5126 per
861 5032 969 5102 literas
992 5057 1076 5122 suas,
1098 5035 1195 5102 fidem
1217 5035 1361 5124 patribus
1377 5035 1521 5100 lacerent
1537 5029 1631 5100 calicis
