3450 5818
154 631 240 696 gnirna
258 643 313 679 nna
329 641 408 694 aspra
425 642 521 694 guerra
538 627 616 680 civile
634 633 661 679 et
677 628 707 680 in
723 641 908 694 consequenra
924 627 952 680 la
969 627 1062 682 rovina
1080 627 1123 681 001
1146 645 1188 694 re,
1213 629 1256 684 001
1279 645 1360 696 regno
1386 635 1414 682 et

150 715 178 765 de
194 717 215 765 si
234 721 330 766 stessa.

207 801 300 852 Uober
323 799 365 851 die
383 799 607 866 Verhandlungen
629 800 677 850 mit
700 797 817 866 Spaniam
840 799 970 852 berichtet
994 799 1125 867 Prospero
1148 815 1192 852 am
1216 801 1323 853 ‘1th
1347 801 1408 854 0000

148 885 189 936 der
209 887 295 952 Papst
320 887 357 936 im
382 885 572 937 consistorium
598 901 659 936 vom
683 885 791 936 0111010
818 883 881 952 (vgl.
906 885 950 935 die
967 883 1045 938 Bulla
1069 903 1131 938 vom
1152 888 1260 942 4Μοτο
1278 889 1305 939 in
1323 887 1408 954 Rnyn.

149 973 210 1023 1⁶62
228 972 274 1024 Νι.
295 972 356 1036 180)
372 971 530 1038 vorsehlugr
549 970 622 1022 eh’il
640 971 711 1024 clero
730 971 757 1024 01
776 969 883 1037 Spagna
900 971 1012 1024 havesae
1029 986 1046 1023 0
1061 973 1180 1040 paghare
1197 973 1224 1024 01
1241 989 1271 1025 re
1289 973 1364 1028 cate
1385 973 1411 1024 le

149 1059 179 1106 00
194 1057 295 1124 pallere
313 1073 365 1110 oon
381 1058 526 1122 provisioni
544 1056 572 1108 di
590 1058 657 1108 7000
681 1056 771 1108 ducati
792 1072 841 1123 per
863 1057 1097 1110 01000000...01
1119 1074 1137 1110 a
1160 1059 1366 1126 queato'hebbe
1390 1058 1410 1108 il

148 1148 205 1194 voto
225 1144 253 1193 di
271 1145 333 1194 tutti
350 1143 370 1193 li
389 1143 529 1206 cardinali,
552 1148 579 1192 et
597 1142 678 1209 quelli
701 1142 772 1193 della
794 1147 869 1208 parte
886 1142 1019 1194 Francese
1042 1143 1135 1196 intono
1154 1146 1165 1196 i
1179 1147 1258 1212 primi
1276 1144 1326 1196 000
1344 1145 1408 1196 alle·

146 1233 277 1294 gramenta
296 1229 398 1279 dettero
417 1229 437 1278 il
454 1234 517 1280 voto
536 1228 602 1279 loro.
622 1229 693 1280 eirca
709 1225 728 1278 l'
741 1227 808 1280 altre
827 1227 950 1279 dimande
969 1229 1018 1280 000
1036 1229 1132 1280 lacera
1149 1229 1168 1280 il
1187 1229 1260 1282 detto
1272 1245 1309 1296 re,
1328 1230 1357 1280 S.
1372 1229 1413 1280 Sl·

149 1315 171 1363 n'
182 1315 217 1364 ha
236 1313 311 1366 datto
334 1313 447 1380 qualche
465 1315 625 1379 intentione,
645 1329 688 1364 ma
704 1329 760 1365 non
777 1315 799 1364 si
817 1314 852 1365 ha
868 1314 961 1366 voluto
978 1316 1118 1367 riasolvere
1136 1317 1164 1367 in
1181 1319 1259 1382 tutto,
1277 1315 1375 1382 perche
1393 1315 1413 1364 il

147 1400 213 1451 clero
232 1401 260 1450 01
277 1399 386 1466 Spagna
401 1415 455 1451 non
474 1401 494 1450 s'
508 1399 657 1451 0110000000
673 1405 761 1464 tanto,
788 1404 815 1450 et
831 1415 880 1466 per
896 1415 950 1452 non
966 1399 1066 1452 havere
1083 1417 1102 1451 0
1119 1402 1268 1454 concedere
1284 1402 1304 1452 il
1322 1400 1412 1452 mede-

145 1487 207 1537 simo
226 1485 401 1550 0000010001,
428 1485 479 1538 000
502 1501 585 1538 anaor
608 1487 661 1538 essi
681 1485 841 1538 dimandano
865 1486 891 1538 di
914 1491 991 1552 poter
1008 1488 1124 1540 alienare
1141 1503 1190 1555 par
1208 1489 1318 1552 100‚000
1335 1486 1412 1538 soudi

147 1571 172 1622 di
193 1573 257 1623 beni
281 1572 308 1622 di
332 1572 435 1636 ohieaa;
463 1575 486 1624 si
507 1588 593 1640 pensa
608 1571 691 1640 perho
711 1571 761 1624 000
778 1571 806 1624 S.
825 1569 865 1622 Sl·
891 1574 917 1622 n'
930 1572 1012 1624 habbi
1031 1571 1093 1624 dato
1111 1573 1138 1624 01
1155 1589 1184 1624 re
1204 1572 1278 1624 Catot
1296 1576 1411 1623 secreta·

145 1663 231 1708 mente
258 1673 401 1723 promesaa
429 1658 449 1709 il
473 1664 553 1709 conte
572 1657 709 1710 Brocardo
734 1657 792 1722 (der
814 1672 864 1708 vor
884 1661 953 1708 etwa
978 1660 1011 1709 14
1035 1659 1127 1725 Tagen
1151 1657 1324 1726 eingatroffen
1345 1656 1411 1724 war)

143 1743 215 1808 spedi
234 1759 271 1794 nn
297 1746 411 1795 corriere
433 1745 461 1794 in
478 1743 616 1810 Hispagna
638 1760 686 1809 per
707 1743 805 1794 havere
828 1743 837 1791 i
859 1743 980 1809 privilegi
1002 1742 1076 1794 della
1102 1743 1225 1794 mercede
1249 1743 1317 1794 satta
1340 1739 1412 1794 dalla

144 1827 191 1877 w·
208 1827 258 1880 G‘*
274 1829 322 1882 0111
338 1830 429 1896 nepoti
447 1829 473 1879 di
492 1829 518 1880 S.
538 1829 592 1894 8⁸⁸,
605 1829 711 1895 laquale
729 1845 744 1879 0
762 1833 832 1879 stata
849 1827 1000 1879 distribuite
1017 1827 1053 1878 da
1071 1827 1096 1878 Β.
1116 1827 1156 1879 Sl·
1172 1829 1199 1879 in
1211 1833 1303 1895 questo
1317 1829 1411 1879 modo:

146 1914 171 1964 01
189 1914 219 1966 C.
239 1915 275 1965 00
291 1915 356 1966 Ems
374 1917 443 1966 3000
461 1915 552 1966 ducati
570 1915 635 1966 delli
654 1916 759 1978 laudo,
778 1919 805 1965 et
822 1913 890 1964 2000
908 1913 942 1964 00
959 1913 1110 1978 naturalita,
1127 1914 1148 1964 il
1165 1920 1235 1965 resto
1254 1915 1280 1965 al
1299 1914 1327 1965 (1.
1347 1915 1411 1965 Bor·

145 2017 248 2064 romeo;
273 1999 339 2052 00111
363 2002 459 2066 10,000
483 2015 563 2066 sopra
583 2001 611 2052 la
633 1999 740 2067 gabella
757 1999 829 2050 00110
845 2003 903 2050 seta
920 2001 988 2052 0000
1006 1999 1033 2052 01
1051 2004 1130 2052 conte
1147 1999 1282 2052 Annibale
1299 2005 1326 2052 et
1344 2001 1413 2054 0000

145 2086 169 2136 01
190 2087 296 2140 metello
319 2089 433 2152 minore,
461 2087 489 2140 la
512 2089 669 2154 campagnia
693 2087 720 2138 di
743 2091 821 2153 gente
840 2086 951 2138 d’arme
975 2087 1001 2138 al
1025 2091 1103 2140 conte
1120 2087 1265 2152 Armibale,
1291 2087 1328 2153 gli
1351 2087 1434 2150 0101,

145 2173 210 2224 0000
230 2179 257 2224 et
272 2173 294 2240 il
311 2173 477 2225 marchasato
496 2173 521 2224 d’
534 2173 599 2224 Oria
616 2177 644 2223 et
659 2173 686 2222 10
703 2174 737 2222 20
755 2171 855 2240 gallere
873 2172 900 2221 01
918 2178 997 2223 conte
1008 2172 1141 2238 Federigo
1154 2173 1306 2224 Borromeo.
1327 2172 1410 2223 dicesi

145 2258 213 2308 ch’il
233 2265 312 2310 conte
329 2259 465 2310 Brooerdo
484 2260 507 2309 si
523 2259 636 2310 fermera
652 2261 680 2308 in
697 2257 782 2308 Roma
804 2257 909 2308 almeno
932 2274 980 2324 per
1003 2256 1047 2309 0οἰ
1064 2259 1142 2322 mesi,
1170 2257 1189 2308 11
1207 2255 1257 2308 000
1274 2256 1310 2309 00
1327 2257 1410 2308 molto

145 2347 308 2396 accrescinto
333 2345 353 2396 il
377 2351 494 2411 cospetto
519 2343 552 2396 00
570 2345 697 2395 Franoesi
721 2343 770 2394 ohe
788 2342 814 2394 S.
834 2341 873 2393 Sl·
893 2349 920 2394 et
941 2343 960 2394 il
982 2359 1011 2394 re
1030 2343 1104 2395 Gat⁰⁰
1127 2359 1181 2396 non
1199 2346 1272 2394 siano
1289 2359 1337 2408 per
1354 2343 1410 2393 fare

149 2429 262 2495 qualche
279 2431 341 2498 lega
353 2467 361 2482 .
374 2467 402 2485 ..
420 2432 509 2482 010001
526 2430 613 2480 hanno
631 2430 705 2481 detto
725 2429 798 2480 eh'il
815 2429 934 2480 cardinal
951 2431 1094 2482 Bonumeo
1117 2430 1218 2481 000000
1241 2431 1269 2480 in
1286 2431 1409 2495 Ispagna,

144 2515 249 2580 quando
267 2523 361 2583 queste
378 2517 498 2583 pratiche
516 2517 590 2568 siano
607 2531 655 2583 per
671 2529 779 2582 passere
796 2517 843 2582 piu
860 2516 958 2566 000011.

675 2975 804 3062 CLX.
853 3071 857 3080 ¹

383 3195 463 3270 Der
490 3194 622 3270 Kaisar
647 3216 695 3270 an
724 3195 921 3292 Prospero
950 3191 1109 3286 οἈι·00;

556 3339 657 3406 Prag,
676 3339 822 3392 2301000
841 3339 932 3390 1060.

613 3537 750 3593 Romana.
776 3536 866 3610 Copia.

611 3638 683 3694 Areo
708 3639 744 3694 G.
770 3639 863 3712 eopia

178 3813 354 3902 Magnifice
376 3815 482 3882 fidelia
504 3817 598 3883 nobis
622 3818 748 3885 dilecte.
771 3817 882 3906 plures
913 3817 1017 3905 elapsi
1039 3823 1115 3883 sunt
1136 3816 1214 3882 anni
1236 3817 1325 3904 quod
1348 3818 1410 3882 sin-

84 3914 182 3998 gulari
205 3919 311 3984 studio
334 3922 495 4006 egerimus
518 3931 551 3986 ct
570 3921 817 3988 tractaverimus
834 3945 908 3987 cum
925 3920 1092 3987 ordinibus
1109 3943 1148 3985 ac
1164 3918 1301 3984 statibus
1316 3919 1410 3984 huius

84 4019 178 4084 inoliti
200 4024 293 4109 regni
315 4025 417 4088 nostri
438 4023 632 4108 Bohemiae,
655 4034 691 4089 ut
719 4047 774 4090 eos
798 4025 853 4112 qui
874 4024 1032 4090 haetenus
1056 4022 1116 4088 sub
1137 4031 1277 4109 utraque
1300 4025 1410 4109 specie

86 4125 398 4191 communicaverunt
431 4126 475 4191 ad
509 4125 726 4192 obedientiam
760 4123 793 4192 S.
821 4127 859 4191 R.
893 4125 1051 4192 ecelesiae
1082 4123 1320 4190 reduceremus.
1355 4123 1411 4190 ubi

85 4227 209 4310 quidem
232 4231 293 4293 etsi
314 4228 395 4294 nihil
411 4227 518 4308 atrrdii,
542 4229 621 4294 nihil
634 4252 753 4318 operae
767 4227 911 4317 nihilque
927 4225 1109 4294 sedulitatis
1123 4229 1409 4314 praetermisimus,

85 4335 186 4396 tamen
208 4339 343 4419 propter
364 4329 520 4397 nonnulla
542 4331 773 4418 impedimenta
796 4355 816 4396 0
831 4329 1025 4419 quibusdam
1039 4331 1158 4396 iniecta
1173 4339 1241 4395 tum
1255 4333 1411 4419 temporis

85 4451 149 4496 rem
170 4455 254 4520 quae
276 4435 342 4498 iam
363 4435 464 4500 ferme
486 4433 584 4523 plane
605 4444 675 4500 erat
698 4433 845 4501 confecta
867 4431 910 4500 ad
939 4441 1085 4522 optatum
1112 4433 1210 4498 finem
1232 4434 1410 4521 perducere

85 4553 146 4597 non
172 4525 346 4622 potuimus.
369 4537 481 4626 itaque
516 4539 684 4603 statuimus
712 4547 781 4603 tum
810 4546 983 4626 expectare
1011 4535 1178 4602 meliorem
1206 4537 1410 4602 occasionem

85 4639 295 4727 prosequendi
317 4639 379 4705 hoc
400 4642 490 4728 pium
512 4650 658 4707 nostrum
673 4643 853 4707 institutum
869 4649 902 4705 et
916 4641 1044 4706 interim
1058 4641 1255 4726 investigare
1271 4659 1409 4704 commo·

87 4737 142 4802 das
162 4743 302 4808 rationes
326 4741 443 4832 quibus
466 4744 597 4810 tandem
618 4745 820 4834 propositum
843 4766 978 4830 scopum
1001 4764 1257 4830 assequeremur,
1282 4752 1410 4808 etcum

86 4845 234 4929 proximis
258 4842 373 4912 diebus
395 4846 458 4912 hoc
479 4847 567 4914 idem
590 4847 697 4912 animo
719 4846 934 4930 volveremus,
957 4847 991 4912 in
1014 4869 1087 4910 eam
1110 4845 1300 4910 sententiam
1320 4845 1409 4908 veni·

88 4966 167 5030 mus,
198 4971 265 5016 non
293 4972 410 5038 parum
439 4949 595 5016 momenti
623 4947 795 5016 allaturum
823 4949 866 5016 ad
888 4974 957 5016 rem
978 4947 1063 5016 bene
1084 4947 1262 5036 gerendam
1285 4968 1324 5012 ao
1347 4945 1408 5022 deo

135 5069 240 5113 ticket
257 5082 278 5118 0.
293 5069 323 5112 G.
336 5069 358 5114 0.
372 5069 468 5114 Concita
1173 5067 1205 5124 19
