3460 5826
408 701 498 767 itsque
509 697 580 752 illins
592 715 708 752 snmmse
720 700 902 766 providentius
913 701 979 752 nihil
988 702 1015 752 in
1027 699 1078 753 han
1090 703 1165 769 pbrte
1176 703 1391 769 prsetermittere,
1409 718 1444 754 ne
1456 717 1544 754 causa
1558 699 1685 752 nondum

407 785 588 852 preelndicsts
607 785 758 850 definistnr3
782 785 847 836 nibil
865 787 934 837 enim
951 787 979 837 in
996 787 1048 838 hsc
1067 789 1247 840 controversis
1264 787 1431 871 discutiends
1452 789 1572 839 nimium
1593 788 1685 838 existi·

408 873 531 924 mendum
550 879 598 936 est,
616 889 676 924 cum
693 873 738 923 rix
754 887 802 938 pro
821 872 948 939 dignitate
966 876 1031 924 estis
1048 873 1209 926 considerari
1228 881 1315 941 quesn.

476 1012 566 1063 Tertio
584 1010 775 1063 consideratio:
794 1012 935 1078 negocium
953 1011 1005 1064 hoc
1022 1029 1077 1066 non
1092 1014 1132 1064 sic
1144 1013 1180 1066 sd
1191 1014 1268 1066 Bm
1276 1014 1394 1080 legatum
1405 1011 1605 1064 remittendum
1617 1027 1686 1072 esse,

408 1097 455 1148 sed
471 1103 502 1148 nt
520 1113 601 1148 causo
615 1113 663 1164 per
681 1113 741 1148 enm
765 1096 900 1164 explorata
917 1097 1024 1150 tandem
1047 1112 1065 1150 a
1087 1098 1118 1150 B.
1135 1099 1262 1166 pontifico
1284 1098 1431 1152 definiatur.
1460 1100 1599 1166 quonism
1619 1113 1685 1164 spo-

408 1183 503 1234 stolioe
521 1183 597 1236 sedes
615 1199 663 1250 per
674 1185 781 1235 nunbos
799 1189 826 1234 et
837 1183 941 1250 legatos
959 1186 993 1236 sb
1012 1200 1045 1236 es
1056 1187 1150 1238 mneos
1168 1186 1252 1240 mults
1268 1188 1381 1254 negocia
1398 1185 1477 1238 sollts
1489 1187 1525 1236 sit
1538 1185 1685 1250 expedire,

408 1269 452 1320 hie
471 1271 550 1320 etism
574 1271 620 1336 qni
637 1286 707 1322 nunc
730 1271 765 1322 sd
784 1270 928 1322 Germanos
947 1269 1101 1338 designetur
1125 1277 1167 1324 est
1183 1275 1305 1326 omuibus
1328 1272 1434 1325 dotibus
1449 1273 1624 1324 necessan'is
1650 1270 1685 1320 sd

410 1355 514 1422 quidvis
531 1356 744 1424 pertractandum
762 1358 796 1408 sit
806 1357 951 1422 prseditus,
970 1371 1001 1410 es
1018 1363 1107 1410 umen
1125 1364 1167 1410 est
1183 1359 1262 1410 huius
1279 1373 1378 1412 ceum
1394 1358 1561 1424 perplexim
1582 1363 1683 1408 utnon

409 1447 529 1508 oportent
552 1443 582 1494 13.
600 1443 753 1510 pontificem
776 1445 834 1494 eius
852 1443 1011 1495 decisionem
1029 1446 1144 1510 cuipism
1162 1446 1333 1508 committere,
1359 1444 1409 1496 sed
1435 1443 1583 1510 exploratu
1615 1443 1684 1494 Ger·

409 1531 512 1580 msuise
537 1529 707 1594 dispositione
730 1530 838 1580 tandem
861 1528 906 1580 ifle
925 1527 1052 1580 decernet
1077 1530 1150 1596 quod
1167 1531 1258 1582 utilius
1285 1547 1342 1582 esse
1359 1531 1528 1582 iudicaverit.
1558 1532 1591 1580 1⁰
1618 1543 1681 1594 spu

409 1615 520 1666 stolicae
543 1615 601 1668 sedi
622 1616 655 1666 sb
676 1616 791 1682 antiquis
808 1615 970 1680 temporibus
994 1617 1188 1668 sunctisdmnm
1212 1617 1276 1682 init,
1301 1621 1332 1668 ut
1356 1617 1479 1684 graviore
1502 1615 1630 1682 negocia
1658 1619 1684 1664 et

408 1703 520 1754 maiores
538 1716 633 1752 csusss
655 1702 706 1752 sibi
723 1701 875 1752 adsumeret
892 1701 1085 1766 «incedenda,
1102 1707 1133 1754 ut
1149 1701 1234 1754 multa
1249 1708 1353 1769 petrum
1371 1703 1472 1754 bsbeut
1488 1707 1680 1762 monumenta,

408 1793 487 1856 etque
505 1789 627 1839 iteratio
648 1787 772 1853 postulet,
790 1788 864 1838 utin
882 1803 1003 1853 supremo
1022 1787 1155 1852 tribmsli,
1174 1802 1243 1855 quse
1261 1794 1303 1840 est
1319 1788 1437 1840 eedesR
1449 1786 1602 1855 pontificis,
1620 1801 1677 1852 grs-

407 1875 514 1926 viseime
536 1873 699 1940 praeiudicia
715 1875 893 1924 terminentur.
916 1875 991 1940 utqui
1008 1889 1090 1924 censs
1112 1873 1180 1926 hsce
1198 1873 1353 1926 difficillims
1370 1874 1567 1926 consiliosius
1593 1877 1637 1924 est
1654 1877 1678 1921 et

408 1960 564 2026 gravissima
585 1961 619 2012 ob
637 1959 764 2012 materies
782 1959 937 2026 qualitatem
961 1966 988 2010 et
1010 1959 1044 2011 de
1063 1961 1138 2012 cuius
1155 1961 1228 2012 exitu
1251 1961 1286 2012 ob
1303 1960 1374 2013 iilius
1390 1961 1548 2027 provincius
1575 1959 1677 2025 magui·

409 2045 528 2096 tudinem
541 2045 616 2096 multi
628 2046 727 2111 sperari
739 2050 890 2112 preventus,
913 2043 997 2097 mults
1014 2046 1093 2096 etiam
1110 2046 1278 2098 incommode
1293 2051 1404 2113 possunt
1420 2047 1514 2098 limem
1533 2061 1595 2098 nou
1615 2061 1676 2110 erge

407 2132 535 2196 integrum
553 2137 600 2181 sut
610 2131 751 2197 expediens
768 2131 879 2192 videtin,
899 2130 970 2197 quod
988 2131 1068 2184 slicm
1086 2129 1174 2198 legsto
1192 2134 1360 2199 quantumvis
1376 2133 1459 2198 probo
1479 2137 1529 2184 snt
1547 2131 1674 2198 prudenti

408 2217 460 2268 hoc
477 2219 618 2284 negocium
636 2216 826 2270 absolvendum
845 2218 1016 2270 coucedatur.
1035 2220 1065 2270 2ο
1083 2224 1144 2285 pest
1155 2218 1302 2270 modestam
1314 2219 1387 2272 illsm
1401 2219 1508 2270 concilii
1520 2219 1674 2270 Tridentini

409 2303 588 2355 definitionem
609 2305 745 2355 nonestis
769 2309 815 2354 sut
832 2305 967 2356 sutonnti
986 2304 1093 2356 concilii
1118 2309 1165 2356 sut
1182 2303 1231 2354 Βιιιι
1253 2305 1295 2356 Pii
1317 2306 1355 2356 IV
1373 2305 1495 2372 dignitsti
1520 2305 1672 2358 consultum

408 2391 465 2453 erit,
484 2392 506 2440 ei
524 2391 559 2440 ab
579 2389 631 2442 elio
651 2391 731 2440 etism
749 2389 871 2457 delegato
888 2389 977 2440 iudice
995 2389 1062 2440 hsec
1081 2393 1264 2442 controversis
1280 2389 1445 2442 decernetur.
1463 2391 1543 2442 etde
1557 2390 1672 2443 concilio

408 2475 516 2541 quidem
532 2481 615 2543 petet,
640 2475 750 2526 ederent
768 2477 838 2526 enim
854 2475 955 2526 ibidem
980 2473 1069 2541 plures
1093 2475 1164 2542 iique
1181 2477 1360 2543 probatissimi
1379 2476 1536 2540 nundinales,
1568 2481 1673 2542 sposto-

408 2561 477 2613 licae
502 2563 582 2614 etiem
600 2561 670 2612 sedis
687 2562 776 2628 legati,
801 2561 903 2628 plurimi
923 2563 1049 2626 episcopi,
1077 2563 1207 2614 innumeri
1225 2561 1375 2629 theologiae
1400 2563 1518 2628 iurisque
1538 2563 1671 2624 doctores,

408 2652 436 2699 et
452 2654 542 2700 tamen
564 2648 653 2699 adbuc
671 2649 757 2700 msum
783 2653 825 2700 est
847 2647 883 2698 sd
906 2647 998 2699 sedem
1014 2647 1088 2698 Petri
1111 2647 1300 2699 recurrendum
1326 2649 1354 2699 in
1371 2647 1423 2700 hac
1441 2663 1532 2702 murs.
1561 2648 1672 2716 quodsi

409 2749 480 2784 nuno
499 2733 577 2786 sedes
594 2733 667 2786 Petri
685 2733 721 2784 ed
739 2749 819 2785 unum
836 2732 955 2800 legatum
966 2733 1071 2784 reiicist
1081 2733 1229 2801 negocium,
1247 2734 1383 2786 videretur
1397 2739 1487 2788 tsutse
1499 2735 1601 2802 synodi
1614 2750 1670 2786 cun·

408 2819 577 2871 sultutionem
595 2819 742 2886 sugillasse,
766 2835 835 2887 quse
854 2821 959 2884 integre
975 2835 1029 2871 non
1046 2820 1127 2871 inerit
1153 2835 1219 2872 sues
1237 2819 1345 2872 delinire
1363 2821 1436 2888 quod
1453 2822 1498 2874 vel
1514 2823 1564 2874 uni
1583 2822 1670 2888 legato

410 2908 537 2959 committi
551 2911 665 2972 poterat.
683 2922 733 2958 nec
745 2907 795 2972 ipsi
813 2906 920 2974 quidem
937 2922 1038 2958 summo
1056 2905 1176 2972 pontifici
1193 2908 1258 2958 satis
1271 2905 1349 2974 digne
1362 2907 1517 2973 consulitur,
1535 2919 1602 2960 nsm
1615 2921 1669 2958 cnm

408 2991 476 3044 sliss
495 3007 589 3044 censes
607 3008 676 3059 quse
693 2993 799 3044 miuorIs
817 2994 943 3044 momenti
959 2991 1113 3046 uiderentur
1129 3008 1177 3059 per
1194 3009 1224 3045 se
1241 2994 1328 3060 ipsum
1345 2994 1425 3060 idque
1437 2997 1502 3046 setis
1515 2994 1598 3062 digne
1610 2993 1668 3044 velit

409 3079 551 3144 discutere,
578 3080 600 3129 si
618 3080 800 3146 gravissimum
817 3077 887 3128 hanc
904 3081 932 3130 in
949 3078 1065 3145 legetum
1083 3079 1246 3144 transferret,
1273 3078 1359 3130 videri
1375 3086 1466 3146 posset
1482 3086 1531 3133 sut
1548 3083 1590 3133 rei
1608 3077 1666 3131 diffi-

408 3165 534 3216 cultatem
556 3167 764 3232 grsvitatemque
782 3181 835 3216 non
853 3164 1008 3232 expendisse
1025 3171 1072 3217 sut
1090 3182 1157 3218 onus
1179 3167 1233 3217 suis
1249 3166 1365 3218 humeris
1387 3183 1502 3234 aequum
1521 3168 1665 3220 deueoure

409 3251 533 3317 voluisse,
552 3267 633 3318 quere
651 3253 745 3304 iustius
756 3267 790 3303 sc
802 3250 933 3304 salubrius
952 3257 1030 3316 esset,
1047 3257 1077 3302 ut
1094 3253 1122 3304 in
1139 3251 1190 3304 hec
1201 3258 1277 3318 purte
1295 3269 1373 3304 suum
1390 3255 1564 3306 ministerium
1580 3266 1663 3322 perse

409 3340 494 3405 ipsum
512 3338 641 3406 impleret.
660 3341 690 3390 3ο
708 3340 759 3406 ipsi
777 3340 857 3388 etiam
874 3338 930 3389 ΕΜ
951 3337 1040 3404 iegato
1059 3339 1104 3404 qui
1116 3339 1234 3402 mittitur,
1253 3337 1429 3392 Germanicae
1446 3355 1553 3407 qnoque
1571 3337 1663 3392 ustioni

409 3424 445 3475 sd
471 3440 550 3492 quem
568 3425 726 3488 destinetur,
749 3424 832 3478 molto
855 3425 939 3492 magis
963 3423 1069 3490 expedit
1091 3423 1210 3476 ultimsm
1233 3425 1311 3477 buius
1335 3440 1433 3478 musae
1457 3425 1664 3478 definitionems

409 3515 439 3566 n
458 3511 583 3579 pontifice
601 3513 728 3572 obtinere,
752 3526 830 3578 quum
847 3527 896 3577 per
912 3509 1028 3578 legatum
1055 3512 1083 3564 io
1101 3527 1191 3562 eorum
1207 3512 1328 3578 psrtibns
1346 3511 1453 3564 bebere.
1479 3513 1537 3578 ipse
1555 3524 1660 3576 numque

410 3600 522 3666 legatus,
539 3599 679 3650 silibersm
691 3597 801 3650 hebebit
813 3595 976 3648 concedendi
987 3597 1149 3660 fucultatem,
1167 3599 1321 3664 importunis
1331 3597 1454 3664 precibus
1476 3613 1523 3662 per
1535 3601 1661 3650 momente

410 3685 514 3752 singnis
526 3701 579 3737 uon
591 3685 692 3750 absque
704 3685 805 3750 ingenti
817 3684 898 3734 animi
916 3685 956 3734 sui
975 3682 1080 3734 festidio
1099 3689 1178 3752 etque
1190 3684 1312 3736 molestis
1330 3683 1498 3748 obtundetur,
1515 3685 1660 3752 prssseffi

412 3788 472 3822 cnm
490 3772 637 3838 principum
656 3770 784 3821 autoritas
808 3771 843 3821 sit
860 3770 1015 3837 gravissime
1033 3771 1180 3836 meritoque
1198 3769 1358 3834 venerenda,
1381 3771 1547 3838 popularium
1570 3773 1598 3822 in
1615 3769 1660 3819 exi·

411 3857 499 3926 gendo
521 3856 688 3910 intoleranda
709 3857 878 3922 improbitss3
902 3862 930 3908 st
956 3859 978 3908 si
996 3871 1076 3922 quem
1092 3858 1231 3923 plurimum
1257 3857 1434 3908 intellexerint
1461 3857 1658 3924 explorationem

410 3949 512 3996 tuntum
524 3958 628 4005 messe,
646 3959 700 3994 non
711 3949 799 3994 sutem
812 3942 984 3994 difinitionem
997 3942 1123 3994 creditam
1141 3959 1207 4008 esse,
1225 3946 1318 4009 etipse
1335 3945 1437 4012 legetus
1451 3943 1571 3994 securius
1583 3939 1657 3994 etalii

410 4030 554 4082 modestius
572 4032 657 4080 scturi
674 4034 742 4080 sunt
761 4030 824 4095 ipsis
837 4031 917 4080 etium
930 4029 1069 4082 Germanis
1086 4027 1168 4082 multo
1187 4031 1291 4098 dignius
1310 4035 1389 4097 etque
1409 4030 1565 4082 consentius
1582 4025 1654 4078 rideri

412 4118 506 4180 debet;
523 4118 547 4168 si
566 4118 634 4168 enim
651 4131 706 4166 rem
723 4122 817 4182 potunt
833 4117 966 4179 iniustum,
984 4117 1066 4167 sstins
1085 4121 1126 4166 est
1143 4131 1160 4167 e
1177 4116 1250 4168 nullo
1267 4132 1384 4184 unquam
1402 4117 1558 4180 obtinuisse,
1575 4125 1655 4166 verum

411 4205 433 4254 si
445 4216 559 4268 aequum
573 4207 600 4252 et
612 4203 710 4254 bonum
727 4201 871 4268 postulant,
888 4201 968 4266 longe
980 4205 1097 4266 prsestst
1113 4207 1174 4268 post
1191 4207 1320 4254 mstursm
1339 4201 1656 4265 commuuonemsnipso

411 4289 443 4342 R.
462 4287 587 4356 pontifice
605 4287 757 4339 immediato
776 4288 938 4354 adsequutos
957 4287 1045 4352 inisse,
1073 4291 1111 4340 sic
1130 4290 1199 4340 euim
1218 4294 1245 4340 et
1262 4291 1401 4340 concessio
1420 4288 1518 4341 firmior
1536 4293 1655 4340 eteorum

412 4391 493 4427 cause
503 4377 596 4427 iustior
606 4376 656 4426 erit
666 4389 716 4426 nec
728 4375 762 4424 sb
776 4374 834 4425 eliis
852 4373 997 4424 insimulari
1014 4376 1165 4426 nationibus
1181 4380 1313 4441 poterunt,
1332 4375 1404 4441 qnod
1422 4390 1440 4424 s
1455 4376 1561 4441 proprio
1579 4375 1654 4439 legato

410 4462 578 4527 improbitste
601 4463 690 4527 potius
714 4461 872 4512 extorserint
894 4474 974 4526 quem
996 4462 1098 4512 ratione
1121 4463 1306 4528 persuaserint
1329 4464 1359 4512 ⁴⁰
1379 4461 1483 4512 demum
1506 4462 1534 4524 in
1557 4477 1585 4512 re
1599 4455 1653 4509 emt

411 4551 537 4600 momenti
555 4547 735 4615 apostolorum
753 4547 900 4614 exemplum
919 4561 936 4598 s
952 4547 1025 4598 Petri
1042 4562 1195 4598 successore
1213 4547 1376 4614 sequendum
1394 4553 1441 4599 est
1460 4552 1518 4600 orte
1536 4547 1585 4598 fuit
1599 4543 1649 4596 olim

412 4634 445 4685 de
469 4634 621 4686 diversitate
647 4635 713 4684 ritus
731 4633 912 4685 controversis
936 4633 965 4684 in
982 4633 1133 4696 Antiochia,
1158 4648 1237 4700 quem
1265 4649 1315 4686 nee
1337 4633 1439 4685 Paulus
1464 4649 1515 4686 nec
1532 4629 1651 4684 Bsrosbss

411 4721 539 4789 multique
557 4721 603 4772 slii
622 4719 745 4774 doctores
764 4726 790 4770 et
807 4724 928 4785 pastores
947 4717 1055 4771 delinire
1073 4720 1130 4771 ensi
1147 4725 1215 4784 sunt
1233 4719 1281 4771 sed
1299 4720 1335 4771 sd
1351 4720 1460 4772 Petrum
1472 4719 1588 4786 aliosque
1599 4729 1649 4782 apo·

412 4807 494 4859 stolos
513 4805 672 4870 detrrlerunt,
695 4820 729 4856 so
746 4806 841 4856 Petrus
858 4820 912 4855 non
930 4805 1068 4856 coelestim
1096 4803 1238 4858 resumsit
1255 4806 1372 4873 legatum
1395 4821 1446 4857 nec
1463 4821 1510 4872 per
1526 4806 1601 4858 ulium
1616 4800 1650 4850 dt·

413 4894 574 4945 cernendum
593 4892 760 4957 existimavit,
784 4889 832 4942 sed
850 4891 907 4956 ipse
925 4905 985 4942 cum
1002 4889 1130 4957 apostolis
1147 4896 1175 4943 et
1192 4892 1340 4945 senioribus
1357 4897 1462 4944 mature
1479 4891 1650 4943 deliberetiout

412 4981 520 5045 praesis
536 4981 694 5030 sententiam
717 4977 791 5043 tulit;
815 4976 850 5027 ed
868 4991 927 5028 eum
949 4981 1039 5028 eutem
1057 4976 1212 5030 edicendam
1230 4982 1258 5029 et
1275 4977 1455 5045 exequendam
1478 4979 1580 5046 legatos
1595 4971 1650 5026 misit

413 5063 587 5117 Andoebisrn.
606 5065 644 5116 its
660 5067 688 5116 in
705 5063 784 5117 simili
794 5068 891 5114 erentu
908 5061 970 5114 ΒΜ
978 5063 1043 5115 Pius
1060 5063 1106 5129 qui
1122 5063 1194 5115 Petri
1212 5064 1302 5116 sedem
1321 5065 1430 5132 obtinet,
1448 5064 1520 5116 Petri
1531 5059 1647 5114 sensim
