3498 5818
1370 487 1431 553 m

118 659 163 726 vel
183 667 291 751 petius
306 669 458 734 instinctu
480 679 575 758 atquo
594 669 732 758 impulsu
747 671 852 738 R¹¹⁰¹¹¹¹¹¹
871 673 1048 766 legatorum
1070 675 1112 742 ad
1126 699 1277 765 praesens
1288 677 1434 745 Tridenti

118 773 315 840 existentium
338 775 390 840 vel
413 777 509 842 etism
530 801 589 842 sus
610 787 723 866 sponte
745 788 809 844 tam
831 780 1039 846 vehementer
1059 790 1187 869 urgeat,
1217 781 1276 846 tibi
1296 782 1432 868 proinde

117 872 250 962 benigne
271 901 310 942 ao
332 878 466 944 firmiter
486 882 690 967 iniungimus,
713 893 748 948 ut
768 906 829 970 por
850 885 1052 950 occasionem
1074 907 1113 950 ea
1135 907 1198 971 qua
1219 887 1347 950 noveris
1369 907 1433 952 mo·

116 979 211 1044 destia
234 993 266 1046 et
287 982 477 1049 dexteritate
500 985 627 1050 studeas
651 985 700 1052 8²¹·
712 985 744 1051 S.
767 986 963 1053 voluntatem
980 989 1110 1074 penitus
1131 989 1336 1075 investigare,
1355 1011 1432 1054 num

116 1083 232 1158 seilicet
254 1109 368 1151 revera
390 1089 497 1174 cupiat
518 1110 576 1153 nos
598 1090 661 1154 iarn
683 1089 811 1156 tandem
834 1112 960 1156 omnem
980 1089 1208 1157 mittendorum
1224 1101 1385 1157 oratormn
1400 1101 1433 1157 et

114 1186 323 1273 praelatorum
345 1202 525 1258 nostrorum
553 1213 675 1258 moram
702 1193 892 1282 abrumpere
921 1198 954 1259 st
981 1193 1023 1259 ad
1051 1217 1147 1282 quem
1175 1194 1259 1259 diem
1291 1205 1346 1260 aut
1373 1206 1435 1261 ter·

41 1310 42 1324 ¹
114 1291 230 1358 minum
252 1316 309 1358 eos
331 1297 459 1360 omnino
482 1297 670 1364 Tridentum
691 1301 802 1364 venire
824 1298 910 1365 velit.
934 1301 1060 1364 interea
1081 1309 1187 1364 autem
1208 1321 1273 1390 non
1294 1309 1434 1386 praeter·

113 1397 271 1462 mittemus
303 1419 362 1484 pro
395 1399 519 1466 viribus
551 1400 657 1466 adbuc
688 1402 800 1470 sedulo
830 1425 927 1489 agore
959 1402 1105 1470 laborare
1135 1413 1168 1468 ct
1194 1402 1365 1488 perficere,
1399 1413 1434 1470 ut

112 1499 237 1584 qnando
259 1511 399 1604 mentem
421 1525 461 1568 ac
480 1502 677 1570 voluntatem
699 1503 748 1571 8⁰·
771 1505 804 1571 S.
828 1507 1091 1592 cognoverimus,
1120 1504 1209 1570 nulla
1235 1505 1329 1571 nobis
1348 1505 1434 1572 diffr-

113 1601 211 1668 cultas
241 1607 380 1692 supersit
407 1608 440 1671 in
469 1607 679 1695 expediendis
703 1609 883 1674 oratoribus
906 1619 938 1675 et
964 1608 1119 1696 praelatis
1146 1609 1279 1690 nostris,
1313 1608 1371 1674 sed
1400 1621 1436 1674 ut

112 1706 291 1774 inomnem
314 1721 463 1776 eventum
485 1733 544 1777 nos
575 1711 734 1778 desiderio
764 1711 814 1779 sa.
836 1710 868 1778 S.
901 1711 1111 1778 accomodare
1140 1713 1313 1800 possimus,
1348 1712 1434 1798 quod

110 1809 252 1878 fortassis
273 1835 339 1878 non
365 1814 424 1879 abs
446 1837 482 1880 ro
503 1815 564 1880 erit
585 1815 648 1880 So..
677 1815 747 1882 sius
778 1839 820 1882 ex
848 1826 879 1882 te
908 1837 1120 1904 cognoscere,
1154 1838 1195 1880 ne
1223 1839 1282 1880 nos
1309 1816 1343 1880 in
1371 1814 1434 1881 hoe

109 1917 243 2000 negocio
266 1916 411 1984 consulto
434 1941 539 1986 moras
561 1930 690 1992 nectere
712 1929 769 1990 eut
789 1919 910 2010 alioqui
931 1943 952 1987 a
976 1942 1150 2010 progressu
1165 1917 1294 1988 concilii
1309 1917 1430 1986 elisum

110 2039 177 2086 esse
199 2021 395 2112 suspicetur.
410 2073 417 2088 .
432 2073 438 2086 .

693 2239 896 2256 ——01-*1-

257 2463 372 2538 &cape
391 2467 423 2524 in
443 2469 571 2526 nnana
592 2471 650 2526 aad
673 2471 801 2544 Origine!
822 2471 853 2526 io
874 2466 945 2527 Areo
969 2471 997 2528 0.
1019 2487 1080 2526 vora
1101 2471 1144 2527 20
1167 2469 1286 2526 October.

207 2647 380 2734 Magnifice
402 2648 506 2716 fidelis
528 2650 620 2718 nobis
644 2651 768 2718 dilecte.
799 2675 881 2742 quae
909 2651 950 2718 de
971 2651 1106 2720 diversis
1128 2674 1233 2740 neque
1255 2672 1332 2716 sane
1354 2648 1431 2716 levi·

108 2747 163 2816 bos
186 2751 283 2818 rebus
304 2750 347 2818 ad
369 2777 427 2820 nos
450 2755 607 2840 scripsisti
629 2755 681 2822 die
704 2755 746 2822 27
767 2758 915 2843 proxime
944 2754 1046 2844 elapsi
1075 2755 1194 2822 mensis
1221 2753 1430 2842 Septembris,

109 2875 144 2918 ss
164 2858 273 2922 omnia
294 2855 469 2924 clementer
490 2857 722 2942 intelleximus,
752 2861 785 2926 in
808 2859 925 2948 quibus
951 2859 1031 2926 illud
1052 2859 1253 2947 potissimum
1275 2868 1324 2922 est
1346 2856 1433 2946 quod

108 2955 171 3021 δ”·
192 2959 235 3024 D.
258 2961 297 3026 N.
320 2983 379 3027 nos
395 2985 461 3051 per
481 2973 514 3028 te
535 2982 646 3028 rursus
668 2963 887 3031 admonendos
908 2965 1037 3031 duxerit
1058 2964 1099 3030 ds
1121 2961 1283 3030 mittendis
1297 2961 1339 3028 sd
1355 2984 1429 3027 oon·

109 3061 212 3130 cilium
235 3065 414 3131 oratoribus
436 3067 562 3150 nostris,
586 3069 680 3132 sicuti
703 3069 799 3132 etiarn
820 3067 897 3132 fecit
918 3089 977 3154 per
998 3067 1150 3132 nuncium
1172 3087 1265 3130 suum
1279 3065 1320 3130 ad
1336 3061 1427 3151 prae·

108 3188 177 3232 sens
205 3170 239 3234 in
273 3167 346 3236 sula
377 3181 486 3236 nostra
515 3167 550 3238 O.
580 3173 770 3237 existentem
794 3169 874 3235 R¹¹¹¹¹m
907 3172 1094 3259 episcopum
1126 3167 1328 3236 Pharensem.
1363 3191 1427 3257 qua

109 3271 234 3355 quidem
257 3273 290 3338 in
313 3295 347 3338 re
378 3273 597 3340 existimamus
624 3297 684 3342 nos
713 3275 853 3340 animum
885 3297 924 3338 sc
956 3271 1154 3340 voluntatem
1186 3281 1327 3338 nostram
1361 3273 1425 3336 iam

108 3376 233 3462 saepius
256 3375 455 3460 declarasse,
487 3377 573 3464 quod
601 3379 750 3444 nimirum
779 3402 799 3442 a
822 3375 985 3444 mittendis
1015 3377 1193 3444 oratoribus
1223 3397 1426 3463 nequaquam

106 3476 342 3557 abhorreamus,
365 3479 423 3544 sed
444 3501 499 3545 eos
523 3501 619 3567 qoam
642 3481 780 3568 primum
801 3481 871 3545 fieri
894 3489 992 3568 quest
1012 3481 1140 3546 missuri
1163 3479 1262 3544 simus
1281 3487 1377 3566 atque
1392 3477 1425 3542 id

107 3603 166 3646 non
189 3580 286 3648 modo
309 3581 417 3649 verbis
437 3581 573 3670 polliciti
596 3583 722 3668 fuimus,
746 3581 803 3650 sed
825 3607 859 3648 re
882 3586 953 3674 ipsa
976 3603 1103 3671 quoque
1125 3591 1290 3670 praestare
1306 3581 1426 3646 studui-

107 3705 183 3766 mus,
206 3685 296 3754 nullo
321 3687 547 3774 praetermisso
569 3677 679 3752 labore
702 3697 756 3754 aut
779 3685 899 3770 studio,
929 3695 964 3754 ut
991 3687 1023 3752 in
1054 3693 1143 3750 tanta
1173 3685 1308 3772 penuria
1329 3681 1427 3748 homi-

107 3811 181 3856 num
203 3790 421 3856 inveniremus
443 3792 530 3858 viros
552 3789 685 3858 idoneos
707 3791 763 3879 qui
783 3789 868 3858 hanc
891 3788 1089 3878 provinciam
1112 3785 1165 3854 vel
1184 3787 1291 3854 subire
1309 3784 1429 3872 vellent

107 3891 222 3959 velex
244 3892 402 3979 dignitate
424 3901 534 3960 nostra
557 3895 713 3960 sustinere
736 3903 883 3981 possent,
920 3915 1039 3980 eosque
1062 3895 1107 3958 ite
1134 3892 1305 3958 instructos
1336 3899 1367 3956 et
1395 3891 1428 3956 in

106 3997 272 4079 procinctu
296 3995 506 4080 haberemus,
541 4006 578 4063 ut
607 4019 702 4085 qnam
731 3999 871 4083 primurn
898 3997 1074 4060 necessitas
1095 3993 1281 4083 postularet,
1303 4002 1427 4060 remota

108 4099 190 4162 omni
212 4119 312 4178 mora,
338 4121 408 4164 sese
430 4101 536 4164 itineri
559 4102 793 4166 committerent
815 4109 846 4164 et
868 4110 956 4164 recta
976 4097 1164 4164 Tridentum
1187 4097 1425 4183 proficisceren-

106 4207 163 4266 tur.
190 4223 303 4266 verum
328 4199 384 4267 8²¹⁶
406 4204 474 4267 eius
501 4203 684 4273 meminisse
707 4192 892 4292 dignabitur
915 4201 999 4289 quod
1023 4199 1241 4288 superioribus
1264 4197 1427 4266 mensibus

105 4303 161 4370 tibi
182 4303 383 4372 familiariter
404 4305 640 4392 significaverit,
664 4315 699 4373 ut
722 4305 763 4372 ad
785 4329 844 4372 nos
867 4305 1024 4372 scriberes
1054 4327 1094 4370 ne
1120 4301 1292 4369 admodum
1321 4325 1427 4368 move·

105 4430 226 4487 remur,
259 4409 287 4474 si
315 4408 442 4496 quaudo
471 4410 542 4474 ΒΝ·
571 4404 743 4476 cardinalis
766 4409 978 4476 Warmiensis
1008 4429 1067 4472 nos
1096 4408 1203 4482 acrius
1231 4414 1360 4492 urgeret
1389 4405 1429 4471 de

107 4509 267 4574 mittendis
290 4509 331 4575 ad
356 4509 524 4576 concilium
549 4510 729 4576 oratoribus
751 4513 877 4595 nostris,
901 4533 943 4576 ex
966 4531 1028 4598 quo
1052 4509 1107 4576 8⁸¹
1120 4509 1153 4576 S.
1176 4511 1313 4596 ipsamet
1327 4509 1426 4574 moni·

107 4621 174 4677 tura
190 4623 283 4696 essct,
308 4613 435 4700 quando
457 4625 584 4702 ternpus
600 4614 683 4679 foret
704 4613 865 4700 mittendi,
888 4616 997 4701 itaque
1019 4615 1143 4678 etiamsi
1165 4611 1351 4677 iamdudum
1373 4612 1427 4678 ho-

106 4718 205 4782 mines
234 4727 360 4782 nostros
393 4728 523 4804 paratos
552 4717 791 4802 habuissemus,
825 4727 932 4783 tamen
967 4717 1145 4784 istiusmodi
1179 4717 1429 4781 admonitionem

108 4821 233 4888 omnino
256 4819 349 4886 nobis
373 4819 625 4908 exspectandam
647 4822 893 4909 putavissemus.
917 4819 1042 4886 adhaec
1063 4819 1142 4886 nihil
1164 4819 1269 4884 adhuc
1292 4819 1370 4884 corti
1386 4819 1429 4883 ad

108 4945 164 4988 nos
186 4921 424 5010 perlatumest,
446 4924 576 5012 quando
598 4923 654 4992 alii
675 4947 769 5011 reges
790 4947 830 4992 ac
851 4924 1015 5012 principes
1037 4947 1112 4992 suos
1135 4933 1277 4990 oratores
1299 4923 1428 4988 missuri

109 5023 181 5106 sint,
210 5026 267 5113 qui
289 5035 376 5092 certe
401 5027 464 5091 nisi
487 5035 520 5092 et
541 5028 603 5116 ipsi
625 5029 781 5114 venerint,
805 5051 869 5096 non
891 5026 1037 5096 videmus
1060 5025 1102 5092 sd
1124 5025 1204 5120 quid
1224 5025 1425 5116 profuturum
