3532 5832
1379 507 1504 578 st*

198 695 395 765 Posterioris
418 723 496 766 vero
519 696 646 766 articuli
671 695 711 766 de
727 697 878 786 coniugio
902 696 1093 766 clericorum
1111 698 1273 764 difficilior
1295 709 1431 786 apparet

99 801 264 868 resolutio.
287 803 364 868 licet
386 813 495 868 autem
517 803 656 868 ecclesia
683 805 843 868 neminem
865 805 1011 890 praecise
1040 813 1136 887 cogat
1164 806 1343 888 continere,
1373 805 1430 870 sed

98 905 213 970 saltem
238 908 271 970 in
295 907 407 972 ordine
431 930 526 995 quem
550 906 607 972 dat
627 906 712 972 hanc
727 907 942 972 continentiae
956 904 1062 992 legem
1078 907 1221 992 imponit,
1245 914 1277 971 et
1293 906 1430 995 denique

96 1011 217 1072 nemini
242 1009 459 1075 dubitandum
482 1012 523 1074 sit
545 1011 779 1075 matrimonium
803 1011 936 1096 eiusque
952 1031 1045 1073 usum
1060 1011 1166 1073 minus
1182 1012 1354 1076 convenire
1369 1008 1430 1073 hiis

95 1114 146 1198 qni
172 1111 403 1198 spiritualibus
424 1112 616 1178 lectionibus
645 1121 676 1176 et
704 1111 903 1177 orationibus
930 1133 1048 1176 vacare
1081 1133 1120 1175 ac
1154 1111 1197 1175 ad
1229 1122 1431 1176 sacramenta

94 1213 269 1278 tractsmda
295 1225 328 1278 et
349 1215 603 1280 administranda
626 1235 753 1302 semper
774 1217 879 1302 parati
901 1237 972 1280 esse
996 1213 1123 1296 debent,
1147 1224 1244 1300 atque
1263 1214 1343 1280 adeo
1366 1237 1431 1280 me·

93 1315 210 1381 liorem
234 1319 268 1381 in
292 1317 379 1384 clero
402 1321 608 1404 maximeque
632 1319 810 1405 optandum
832 1340 903 1382 esse
927 1317 1137 1401 caelibatum3
1166 1319 1222 1403 qui
1249 1319 1333 1381 enim
1362 1319 1431 1383 sine

94 1443 200 1485 uxore
225 1431 285 1503 est,
308 1419 466 1487 sollicitus
489 1433 537 1486 est
559 1443 642 1508 quae
666 1432 741 1486 sunt
763 1421 899 1502 domini,
925 1418 1086 1507 quomodo
1109 1420 1238 1506 placeat
1266 1417 1343 1502 deo,
1376 1421 1431 1506 qui

94 1534 206 1588 autem
230 1545 306 1587 cum
329 1545 432 1588 uxore
455 1533 511 1606 est,
536 1524 691 1588 sollicitus
714 1533 762 1590 est
784 1545 868 1610 quae
891 1534 967 1587 sunt
981 1523 1102 1604 mundi,
1127 1521 1288 1611 quomodo
1303 1521 1432 1608 placeat

94 1628 207 1710 uxori;
232 1649 347 1691 verum
370 1648 470 1713 quum
492 1637 608 1692 natura
629 1629 786 1693 imitatrix
810 1629 851 1690 sit
871 1627 1023 1690 vitiorum
1057 1648 1097 1690 ac
1118 1611 1232 1691 omnis
1266 1634 1355 1690 aetas
1388 1624 1430 1689 ab

95 1729 322 1794 adolescentia
343 1731 377 1794 in
399 1730 520 1795 malum
541 1753 644 1818 prona
667 1733 709 1796 sit
731 1741 764 1795 et
786 1752 861 1794 caro
884 1731 925 1793 sit
948 1726 1095 1793 stimulus
1121 1730 1248 1815 peccati
1269 1730 1430 1815 paucique

95 1834 161 1896 sine
187 1835 298 1896 carnis
322 1832 439 1899 delicto
466 1835 667 1920 reperiantur
696 1855 843 1899 necnon
871 1833 1052 1897 arctissima
1073 1833 1114 1895 sit
1135 1833 1189 1895 via
1217 1832 1431 1896 continentiae

94 1957 130 1998 ac
151 1937 260 2020 pauci
282 1937 489 2001 inveniantur
503 1939 559 2024 qui
581 1939 614 2001 in
637 1939 711 2023 igne
726 1939 822 2024 positi
845 1959 910 2002 non
933 1935 1069 2000 ardeant
1091 1935 1195 2020 sitque
1218 1933 1291 1999 talis
1316 1957 1431 2000 concu-

94 2039 278 2124 piscentiae
299 2041 384 2125 ignis
413 2039 630 2107 exardescens
662 2063 765 2129 usque
799 2040 842 2104 ad
874 2039 1086 2126 perditionem
1121 2037 1296 2102 devorans:
1331 2060 1431 2125 quare

94 2141 151 2204 80⁰
178 2141 225 2206 D.
248 2141 288 2205 N.
312 2140 558 2208 deliberandam
580 2146 654 2229 erit,
679 2167 721 2209 an
743 2151 886 2231 praestet
911 2164 982 2207 eam
1005 2140 1194 2206 clericorum
1217 2142 1431 2206 continentiae

92 2243 204 2330 legem
227 2267 286 2330 pro
309 2247 488 2331 praesentis
510 2250 664 2336 temporis
688 2248 874 2312 conditione.
893 2268 996 2333 usque
1013 2243 1055 2309 ad
1071 2243 1198 2309 concilii
1214 2243 1431 2310 definitionem

92 2359 236 2434 paterna
266 2347 505 2436 dispensatione
528 2374 586 2418 seu
602 2351 857 2416 dissimulatione
886 2349 1045 2432 relaxare,
1077 2369 1175 2435 quam
1206 2349 1318 2414 eadem
1334 2370 1431 2412 mor·

93 2451 193 2516 dicus
214 2459 340 2516 retenta
362 2454 566 2520 sacerdotum
589 2456 693 2520 ordini
716 2455 868 2543 laqueum
890 2455 1021 2520 iniicere
1043 2454 1310 2539 acimpurissimo
1335 2449 1430 2516 caeli·
1476 2479 1478 2482 ’

92 2553 188 2617 batni
209 2554 470 2643 nephandaeque
493 2560 678 2624 scortationi
702 2569 815 2624 contra
843 2557 988 2622 divinum
1016 2565 1226 2642 praeceptum
1254 2557 1429 2621 fenestram

94 2657 271 2744 adaperire
295 2654 380 2745 [th.

202 2761 278 2842 Quo
299 2765 405 2849 magis
428 2767 513 2830 enim
536 2765 746 2831 ecclesiastici
773 2765 867 2830 bonis
898 2764 1066 2830 abundant
1092 2763 1340 2852 temporalibus,
1367 2762 1430 2829 hoc

96 2865 206 2928 minus
229 2863 381 2930 videntur
402 2867 561 2953 gravandi
583 2891 654 2934 esse
678 2869 835 2933 castitatis
857 2879 933 2934 voto
956 2867 1008 2933 vel
1030 2867 1112 2954 lege,
1140 2878 1196 2932 aut
1219 2875 1304 2932 certe
1320 2889 1430 2932 eorum

98 2979 222 3032 statum
244 2967 288 3032 ad
307 2979 534 3055 paupertatem
555 2973 738 3058 primitivae
760 2971 916 3038 ecclesiae
938 2971 1151 3058 redigendum
1170 2993 1250 3036 esse.
1274 2968 1431 3035 ecclesiae
1497 3049 1506 3076 α

99 3073 186 3136 enim
209 3073 373 3158 principes
395 3075 450 3160 qui
473 3074 596 3141 deliciis
620 3075 758 3140 affluunt
779 3098 819 3140 ac
841 3078 924 3140 inter
947 3075 1059 3162 epulas
1082 3085 1114 3140 et
1135 3074 1286 3138 lascivias
1308 3074 1430 3160 pudici·

98 3178 177 3239 tiam
200 3197 236 3238 se
252 3197 382 3240 servare
405 3176 549 3261 credunt,
573 3178 780 3266 propheticus
804 3201 909 3246 sermo
933 3179 1085 3244 describit
1102 3179 1190 3266 quod
1206 3176 1353 3243 eiiciendi
1369 3178 1432 3240 sint

99 3279 139 3343 de
172 3279 327 3364 speciosis
355 3279 504 3346 domibus
531 3281 692 3370 lautisque
721 3285 877 3349 conviviis
904 3293 936 3349 et
963 3281 1063 3347 multo
1091 3281 1202 3348 labore
1225 3281 1328 3368 epulis
1358 3303 1431 3347 con·

100 3382 244 3468 quisitis;
267 3380 468 3467 periclitatur
495 3407 635 3472 namque
666 3387 796 3450 castitas
826 3387 858 3454 in
889 3385 1021 3469 deliciis,
1051 3384 1213 3450 humilitas
1242 3387 1276 3448 in
1303 3384 1430 3464 divitiis,

97 3489 205 3572 pietas
226 3486 261 3548 in
282 3487 442 3571 negociis,
470 3490 590 3554 veritas
618 3491 653 3553 in
681 3487 883 3577 multiloquio
913 3499 945 3556 et
972 3489 1112 3554 charitas
1140 3491 1173 3553 in
1201 3489 1262 3555 hoc
1290 3509 1432 3576 nequam

98 3588 221 3654 secula.

202 3691 350 3774 Quodsi
373 3690 481 3759 elerici
504 3697 632 3762 omnino
656 3699 812 3762 castitatis
834 3697 906 3784 lege
929 3697 1149 3784 obstringendi
1171 3699 1243 3781 sint,
1265 3694 1347 3762 tales
1362 3705 1430 3762 tan·

99 3807 168 3861 turn
191 3799 247 3883 qui
270 3807 378 3861 essent
401 3807 577 3884 provectae
605 3802 720 3865 aetatis
749 3823 841 3868 sacro
871 3803 976 3868 ordini
1004 3801 1209 3867 adscribendi
1236 3800 1430 3884 viderentur,

101 3898 284 3986 dequibus
307 3920 380 3987 spes
404 3901 446 3964 sit
466 3901 610 3967 maxima
631 3903 700 3970 fore
722 3915 758 3970 ut
781 3905 975 3971 caelibatum
998 3905 1106 3970 colant
1132 3906 1186 3993 pie
1215 3914 1247 3970 et
1268 3903 1429 3988 inviolate,

100 4005 236 4089 inques
259 4003 468 4068 scilicetnon
491 4005 588 4070 cadat
616 4009 750 4093 suspitio
782 4010 870 4074 vitae
903 4010 1040 4095 turpiter
1073 4008 1250 4094 degendae.
1285 4009 1312 4072 si
1346 4009 1431 4072 enim

100 4106 250 4188 iuniores,
274 4115 311 4170 ut
330 4105 368 4170 fit
389 4116 487 4193 atque
511 4108 655 4174 defectus
678 4121 710 4176 et
732 4113 908 4178 necessitas
924 4113 1035 4198 exigit,
1059 4133 1196 4199 quorum
1211 4120 1301 4176 aetas
1317 4120 1350 4176 et
1363 4111 1431 4174 vita

101 4207 171 4272 talis
195 4218 245 4273 est
266 4217 303 4272 ut
324 4208 513 4275 libidinibus
536 4211 693 4278 obsistere
715 4236 781 4280 non
802 4215 904 4280 velint
925 4226 982 4281 aut
1003 4217 1215 4302 nonpossint,
1240 4213 1430 4280 admittendi

102 4313 161 4376 sint
184 4310 229 4377 ad
250 4311 395 4396 ordines,
425 4314 696 4381 considerandum
719 4328 768 4383 est
790 4341 832 4383 an
854 4342 919 4384 non
942 4321 1042 4384 satius
1065 4329 1150 4384 esset
1178 4319 1224 4382 eis
1246 4319 1430 4405 permittere

101 4427 132 4478 nt
153 4414 248 4480 Pauli
272 4415 404 4481 consilio
436 4427 568 4486 utantur
596 4419 745 4507 dicentis:
778 4425 911 4510 propter
937 4424 1181 4488 fornicationem
1209 4423 1430 4508 unusquisque

101 4517 218 4585 babeat
233 4541 325 4585 suam
340 4543 476 4586 uxorem
486 4519 589 4610 [Vll],
613 4533 645 4590 et
659 4525 773 4590 melius
789 4548 859 4590 esse
874 4527 1112 4591 matrimonium
1128 4524 1317 4592 contrahere
1333 4546 1431 4612 quam

101 4625 155 4706 uri,
180 4644 280 4708 quam
301 4635 338 4688 ut
359 4623 404 4688 illi
419 4635 495 4691 voto
520 4626 663 4692 obstricti
679 4638 835 4716 perpetuo
857 4639 992 4694 urantur
1013 4639 1045 4695 et
1067 4631 1100 4694 in
1123 4631 1315 4695 scortatione
1338 4627 1429 4694 volu-

100 4735 215 4810 tentur,
237 4729 379 4793 maxime
402 4751 474 4792 cum
496 4731 665 4796 videamus
687 4731 871 4797 huiusmodi
893 4740 971 4796 vota
993 4753 1051 4797 seu
1074 4733 1290 4796 continentiae
1306 4730 1429 4816 obliga·

99 4831 217 4896 tionem
239 4852 304 4896 non
326 4833 443 4896 intuitu
466 4833 622 4900 castitatis
645 4834 825 4901 servandae
860 4836 917 4901 sed
939 4845 1073 4923 propter
1104 4837 1239 4924 pinguia
1271 4836 1429 4902 beneficia

100 4933 318 5001 ecclesiastica
340 4937 569 5024 consequenda
589 4938 668 5004 lieri.
693 4941 748 5028 qui
770 4962 848 5008 vero
872 4940 980 5028 ampla
1002 4940 1360 5026 sacerdotia-obtinent,
1383 4939 1429 5004 hii

102 5061 171 5107 eum
192 5039 227 5104 in
249 5039 363 5106 luxum
383 5061 490 5110 rerum
511 5042 579 5110 fere
601 5047 743 5112 omnium
766 5047 857 5115 effusi
880 5049 957 5135 sint,
986 5073 1027 5118 an
1056 5057 1087 5112 et
1110 5045 1273 5136 quomodo
1297 5056 1428 5114 castum

151 5159 247 5200 tttchsl
265 5172 284 5200 s.
304 5160 331 5200 G.
349 5161 372 5204 d.
391 5160 488 5208 Concita.
1212 5177 1229 5228 g
