3498 5818
323 495 385 558 att

320 703 435 746 saxum
457 701 523 746 una
543 679 711 747 voluturos
739 679 818 746 mibi
844 681 941 769 plane
969 703 1160 768 persuasum
1183 691 1240 747 est.
1271 705 1336 749 non
1359 693 1466 750 autem
1488 685 1585 750 baius
1608 690 1658 752 rei

320 781 561 869 promovendae
585 782 783 850 commodior
804 785 934 850 videtur
955 787 1037 852 ratio
1061 807 1158 872 quam
1180 795 1216 851 ut
1238 784 1270 850 S.
1294 787 1356 850 Mu·
1371 787 1410 852 V.
1434 797 1579 854 oratores
1602 790 1657 854 iis-

323 885 396 952 dem
418 895 549 952 utantur
570 889 767 973 argumentis
791 888 908 976 quibus
938 889 1012 974 ipsa
1041 890 1197 976 superiori
1228 911 1313 955 anno
1342 911 1421 978 erga
1450 890 1527 956 ΒΜ
1549 891 1592 955 Ι).
1616 891 1657 956 N.

323 1011 381 1054 usa
403 999 461 1072 est,
485 991 574 1054 cuius
598 992 708 1078 scripti
736 1013 793 1056 sen
820 991 1021 1056 tractationis
1051 991 1234 1079 exemplum
1264 993 1446 1058 oratoribus
1474 1016 1534 1081 pro
1565 993 1658 1059 lucu·

322 1090 450 1156 lentiori
473 1114 583 1157 eornm
606 1092 832 1158 informatione
855 1091 1000 1157 exhiheri
1021 1103 1140 1179 posset.
1165 1117 1263 1182 quum
1286 1105 1394 1161 autem
1416 1103 1552 1184 utraque
1575 1121 1654 1184 pars

323 1195 356 1258 ni
378 1194 514 1261 fallere
536 1196 591 1261 via
612 1195 748 1282 legitimi
771 1195 898 1261 concilii
920 1195 1095 1260 admodum
1118 1195 1292 1265 abhorrere
1306 1199 1465 1282 videatur,
1489 1199 1579 1287 quod
1594 1201 1656 1264 sci-

322 1298 398 1364 licet
427 1297 575 1365 catholici
602 1300 877 1382 reformationem,
904 1297 989 1386 lapsi
1011 1319 1088 1366 vero
1112 1301 1413 1368 condemnationem
1434 1302 1657 1384 reformident,

321 1401 449 1488 utrique
475 1401 622 1468 volentes
649 1404 756 1489 potius
784 1403 932 1467 amittere
953 1400 1143 1488 relig‘onem
1165 1425 1263 1491 quam
1285 1403 1336 1470 vel
1360 1405 1529 1471 admittere
1550 1407 1656 1471 refor-

322 1505 496 1570 mationem
517 1503 570 1570 vel
594 1513 767 1592 expectare
791 1504 1106 1588 condemnationem,
1137 1507 1346 1593 quamobrem
1375 1509 1659 1595 operaepretium

320 1606 418 1672 fuerit
449 1605 605 1674 eiusmodi
634 1607 895 1673 reformationem
923 1617 1079 1696 tanquam
1105 1631 1172 1673 rem
1196 1611 1313 1674 iustam
1335 1612 1423 1697 piam
1446 1611 1658 1698 omniumque

322 1712 464 1776 maxime
486 1709 702 1776 neceesarium
725 1733 784 1798 per
805 1721 948 1778 oratores
973 1710 1005 1776 S.
1021 1710 1082 1775 Mo.
1097 1711 1136 1776 V.
1160 1711 1309 1800 illiusque
1330 1715 1469 1797 nomine,
1492 1713 1535 1779 ad
1557 1735 1658 1800 quam

322 1834 439 1900 nempe
460 1834 513 1879 res
536 1813 722 1901 cumprimis
754 1823 892 1902 spectat,
915 1815 949 1879 in
972 1813 1116 1897 concilio,
1144 1815 1290 1901 patribus
1317 1815 1380 1881 hac
1408 1825 1500 1902 parte
1521 1825 1660 1904 propter

246 1965 249 1972 .
323 1915 486 2002 privatum
508 1919 665 1983 interesse
694 1927 730 1982 nt
751 1917 869 1984 dicitur
896 1916 1041 1982 nonnihil
1076 1920 1234 2004 suspectis
1257 1928 1290 1984 et
1312 1941 1379 1984 rem
1401 1918 1486 1983 banc
1509 1918 1659 2006 alioquin

323 2022 400 2086 satis
424 2020 570 2086 odiosam
592 2031 707 2108 sponte
730 2043 789 2086 sua
811 2045 876 2087 non
898 2020 993 2086 facile
1013 2023 1222 2108 aggressuris,
1244 2023 1373 2088 nemine
1389 2020 1514 2087 scilicet
1529 2043 1658 2088 correc-

323 2227 463 2312 imprimi
485 2225 614 2292 obtrudi
636 2235 668 2292 et
688 2225 854 2308 inculcari,
879 2249 943 2314 quo
964 2228 1068 2313 magis
1091 2225 1222 2293 morbus
1245 2226 1298 2292 ille
1321 2228 1518 2313 depravatae
1534 2238 1568 2292 et
1584 2249 1658 2292 cor-

323 2338 437 2414 ruptae
460 2327 617 2394 ecclesiae
633 2330 914 2417 pestilentissimus
930 2327 1020 2394 nulla
1033 2329 1289 2394 dissimulatione
1305 2328 1411 2394 celare
1425 2351 1487 2395 nec
1502 2331 1656 2395 excusari

322 2439 438 2517 potest

428 2534 549 2600 Verum
571 2557 614 2600 an
637 2544 731 2601 extra
753 2535 925 2602 concilium
947 2537 1121 2621 separatim
1144 2557 1218 2600 oum
1241 2535 1436 2623 quibusdam
1459 2537 1591 2621 regibus
1615 2535 1658 2601 de

323 2633 516 2702 inculcanda
538 2659 578 2703 ac
599 2637 808 2724 provehenda
828 2637 1057 2704 reformatione
1072 2637 1278 2703 tractandum
1293 2637 1450 2722 videatur,
1473 2637 1556 2704 boec
1572 2639 1659 2703 diffi-

323 2740 414 2804 cilior
435 2749 571 2826 apparet
593 2743 749 2828 quaestio,
773 2761 870 2828 qnam
893 2742 926 2804 in
942 2739 974 2805 S.
991 2739 1052 2804 Ma.
1064 2740 1104 2804 V.
1126 2741 1260 2806 consilio
1283 2741 1316 2804 in
1338 2749 1509 2828 utramque
1528 2750 1658 2827 partem

323 2841 571 2928 prudentissime
593 2842 781 2909 ventilatam
806 2866 877 2908 esse
900 2844 1052 2930 comperi.
1082 2866 1144 2931 ego
1172 2853 1208 2910 nt
1238 2843 1325 2931 quod
1353 2843 1416 2910 hac
1438 2846 1470 2907 in
1493 2867 1528 2910 re
1551 2846 1658 2910 sentio

324 2969 397 3010 cum
421 2946 570 3012 clementi
592 2945 625 3011 S.
646 2945 708 3011 Mn.
723 2945 763 3012 V.
786 2947 883 3011 venia
904 2948 1045 3033 ingenue
1066 2947 1179 3032 fatear,
1201 2948 1300 3012 timeo
1321 2945 1491 3033 pontifices
1514 2955 1547 3012 et
1563 2970 1658 3033 prae·

324 3047 405 3114 latos
434 3059 502 3116 tam
530 3047 615 3114 ultra
646 3071 743 3136 quam
772 3050 1024 3116 citramontanos
1048 3051 1081 3115 in
1103 3052 1167 3115 ista
1188 3048 1359 3136 temporali
1382 3048 1601 3115 dominatione
1625 3061 1659 3114 et

322 3148 447 3216 deliciis
462 3153 529 3218 sais
544 3153 591 3218 ita
607 3153 822 3232 consenuisse,
845 3154 892 3218 ita
914 3155 1011 3219 etiam
1034 3164 1225 3220 occaecatos
1247 3161 1281 3218 et
1303 3155 1490 3218 immortuos
1514 3173 1596 3234 esse,
1620 3163 1658 3217 ut

323 3255 386 3318 nisi
415 3256 520 3320 coacti
547 3276 710 3345 nunquam
739 3259 866 3344 passuri
896 3257 960 3321 sint
988 3277 1023 3321 se
1051 3257 1085 3320 in
1114 3255 1259 3321 ordinem
1287 3255 1407 3341 redigi,
1440 3253 1526 3320 hanc
1548 3265 1659 3320 antem

326 3360 528 3425 coactionem
550 3360 619 3425 fieri
642 3383 707 3425 non
728 3381 825 3446 posse
846 3362 909 3424 nisi
932 3361 1112 3426 coniunctis
1135 3357 1168 3424 S.
1191 3357 1254 3423 hl*
1268 3357 1308 3424 V.
1333 3367 1488 3446 tanquam
1512 3361 1656 3444 supremi

327 3460 484 3528 ecclesiae
507 3463 658 3528 advocati
681 3462 883 3549 aliorumque
906 3483 1020 3549 regum
1043 3469 1076 3526 et
1096 3462 1279 3548 principum
1302 3460 1444 3530 consiliis
1467 3469 1499 3526 et
1520 3460 1655 3546 viribus,

323 3563 412 3630 illam
434 3587 512 3631 vero
534 3575 679 3630 mutum
702 3566 960 3631 coniunctionem
982 3565 1015 3628 in
1037 3563 1100 3629 hac
1122 3585 1229 3628 rerum
1256 3562 1499 3650 perturbatione
1516 3583 1555 3627 ac
1569 3565 1657 3648 prin·

326 3670 432 3754 cipum
462 3667 643 3734 diffidentia
669 3669 844 3755 impetratu
867 3669 945 3732 satis
969 3689 1039 3732 esse
1063 3665 1236 3732 difficilem.
1260 3666 1397 3752 legimus
1420 3673 1529 3730 autem
1552 3663 1654 3730 eccle·

325 3772 405 3834 siam
428 3772 461 3835 in
483 3771 656 3836 schismate
682 3770 808 3857 lapsam
831 3780 863 3835 et
893 3768 1100 3835 vacillantem
1133 3791 1300 3856 nunquam
1329 3768 1396 3832 snis
1424 3769 1564 3852 viribus,
1596 3767 1655 3834 sed

327 3893 455 3959 semper
480 3896 540 3959 per
569 3873 732 3940 seculares
761 3874 924 3960 principes
957 3872 1063 3937 denuo
1092 3881 1233 3936 erectam
1263 3893 1344 3936 esse.
1374 3869 1417 3935 ad
1445 3891 1540 3955 reges
1568 3873 1655 3936 enim

327 3972 519 4040 christianos
540 3979 635 4041 iuxta
660 3978 833 4041 canonicas
856 3977 1039 4040 sanctiones
1061 3975 1210 4060 pertinet,
1233 3983 1269 4038 ut
1290 3972 1491 4060 temporibus
1514 3975 1581 4038 suis
1600 3995 1655 4061 pa·

325 4085 431 4143 catam
453 4077 554 4143 velint
584 4087 721 4144 matrem
751 4101 842 4144 suam
870 4078 992 4145 habere
1021 4075 1207 4160 ecclesiam,
1237 4077 1323 4142 unde
1352 4075 1562 4163 spiritualiter
1589 4080 1656 4142 nati

326 4189 409 4244 sunt.
433 4202 629 4267 cognoscere
653 4182 793 4269 denique
815 4191 943 4269 oportet
961 4182 1125 4269 principes
1141 4179 1243 4246 seculi
1258 4179 1319 4246 deo
1336 4201 1370 4246 se
1386 4201 1457 4244 esse
1471 4179 1654 4245 reddituros

325 4283 482 4348 rationem
509 4294 642 4371 propter
674 4283 845 4350 ecclesiam
875 4305 972 4370 quam
1001 4283 1129 4349 Christo
1162 4282 1316 4348 tuendam
1351 4283 1547 4367 suscipiunt3
1579 4305 1654 4347 nam

326 4387 394 4452 sive
427 4395 587 4472 augeatur
617 4407 686 4475 pax
716 4396 749 4454 et
778 4385 950 4472 disciplina
977 4385 1136 4453 ecclesiae
1166 4408 1226 4472 par
1253 4384 1366 4451 fideles
1394 4385 1558 4472 principes
1587 4387 1654 4450 sive

325 4489 485 4570 solvatur,
513 4489 567 4556 ille
594 4489 637 4555 ab
664 4489 710 4556 sis
737 4491 895 4556 rationem
918 4490 1030 4573 exiget
1051 4489 1107 4576 qui
1130 4509 1241 4553 eorum
1263 4488 1415 4574 potestati
1439 4507 1531 4551 suam
1554 4487 1655 4553 eccle-

326 4593 407 4656 siam
429 4592 570 4658 tradidit.
595 4593 673 4658 binc
687 4600 816 4658 constat
830 4593 950 4655 nedum
965 4591 1085 4656 veteris
1101 4589 1183 4675 legis
1198 4611 1293 4676 reges
1308 4589 1476 4675 neglectae
1490 4587 1652 4674 religionis

326 4703 359 4758 et
380 4693 484 4758 cultus
507 4695 560 4760 dei
583 4693 781 4782 singularem
805 4715 845 4758 ac
866 4695 1077 4780 praecipuam
1100 4713 1213 4758 curam
1233 4691 1403 4776 babuisse,
1431 4689 1490 4756 sed
1512 4699 1545 4756 et
1573 4691 1652 4757 chri-

326 4797 447 4862 stianos
469 4795 600 4862 demum
628 4799 841 4882 imperatores
869 4805 902 4862 et
929 4817 1023 4881 reges
1052 4815 1168 4861 causas
1197 4795 1274 4860 fidei
1296 4795 1445 4861 omnibus
1468 4791 1540 4858 aliis
1562 4817 1652 4880 prae

325 4900 473 4982 posuisse
500 4919 643 4986 moxque
665 4909 778 4966 exorto
801 4897 974 4964 schismate
996 4921 1056 4986 pro
1079 4898 1280 4984 extirpandis
1302 4896 1492 4964 haeresibus
1515 4917 1555 4962 ac
1577 4919 1651 4963 con·

326 5001 489 5066 stituenda
514 5003 549 5067 in
570 5000 709 5068 eeclesia
730 5001 905 5070 concordia
927 5021 1055 5090 semper
1077 4999 1230 5070 sollicitos
1251 5001 1361 5084 fuisse,
1384 5007 1480 5088 prout
1502 5007 1537 5064 et
1559 5021 1651 5065 sacra
