3498 5818
389 719 453 768 gem
471 703 515 752 die
532 703 634 753 Kosten
650 701 693 752 fllr
710 703 788 753 Reise
806 701 861 752 und
879 700 1018 753 Unterhalt
1036 701 1130 752 rahlen
1149 699 1242 763 welle,
1265 715 1341 750 wsnn
1365 715 1392 750 es
1417 700 1476 750 dem
1494 697 1661 749 Erubischot

391 792 460 838 etwa
477 788 547 840 noch
563 788 668 854 gelinge
680 787 824 853 Staphylus
841 803 874 839 su
891 786 1039 838 llberreden
1057 813 1091 824 -
1108 785 1163 838 und
1180 785 1250 837 noch
1267 783 1459 836 ansftlhrlicher
1475 799 1519 836 am
1539 784 1658 836 lhfltrsr

390 874 424 924 de
442 873 571 939 Staphylo
595 875 647 924 iam
671 879 750 924 antea
767 874 918 940 scripsimus
936 888 996 924 eum
1014 871 1113 924 adduci
1130 871 1204 922 nulls
1220 871 1322 922 ratione
1339 872 1465 935 potuisse,
1482 874 1512 920 ut
1528 883 1657 936 praesens

388 961 416 1010 in
434 959 548 1010 concilio
566 960 644 1010 nohis
662 973 768 1024 operam
786 963 910 1022 navaret,
932 973 1019 1024 neque
1043 963 1127 1020 certe,
1152 959 1176 1007 si
1195 958 1274 1007 etiam
1292 955 1371 1006 isthic
1389 959 1472 1020 esset,
1490 954 1527 1006 ad
1546 970 1658 1020 congre-

390 1046 518 1110 gationes,
538 1062 597 1095 cum
609 1047 644 1096 sit
656 1050 790 1109 uxorema,
810 1045 1000 1095 admitteretur.
1018 1060 1072 1094 non
1085 1043 1236 1093 dubitamus
1248 1047 1338 1092 tamen
1349 1041 1434 1106 ipsum
1446 1039 1554 1091 hortatu
1566 1044 1660 1090 nostro

388 1132 465 1182 robis
482 1131 601 1196 petituris
620 1129 692 1182 haud
710 1131 839 1196 gravatim
856 1145 905 1195 per
921 1129 1009 1180 literas
1028 1127 1167 1179 consilium
1185 1131 1212 1177 et
1229 1126 1358 1176 auxilium
1376 1126 1498 1176 daturum
1516 1139 1585 1176 esse.

459 1216 590 1267 Weiterer
608 1216 695 1266 Inhslt
713 1215 760 1266 des
777 1215 879 1266 Brlefes
898 1231 932 1266 sn
945 1215 1061 1281 flieuger
1077 1229 1139 1264 vom
1150 1213 1184 1263 28
1196 1212 1360 1264 December:
1379 1211 1422 1262 die
1435 1226 1488 1262 von
1501 1210 1553 1261 don
1564 1209 1659 1262 Prote·

390 1307 496 1352 stanteis
514 1301 562 1352 auf
577 1301 638 1352 dem
655 1301 754 1352 letaten
769 1300 929 1366 Reichstage
946 1299 1002 1350 und
1024 1299 1070 1350 der
1088 1299 1272 1363 Nsumburgsr
1289 1295 1493 1362 Versammlung
1516 1295 1661 1362 gestellten

390 1387 578 1453 Forderungen
595 1386 649 1436 will
667 1386 714 1438 der
731 1387 825 1438 Kaiser
843 1386 903 1437 dem
922 1385 1015 1436 concil
1033 1384 1107 1442 ulcht
1124 1383 1250 1450 vorlegen
1268 1382 1370 1446 maen,
1394 1381 1429 1433 da
1451 1383 1491 1432 sie
1513 1381 1586 1434 wohl
1606 1381 1659 1432 deu

390 1473 510 1538 Legeten
527 1472 582 1522 und
600 1472 700 1523 andern
718 1472 818 1522 Vitem
835 1471 918 1522 schon
936 1469 1054 1521 bekannt
1071 1471 1152 1532 seien,
1170 1483 1257 1534 neque
1274 1473 1303 1516 ut
1321 1467 1479 1517 arbitramur
1490 1467 1547 1518 deri
1556 1471 1655 1534 potest,

390 1559 513 1622 quintas
532 1558 579 1608 illa
596 1557 640 1607 rel
658 1558 692 1608 ab
711 1558 767 1621 ipso
785 1555 911 1622 pontifice
928 1555 972 1606 vel
990 1556 1069 1606 etiam
1087 1571 1104 1606 a
1122 1553 1333 1606 confessionariis
1345 1551 1488 1618 aliquando
1501 1553 1528 1602 in
1541 1551 1658 1603 concilio

390 1648 565 1709 proponatur,
590 1659 642 1708 quo
662 1657 725 1693 casu
743 1643 919 1707 gratissimum
937 1641 1015 1691 nohis
1033 1641 1165 1704 eveniret,
1188 1639 1210 1690 si
1228 1637 1255 1688 in
1272 1638 1379 1703 negotio
1398 1635 1500 1688 difficili
1519 1644 1546 1688 et
1564 1637 1659 1688 odioso

391 1730 469 1780 nobis
487 1744 534 1795 per
552 1728 618 1780 alios
636 1727 737 1794 glacies
757 1726 950 1792 quodammodo
968 1726 1140 1792 frangeretur.

885 1977 953 1986 ἡ..
959 1977 1089 1983 ...—..—.

897 2245 1085 2330 CXLIV.

361 2488 439 2562 Der
467 2489 598 2563 Kaisar
625 2510 670 2564 an
699 2491 831 2566 aeinen
861 2487 1004 2566 Orator
1030 2491 1066 2564 ln
1095 2487 1238 2563 hladrld
1267 2486 1402 2562 Martio
1431 2486 1624 2579 (turmam

757 2659 856 2726 Prag,
875 2661 913 2711 24
931 2659 1119 2712 December
1138 2661 1226 2710 1561.

849 2867 985 2921 Bouiano.
1011 2867 1134 2937 Concept.

426 3057 474 3121 Er
495 3056 555 3122 soll
578 3057 651 3122 dem
669 3059 803 3146 'Kltnige
831 3059 883 3125 die
905 3061 1103 3127 Instruction
1131 3063 1182 3125 fiir
1211 3060 1263 3125 die
1292 3057 1556 3125 Conciloratoren
1586 3059 1655 3147 (Nr.

326 3157 482 3241 CXLVI)
513 3161 690 3226 mittheilen
720 3161 788 3226 und
815 3161 871 3226 ihn
898 3163 1015 3247 bitten,
1050 3166 1139 3230 scine
1162 3161 1350 3230 Gesandten
1379 3185 1421 3228 zu
1442 3161 1656 3249 beaufiregen

326 3261 395 3327 sich
417 3265 476 3329 mit
500 3263 563 3329 den
585 3263 802 3332 kaiserlichen
825 3268 858 3330 in
880 3265 1140 3332 Eiuvernehmen
1163 3290 1205 3332 su
1227 3275 1351 3346 setzen;
1564 3287 1658 3352 prae-

325 3373 415 3430 terea
437 3389 510 3432 cum
533 3369 630 3433 etiam
652 3370 686 3434 in
716 3368 863 3435 confesso
891 3371 946 3451 sit,
980 3368 1099 3434 frustra
1125 3369 1291 3455 expectari
1320 3367 1421 3432 ullum
1436 3391 1493 3433 ex
1524 3369 1658 3432 instanti

325 3468 462 3534 concilio
485 3469 633 3552 fructum,
657 3473 720 3535 nisi
743 3472 828 3535 seria
851 3494 889 3536 ao
912 3472 1059 3556 rigorose
1079 3473 1237 3536 canoniea
1255 3469 1441 3538 reformatio
1458 3473 1491 3535 in
1506 3472 1657 3536 universo

326 3568 500 3636 christiano
522 3573 643 3659 populo
666 3575 869 3651 instituatur,
898 3573 1036 3660 ideoque
1066 3596 1192 3638 summa
1219 3576 1396 3639 necessitas
1424 3572 1566 3660 postulet
1589 3574 1657 3637 eius

327 3695 437 3737 curam
459 3697 524 3739 uon
547 3674 651 3739 solum
672 3673 820 3762 patribus
842 3676 876 3740 in
899 3675 1035 3742 coneilio
1052 3676 1165 3742 sedulo
1182 3675 1409 3761 commendari,
1432 3677 1657 3742 verumetiam

325 3774 368 3840 ab
384 3775 531 3842 omnibus
546 3775 678 3864 regibus
702 3777 920 3864 potentatibus
937 3789 1035 3866 atque
1057 3779 1258 3866 principibus
1281 3779 1448 3846 christiani
1471 3779 1557 3844 orbis
1580 3801 1657 3843 una-

326 3878 403 3942 nimi
427 3901 467 3943 ao
489 3879 650 3946 indefesso
675 3880 782 3946 studio
806 3880 953 3947 omuibus
976 3881 1081 3948 modis
1104 3892 1136 3947 et
1156 3881 1334 3948 rationibus
1349 3882 1543 3969 promoveri,
1565 3903 1657 3967 prae

326 3981 437 4046 sertim
461 4003 535 4046 oum
557 3985 654 4069 pauci
682 3984 856 4048 videantur
884 4006 956 4048 esse
983 3994 1049 4048 tam
1077 3986 1111 4048 in
1139 3982 1358 4050 ecclesiastico
1387 4005 1486 4071 quam
1519 3982 1656 4048 seculari

327 4091 412 4147 statu
439 4084 586 4171 quinon
616 4107 636 4148 a
663 4083 890 4151 reformatione
918 4085 1015 4150 valde
1038 4085 1250 4171 abhorreant,
1278 4087 1336 4152 tihi
1358 4086 1494 4175 proinde
1516 4085 1658 4172 benigne

325 4184 524 4271 iniungimus
558 4197 595 4252 ut
628 4187 717 4275 apud
743 4189 926 4274 praefatum
956 4187 1068 4254 serm
1097 4199 1247 4276 nepotem
1278 4197 1423 4255 nostrum
1451 4211 1531 4275 agas
1559 4199 1657 4276 atque

325 4287 485 4375 perficias,
508 4299 544 4354 ut
566 4300 598 4354 ct
619 4291 689 4378 ipsc
711 4314 777 4356 non
799 4290 896 4357 modo
920 4314 1016 4356 curae
1034 4291 1155 4358 habere
1170 4291 1249 4358 velit
1263 4290 1325 4357 hoc
1339 4292 1516 4358 maximum
1532 4313 1656 4356 summe

326 4393 543 4456 necessarium
567 4402 599 4458 et
622 4393 869 4460 saluberrimum
892 4394 1130 4460 reformationis
1152 4396 1335 4481 negocium,
1359 4416 1473 4460 verum
1491 4395 1589 4460 etiam
1605 4416 1656 4460 co·

325 4496 428 4579 gitare
451 4495 530 4582 quid
552 4497 680 4583 utrique
701 4507 847 4564 nostrum
869 4520 929 4584 pro
952 4495 1049 4562 laude
1072 4519 1112 4561 ac
1134 4495 1238 4581 gloria
1261 4496 1362 4561 divini
1377 4499 1515 4562 nominis
1533 4496 1656 4562 tuenda

326 4605 358 4659 et
379 4597 593 4683 propaganda
620 4599 798 4664 seeundum
823 4598 931 4664 selum
963 4621 1027 4686 quo
1057 4598 1152 4665 ambo
1181 4600 1216 4662 in
1239 4621 1441 4664 communem
1466 4597 1656 4664 salutemet

327 4695 497 4764 utilitatem
520 4699 760 4766 christianitatis
783 4702 890 4767 affecti
914 4723 1034 4782 sumus,
1058 4703 1221 4789 agendum
1243 4703 1332 4767 sitin
1348 4711 1499 4767 eventum
1515 4725 1580 4790 quo
1596 4701 1656 4767 hoo

326 4801 562 4868 reformationis
586 4803 756 4890 negocium
779 4804 832 4870 vel
855 4803 1036 4892 aliquorum
1058 4828 1158 4893 opera
1178 4804 1390 4891 impediretur
1404 4803 1456 4870 vel
1471 4805 1505 4868 in
1521 4803 1655 4871 concilio

328 4901 512 4989 languidius
539 4915 732 4972 motaretur
759 4907 812 4974 vel
835 4909 932 4972 etiam
954 4931 1087 4994 prorsus
1109 4908 1335 4994 negligeretur,
1360 4907 1477 4994 quibus
1499 4907 1605 4974 modis
1627 4915 1657 4972 et

326 5007 388 5071 viis
417 5004 508 5073 Ssr‘¹'
530 5007 564 5074 S.
588 5018 720 5075 censeat
741 5012 771 5075 ei
794 5010 879 5076 malo
902 5011 1150 5097 occurrendum,
1173 5020 1206 5076 et
1226 5033 1304 5076 num
1326 5009 1418 5077 Ser*
1441 5009 1474 5076 S.
1498 5007 1650 5097 expedire
