3532 5832
341 513 380 579 74

346 683 487 752 adeundi
510 685 577 752 ΒΜ
600 687 668 752 eius
690 697 875 752 reverenter
897 685 936 752 S²¹
956 688 1025 753 eius
1041 710 1195 774 exponas,
1218 698 1250 754 te
1272 709 1336 754 non
1352 686 1500 754 dubitare
1516 690 1594 778 quin
1609 688 1668 756 S²²¹

340 791 408 859 eius
432 813 452 856 a
474 790 619 876 praefato
641 791 698 854 R⁶⁰
727 793 845 856 nuncio
868 790 1044 877 apostolico
1066 791 1206 878 benigne
1229 793 1392 879 acceperit
1419 802 1451 858 et
1473 793 1669 860 intellexerit

338 917 528 980 responsum
551 905 697 960 nostrum
720 895 762 960 ad
785 919 824 960 ea
839 918 922 982 quae
938 895 995 961 ΒΨ
1011 898 1079 961 eius
1094 907 1162 962 tum
1177 896 1272 961 isthic
1283 897 1405 965 Romae
1421 899 1541 964 oratori
1556 908 1667 964 nostro

342 997 384 1061 ad
407 1021 466 1062 nos
489 999 721 1084 perscribenda
742 1001 926 1083 iniunxerit,
947 1010 1015 1064 tum
1038 1002 1135 1065 etiam
1156 1024 1216 1087 per
1237 1000 1358 1066 dictum
1372 1002 1527 1066 nuncium
1549 1000 1592 1065 ad
1606 1023 1667 1066 nos

337 1101 473 1187 perferri
488 1101 635 1186 voluerit,
659 1105 727 1168 eius
750 1114 857 1169 autem
878 1105 1025 1190 responsi
1047 1105 1148 1168 nostri
1171 1104 1229 1169 tibi
1251 1127 1380 1191 quoque
1402 1126 1423 1167 a
1443 1103 1538 1169 nohis
1560 1125 1668 1168 exem·

337 1203 410 1289 plar
431 1205 573 1288 missum,
597 1216 633 1271 ut
654 1216 686 1272 et
707 1209 777 1293 ipse
799 1217 965 1293 tamquam
988 1217 1096 1272 orator
1116 1217 1226 1272 noster
1247 1209 1373 1293 negocii
1395 1206 1490 1272 huius
1512 1208 1669 1273 noticiam

338 1317 464 1373 teneres
487 1319 552 1392 aut,
576 1311 603 1374 si
616 1333 697 1397 opus
719 1311 803 1376 foret
824 1310 876 1375 vel
899 1310 941 1375 S¹¹
958 1308 990 1375 S.
1013 1310 1179 1376 videretur
1200 1310 1323 1398 aliquid
1345 1311 1484 1398 amplius
1506 1333 1546 1376 ea
1569 1311 1610 1376 de
1633 1335 1669 1377 re

338 1419 445 1478 tecum
468 1413 622 1496 consenc,
645 1413 679 1480 id
691 1413 731 1480 gn
749 1416 817 1480 eius
840 1437 898 1500 pro
912 1414 1056 1480 eiusdem
1072 1413 1299 1480 commoditate
1314 1416 1475 1502 integrum
1491 1425 1523 1480 et
1534 1413 1668 1502 expedi·

336 1524 406 1580 tum
428 1525 523 1580 esset.

442 1617 583 1700 Quando
606 1643 683 1706 ergo
706 1619 763 1686 S¹¹⁸
778 1622 846 1686 eius
862 1631 940 1688 tuuc
955 1621 1006 1688 vel
1022 1633 1136 1708 postea
1149 1631 1257 1688 tecum
1278 1621 1319 1688 de
1341 1621 1403 1688 hoc
1424 1623 1559 1708 negocio
1580 1620 1669 1688 locu-

342 1731 417 1787 tura
440 1733 533 1807 esset,
556 1746 748 1810 responsum
770 1737 861 1791 tuum
883 1725 926 1790 ad
947 1734 1090 1792 tenorem
1113 1728 1281 1813 utriusque
1303 1727 1413 1813 scripti
1442 1726 1544 1790 nostri
1573 1747 1669 1790 acco·

286 1887 288 1894 a
338 1825 497 1910 modabis‚
521 1836 553 1892 et
564 1829 597 1892 in
608 1839 759 1894 eventum
775 1853 838 1916 quo
854 1828 913 1895 8²⁸·
927 1831 997 1896 eius
1017 1830 1076 1895 tibi
1091 1830 1253 1913 obiiceret,
1276 1832 1310 1896 in
1325 1853 1364 1896 eo
1379 1829 1451 1895 loco
1467 1828 1523 1895 ubi
1539 1826 1581 1894 gu
1598 1829 1669 1893 eius

341 1929 542 1995 ostendimus
557 1933 718 2018 principes
742 1944 774 1998 et
796 1933 924 1999 ordines
940 1935 1066 2020 imperii
1082 1932 1307 2020 Augustanam
1323 1933 1557 1999 confessionem
1571 1931 1669 2019 profi·

336 2021 442 2098 tentes
464 2056 529 2098 non
550 2057 647 2120 posse
669 2057 690 2099 a
711 2035 804 2100 nobis
818 2037 851 2100 vi
874 2038 956 2122 cogi,
979 2047 1015 2100 ut
1038 2039 1070 2101 in
1092 2038 1198 2102 futuro
1222 2035 1356 2102 concilio
1380 2045 1589 2124 compareant
1612 2045 1670 2101 aut

337 2158 409 2202 sese
432 2135 570 2202 decretis
594 2137 738 2203 eiusdem
761 2137 968 2222 submittant,
992 2139 1063 2204 illos
1086 2141 1183 2204 armis
1207 2139 1355 2226 compelli
1385 2140 1523 2223 debere,
1546 2141 1668 2226 poteris

337 2237 424 2304 ultra
446 2263 484 2305 ea
507 2262 591 2327 quae
613 2239 774 2306 habentur
796 2243 828 2306 in
850 2252 959 2307 nostro
983 2243 1112 2329 scripto,
1131 2241 1172 2307 Stl
1190 2244 1258 2307 eius
1282 2242 1479 2308 confidenter
1498 2243 1668 2329 replicare,

336 2342 430 2408 nobis
442 2367 507 2409 non
521 2344 633 2410 deesse
656 2344 775 2409 arduas
799 2355 831 2410 et
851 2346 1061 2431 gravissimas
1076 2347 1216 2411 rationes
1232 2345 1348 2433 quibus
1364 2346 1525 2432 possimus
1542 2347 1569 2410 si
1585 2369 1668 2433 opus

341 2445 423 2512 foret
445 2447 613 2513 ostendere
635 2449 669 2513 id
691 2451 879 2536 neutiquam
901 2448 969 2513 fieri
991 2471 1096 2535 posse,
1120 2472 1201 2537 quas
1224 2451 1365 2515 rationes
1387 2451 1499 2536 utique
1521 2473 1587 2516 non
1612 2449 1668 2514 du·

334 2548 475 2616 bitemus
491 2549 532 2615 8²¹
551 2552 620 2616 eius
642 2575 700 2638 pro
717 2551 771 2618 illo
787 2575 895 2617 rerum
917 2575 978 2618 usu
993 2576 1089 2640 quem
1111 2563 1199 2619 tenet
1213 2563 1245 2618 et
1260 2577 1356 2641 quem
1371 2551 1428 2618 8²¹¹
1444 2554 1513 2617 eins
1528 2554 1669 2640 ipsamet

335 2654 369 2718 in
391 2653 476 2720 bcllo
490 2653 685 2720 Germanico
709 2656 928 2743 superioribus
951 2657 1043 2721 annis
1066 2668 1200 2742 experta
1222 2667 1280 2740 est,
1303 2657 1405 2742 probe
1421 2658 1568 2740 cognitas
1584 2677 1667 2741 esse,

336 2760 489 2844 quoniam
510 2757 600 2823 haud
622 2759 719 2824 dubie
741 2758 798 2825 ΒΜ
822 2761 890 2825 eius
912 2759 1136 2826 recordabitur
1158 2771 1189 2826 et
1215 2783 1267 2825 res
1294 2763 1367 2847 ipsa
1397 2759 1538 2825 ostendit
1567 2782 1668 2847 quam

335 2859 504 2927 utilitatem
527 2864 727 2948 superiorum
749 2885 906 2928 annorum
928 2863 1014 2928 bella
1040 2863 1232 2928 christianae
1261 2863 1459 2948 reipublicae
1487 2863 1666 2946 attulerint,

335 2973 443 3066 utrupn
459 2965 628 3031 dissidium
644 2965 807 3052 religionis
823 2965 865 3031 ab
882 2989 919 3032 so
936 2977 1080 3052 tempore
1096 2965 1268 3031 invaluerit
1282 2976 1338 3030 ant
1354 2965 1551 3050 decreverit3
1568 2977 1667 3054 atque

334 3069 466 3153 insuper
480 3069 620 3155 benigne
637 3068 842 3134 considerare
857 3069 975 3155 poterit
990 3067 1047 3132 ΒΝ
1063 3071 1141 3151 eius,
1159 3092 1299 3155 quonam
1316 3078 1430 3135 evecta
1445 3077 1477 3134 et
1491 3091 1667 3156 progressa

336 3173 377 3236 sit
399 3173 543 3258 potentia
564 3173 712 3259 perpetui
744 3171 985 3236 christianitatis
1007 3169 1123 3254 hostis,
1159 3173 1231 3259 quis
1264 3195 1379 3258 regum
1411 3195 1451 3236 ae
1483 3173 1666 3259 principum

336 3276 543 3361 omniumque
559 3299 666 3340 rerum
683 3274 875 3340 christianae
890 3274 1087 3361 reipublicae
1103 3283 1205 3340 status
1221 3277 1269 3340 sit.
1287 3298 1327 3340 ea
1346 3297 1487 3362 namque
1508 3275 1534 3338 si
1558 3277 1667 3340 omnia

336 3377 506 3463 diligenter
528 3403 548 3444 a
570 3377 615 3444 Sa
635 3381 703 3444 eius
726 3377 983 3465 perpendantur,
1017 3377 1084 3444 S‘em
1108 3381 1176 3444 eius
1199 3383 1247 3456 (ut
1274 3379 1367 3444 nohis
1395 3399 1587 3465 persuasum
1611 3375 1664 3463 sit)

337 3481 471 3547 consilia
491 3493 618 3566 nostra,
648 3491 684 3546 ut
707 3503 789 3569 quae
813 3481 855 3546 ad
879 3481 980 3546 solam
1004 3481 1141 3568 gloriam
1164 3482 1264 3547 divini
1286 3482 1424 3547 nominis
1447 3491 1480 3547 et
1500 3479 1665 3566 publicam

335 3585 476 3671 quietem
499 3607 537 3649 ac
548 3584 815 3671 tranquillitatem
837 3584 1078 3650 christianitatis
1101 3594 1249 3672 spectant
1269 3606 1478 3671 nequaquam
1499 3583 1663 3669 improba·

335 3697 442 3752 turam
464 3710 544 3754 esse.
567 3687 649 3753 haec
675 3689 759 3752 enim
788 3687 829 3753 oh
854 3699 958 3753 certas
992 3688 1149 3774 quasdam
1178 3711 1291 3752 causas
1320 3688 1446 3774 scriptis
1475 3685 1664 3752 demandari

337 3790 507 3856 noluimus.
524 3801 688 3856 caeterum
705 3792 858 3878 quicquid
873 3793 1019 3877 responsi
1036 3815 1056 3856 a
1079 3790 1123 3855 8¹⁰
1138 3789 1170 3856 S.
1186 3791 1239 3856 vel
1254 3792 1287 3854 in
1302 3793 1430 3877 scriptis
1445 3789 1498 3856 vel
1514 3799 1663 3854 oretenus

335 3895 509 3980 acceperis,
534 3893 574 3959 de
597 3917 635 3960 eo
658 3917 830 3982 nosquam
848 3896 986 3980 primum
1009 3896 1161 3959 certiores
1183 3894 1311 3976 reddas,
1334 3903 1557 3982 exequuturus
1579 3895 1613 3958 in
1626 3916 1663 3958 eo

337 3997 548 4082 benegratam
561 4005 593 4062 et
604 4019 793 4084 expressam
805 3997 1002 4063 voluntatem
1018 4005 1160 4062 nostram
1173 3979 1347 4064 clementer
1358 4020 1437 4084 erga
1449 4007 1480 4062 te
1491 4019 1663 4084 recognos-

335 4099 483 4166 cendam.

389 4245 390 4250 ¹
436 4221 559 4285 Datum
580 4221 757 4286 incivitate
779 4231 889 4286 nostra
900 4221 1028 4286 Vienna
1051 4219 1103 4286 die
1125 4221 1166 4286 26
1188 4221 1307 4285 mensis
1330 4221 1420 4286 Juuii
1443 4245 1527 4287 anno
1544 4221 1662 4296 domini

337 4325 430 4407 1560,
454 4347 627 4410 regnorum
650 4335 831 4389 nostrorum
846 4325 981 4390 Romani
1005 4324 1056 4407 30,
1080 4324 1215 4390 aliorum
1238 4347 1316 4389 vero
1339 4323 1390 4388 34.

537 4478 772 4544 Ferdinandus.
797 4530 800 4536 .

674 4581 728 4646 Ad
751 4583 938 4648 mandatum
963 4582 994 4650 S.
1019 4582 1055 4648 C.
1079 4583 1143 4648 Ml·
1164 4583 1330 4670 proprium

375 4684 467 4749 Vidit
489 4683 576 4749 Seld.
1255 4685 1298 4750 M.
1318 4683 1559 4771 Singkhmoser.

433 4857 646 4945 Postscripta:
674 4857 831 4923 Mittimus
853 4858 913 4923 tibi
935 4859 1118 4945 exemplum
1146 4858 1310 4923 literarum
1340 4857 1501 4943 pontificis
1528 4858 1658 4923 maximi

334 4959 451 5049 quibus
474 4983 494 5026 a
516 4960 608 5026 nobis
630 4960 822 5048 postulavit,
851 4970 888 5026 ut
909 4961 951 5026 ad
975 4961 1089 5026 Serffl‘m
1113 4962 1257 5048 reginam
1281 4959 1419 5047 Angliae
1448 4960 1657 5026 scriberemus

332 5067 365 5130 in
388 5063 697 5132 commendationem
719 5067 829 5132 nuncii
853 5064 1019 5152 apostolici
1044 5067 1099 5157 qui
1115 5063 1220 5131 isthuc
1235 5065 1370 5131 mittitur
1385 5074 1417 5130 et
1430 5065 1558 5151 negocii
1573 5061 1657 5150 quod
