3460 5826
356 507 417 572 lot

355 711 452 760 wana
475 696 526 762 die
548 696 781 785 rorgleiohnng
803 698 855 764 bei
878 694 962 763 allen
985 693 1155 762 arti'clrelln
1174 698 1207 763 ie
1226 697 1319 764 nieht
1340 719 1381 762 ze
1406 697 1574 785 erlangen,
1608 697 1685 762 dass

357 797 439 864 doch
461 799 602 865 dieselbc
625 824 698 865 num
713 804 890 889 wenigsten
912 803 944 865 in
968 801 1031 867 den
1053 800 1273 867 inmembsten
1295 801 1362 866 und
1383 798 1686 867 heubbtartiekelln

357 924 489 968 unseror
512 900 715 972 christlichen
736 905 870 994 religion
894 905 1050 992 getroffm
1072 905 1140 974 und
1162 903 1305 972 erhalten
1320 905 1437 974 werde.

900 1327 1131 1412 CCXVIII.

462 1549 540 1623 Der
568 1547 793 1624 Erzblschol
814 1569 887 1622 von
918 1547 1014 1645 Prag
1042 1546 1085 1621 Α.
1116 1547 1213 1621 erus
1245 1546 1319 1620 uod
1349 1544 1580 1620 Dreekovies

866 1688 911 1741 en
941 1667 1013 1740 deo
1044 1665 1193 1756 Kaleon

765 1842 896 1904 Trioni,
920 1843 958 1892 10
976 1841 1163 1892 November
1181 1840 1272 1893 1562.

649 2021 826 2078 Concilaoten.
852 2021 993 2092 Original3
1015 2021 1045 2076 in
1069 2031 1154 2094 largo:
1176 2021 1218 2076 18
1238 2020 1397 2076 November.

460 2185 585 2252 Nudius
609 2194 742 2272 quartus
773 2173 845 2248 oum
868 2183 901 2247 in
924 2183 1172 2269 congregatione
1196 2183 1457 2248 convenissemus
1481 2232 1488 2246 .
1512 2231 1520 2246 .
1546 2228 1555 2246 .
1579 2179 1622 2245 D.
1645 2177 1678 2244 C.

359 2291 553 2358 Mantuanus
581 2287 727 2376 patribus
754 2287 932 2353 istud...
958 2277 1122 2356 decretum
1155 2287 1195 2352 de
1217 2285 1393 2351 residentia
1420 2285 1566 2373 praelegi
1595 2284 1676 2349 fecit

359 2406 395 2460 ut
417 2405 522 2460 autem
553 2391 632 2457 illud
658 2390 805 2478 patribus
834 2392 1088 2458 commendatius
1121 2413 1160 2456 ac
1186 2389 1352 2477 probatius
1380 2389 1531 2466 efficeret,
1560 2391 1596 2454 in
1626 2409 1678 2452 sua

358 2497 555 2586 praefatione
579 2518 675 2582 quam
698 2496 766 2560 eius
789 2494 919 2562 lectioni
942 2493 1107 2580 praemisit
1130 2491 1309 2575 affirmavit,
1333 2503 1365 2558 et
1379 2491 1428 2558 M*
1451 2487 1490 2557 V.
1508 2491 1541 2560 S.
1564 2503 1601 2558 et
1615 2492 1676 2577 regi

360 2598 466 2666 estha
489 2598 651 2664 decretum
675 2596 754 2662 illud
769 2597 907 2684 placere,
932 2619 1032 2684 quare
1047 2595 1166 2661 nullam
1183 2619 1254 2662 esse
1270 2619 1400 2662 eausam
1417 2619 1474 2662 our
1489 2597 1569 2684 ipsis
1586 2597 1675 2660 etiam

358 2703 503 2792 patribus
534 2699 702 2788 displicere
731 2699 856 2766 debeat.
890 2710 1022 2766 ventum
1045 2709 1093 2763 est
1120 2700 1162 2764 ad
1184 2723 1242 2764 nos
1265 2703 1415 2787 privatim
1445 2711 1477 2764 et
1500 2702 1675 2787 quaesitum

360 2831 380 2872 a
401 2805 508 2870 multis
539 2804 709 2892 episcopis,
740 2828 782 2869 an
804 2805 849 2869 ita
877 2813 912 2868 ut
935 2804 1095 2868 diceretur
1117 2801 1168 2868 M²¹
1195 2803 1235 2869 V.
1259 2801 1291 2868 S.
1315 2803 1479 2869 decretum
1507 2803 1590 2869 illud
1611 2823 1675 2890 pro·

358 2909 497 2976 barctur.
525 2932 584 2974 nos
607 2907 685 2996 quid
707 2907 902 2994 respondere
933 2906 972 2971 de
996 2929 1031 2971 re
1053 2906 1146 2971 nobis
1170 2907 1280 2992 ignota
1301 2910 1471 2993 possimus,
1501 2907 1583 2973 nihil
1606 2905 1674 2971 corti

359 3011 515 3078 habemus
543 3035 647 3100 neque
675 3010 882 3096 intelligimus
909 3009 994 3075 unde
1016 3006 1058 3073 D.
1082 3011 1277 3076 Mantuanus
1311 3033 1350 3074 ea
1374 3009 1471 3076 dere
1499 3011 1562 3076 M*
1586 3011 1626 3076 V.
1648 3007 1673 3072 S.

360 3117 547 3182 sententiam
563 3116 733 3202 acceperit.
757 3124 953 3202 quapropter
967 3113 1018 3178 Mo
1038 3113 1077 3178 V.
1091 3109 1124 3178 S.
1140 3111 1304 3178 humilime
1321 3113 1550 3201 supplicamus,
1574 3115 1671 3200 digne

360 3231 412 3284 tur
440 3217 533 3283 nobis
568 3217 742 3306 significari
772 3217 891 3295 facere,
927 3236 1009 3304 quac
1038 3239 1095 3280 sua
1125 3216 1166 3280 sit
1200 3216 1240 3281 de
1266 3217 1329 3281 isto
1358 3214 1486 3283 decreto
1513 3217 1670 3288 voluntem

360 3321 606 3410 ignominiosum
629 3321 713 3386 enim
735 3319 829 3386 nobis
851 3319 979 3388 videtur
999 3341 1058 3384 nos
1083 3369 1140 3386 ...
1163 3322 1197 3384 in
1218 3317 1331 3385 talium
1353 3343 1461 3385 rerum
1481 3321 1670 3408 ignoratione

360 3425 482 3492 versari
505 3448 587 3512 quae
609 3425 754 3512 inprimis
778 3423 819 3490 ad
842 3433 984 3490 nostram
1002 3421 1200 3510 'legationem
1223 3423 1384 3511 pertinent
1399 3473 1406 3488 .
1423 3473 1455 3488 ..

496 3615 534 3665 lm
552 3613 675 3681 Eingang
693 3615 741 3664 der
757 3613 911 3678 Depesche:
930 3613 977 3664 der
988 3613 1088 3678 Preger
1105 3615 1140 3663 ist
1157 3625 1200 3664 am
1217 3617 1234 3664 4
1251 3613 1309 3664 hier
1325 3614 1424 3666 wieder
1436 3615 1620 3680 eingdtrdllmr
1635 3613 1668 3661 dio

428 3703 583 3752 Discusslon
596 3703 667 3751 *fiber
686 3702 728 3750 die
747 3701 830 3752 Natat
842 3700 888 3750 des
899 3695 1058 3766 Episcopnts
1076 3699 1169 3752 danen
1186 3699 1251 3763 fam
1269 3699 1335 3750 finnt
1352 3715 1369 3752 a
1386 3701 1475 3752 multis
1493 3701 1667 3768 disgressionss

428 3788 463 3837 ad
485 3789 578 3838 summi
601 3787 730 3852 pontificis
753 3791 910 3852 potestatem
935 3793 961 3836 et
979 3786 1185 3838 iurisdictionem
1209 3787 1431 3852 comprobandam
1449 3788 1601 3852 (Mendham
1618 3787 1666 3835 304.

429 3875 478 3938 326
497 3875 596 3938 sequ.);
620 3875 706 3924 waren
725 3872 768 3924 die
786 3873 936 3930 Francosen
954 3872 1039 3923 schon
1057 3873 1098 3936 da,
1117 3889 1145 3922 so
1164 3878 1234 3923 witre
1253 3874 1299 3923 der
1318 3872 1398 3924 Streit
1415 3875 1481 3925 libor
1500 3874 1542 3924 die
1560 3873 1666 3940 Superio-

428 3962 490 4011 atat
508 3960 554 4010 des
574 3959 679 4012 Concils
697 3959 777 4008 kaum
794 3975 827 4008 zu
843 3959 1006 4021 vermeiden3
1025 3975 1116 4024 wegen
1135 3959 1181 4009 der
1192 3957 1454 4026 Weitsohweiiigkeit
1466 3960 1513 4010 der
1525 3959 1608 4010 Voten
1624 3953 1665 4006 ond

427 4047 454 4095 in
479 4045 641 4096 Anbetraelrt
665 4041 711 4095 der
736 4045 854 4096 Ausone
877 4045 924 4096 der
949 4045 1100 4096 Francosen
1127 4045 1188 4095 wind
1215 4046 1258 4096 dic
1285 4046 1394 4097 nltchste
1421 4045 1527 4097 Sestion
1555 4045 1601 4096 aui
1623 4043 1662 4092 den

429 4135 461 4184 26
480 4133 546 4182 Nor.
565 4131 728 4182 verschoben
740 4131 851 4182 werden.
870 4131 930 4181 Wle
949 4147 977 4181 es
995 4147 1048 4181 nnn
1067 4131 1101 4182 da
1119 4147 1160 4182 arn
1179 4135 1194 4181 6
1212 4133 1280 4183 Nor.
1298 4149 1344 4183 sur
1361 4131 1476 4199 Vorloge
1491 4133 1538 4182 des
1556 4133 1621 4183 oben
1636 4141 1663 4177 er·

427 4219 562 4278 achaten,
590 4219 636 4267 der
658 4217 798 4283 Depesche
823 4217 1007 4283 beiliegonden
1030 4217 1084 4267 und
1110 4219 1137 4268 iu
1161 4217 1303 4270 Mendham
1326 4219 1462 4270 elo-419
1489 4220 1559 4280 (eine
1576 4216 1661 4268 aaron

428 4305 550 4370 Fassung
572 4305 607 4356 io.
625 4305 686 4368 411)
711 4304 874 4369 gedruckten
898 4303 1135 4352 Decretentwurfes
1158 4303 1227 4360 lnam.
1256 4303 1385 4356 berichtet
1409 4305 1456 4354 der
1482 4305 1513 4358 B.
1531 4305 1584 4356 von
1599 4297 1661 4353 Fial·

427 4390 538 4442 kirchen
565 4390 624 4440 dem
642 4389 792 4454 Ernherzog
820 4389 971 4440 Ferdinand
995 4388 1125 4454 (Original
1152 4405 1213 4440 vom
1238 4391 1269 4440 10
1292 4391 1358 4439 Nor.
1382 4392 1410 4440 in
1433 4391 1485 4440 den
1508 4387 1662 4442 Inmbmeke

430 4475 626 4541 Concilacten):
646 4481 761 4525 ceterum
780 4475 815 4524 ad
833 4473 981 4526 faciendam
1000 4459 1210 4524 reformationem
1226 4476 1391 4526 residentiam
1403 4477 1579 4542 praelatorum
1591 4485 1660 4526 omnes

430 4564 493 4612 boni
515 4562 654 4626 plurimum
680 4563 855 4612 necessariam
875 4573 931 4612 esso
948 4559 1076 4623 indicant,
1100 4575 1183 4626 eaque
1208 4561 1241 4612 de
1260 4577 1340 4612 causa
1366 4563 1478 4628 ffispani
1502 4568 1530 4614 et
1546 4557 1614 4613 molli
1627 4555 1659 4609 alil

430 4647 540 4713 praelati
560 4648 654 4713 quibus
680 4663 728 4697 nos
746 4661 851 4713 quoqne
869 4651 987 4696 oratores
1006 4645 1036 4698 C.
1055 4644 1109 4695 Mo·
1129 4647 1337 4713 subscripsimus,
1362 4661 1420 4698 um
1444 4650 1508 4700 iuris
1525 4649 1658 4699 dismissa

428 4734 557 4784 declarari
572 4733 669 4784 debers
683 4734 840 4784 censuimus.
856 4732 929 4798 quod
941 4734 1033 4786 maiori
1046 4736 1115 4798 parti
1128 4733 1233 4802 collegii
1244 4735 1276 4786 D.
1290 4735 1463 4788 cardinalium
1475 4735 1565 4804 stipsi
1576 4741 1658 4802 quaqua

429 4835 529 4870 summo
547 4819 665 4884 pontifici
689 4835 742 4870 non
757 4819 890 4883 probatur.
919 4825 1043 4872 contenta
1059 4825 1148 4872 tamon
1169 4827 1209 4872 est
1226 4820 1253 4874 S.
1272 4821 1321 4874 Su·
1344 4827 1374 4872 ut
1392 4821 1528 4876 decretum
1545 4823 1612 4872 cuins
1625 4829 1656 4866 οῦ·

429 4907 499 4972 piam
518 4921 576 4955 cum
594 4906 775 4971 praesentibus
795 4902 860 4954 Ser²¹
880 4905 912 4954 V.
931 4907 1013 4968 mitto,
1033 4908 1172 4958 concilium
1191 4913 1297 4960 statuat.
1326 4907 1398 4974 qnod
1415 4923 1448 4958 an
1466 4921 1484 4958 a
1500 4908 1610 4974 patribus
1623 4900 1655 4950 ol

430 4993 505 5042 lineri
517 4991 607 5056 possit,
626 4990 713 5041 adhuc
725 4997 765 5041 est
777 4991 912 5042 ineeitum.
931 4983 989 5056 Vg'l.
1011 4993 1059 5057 Ep.
1081 4988 1189 5058 Pogiani
1208 4987 1232 5056 3,
1258 4991 1315 5044 146.
1336 4993 1398 5058 17ος
1418 4995 1487 5046 Dee.
1499 4991 1565 5044 ined.
1578 4993 1598 5041 9.
1610 4985 1655 5043 31θὶ

436 5077 510 5144 Serpi
530 5077 594 5141 6023
618 5074 718 5128 Pntsv.
738 5075 761 5140 2,
781 5079 845 5138 5443
864 5067 1005 5128 Mendham
1023 5078 1081 5133 410.
1110 5075 1174 5130 Was
1192 5095 1245 5132 nun
1264 5079 1305 5130 die
1324 5079 1454 5134 Oratoren
1470 5079 1535 5131 uber
1551 5077 1590 5128 die
1604 5069 1656 5126 solu
