3532 5832
123 721 372 790 baereticorum
393 721 522 810 aeduci3
544 722 605 790 hoe
625 745 742 812 nempe
763 726 874 810 verbo,
897 725 969 792 illos
990 745 1069 792 vero
1091 747 1189 811 opere
1204 724 1359 790 seducere
1375 731 1474 810 atque

122 825 208 892 adeo
225 827 316 894 tales
328 813 513 896 amardotes
527 837 617 895 tanto
626 830 754 916 peiores
769 851 841 896 esee
851 829 1023 896 haereticis
1030 825 1100 916 [11],
1113 836 1270 916 quantum
1281 824 1472 914 praevalent

123 953 234 1018 opem
257 929 379 1002 verbis.
408 935 468 998 vix
489 934 607 999 etenim
639 932 792 1001 malevoli
824 955 883 999 seu
915 932 1090 998 scismatici
1122 932 1156 996 in
1189 930 1335 998 ordinem
1367 928 1473 1016 redigi

120 1045 299 1120 poterunt,
322 1037 388 1100 nisi
410 1037 513 1123 signis
533 1037 690 1102 virtutum
711 1037 892 1103 manifestis
913 1059 973 1124 per
995 1035 1117 1103 clerum
1144 1035 1188 1102 ad
1213 1035 1276 1102 hoo
1298 1035 1474 1100 invitentur

120 1147 331 1226 cessentque
353 1141 450 1226 signa
472 1161 557 1228 quae
577 1139 735 1206 hactenus
757 1141 889 1208 fuerunt
910 1150 944 1207 et
965 1140 1074 1207 adhuc
1095 1147 1172 1205 sunt
1187 1160 1288 1206 causa
1302 1137 1472 1220 scismatis,

120 1252 153 1306 et
176 1241 346 1309 notabilis
370 1243 510 1331 denique
532 1254 688 1332 sequatur
708 1267 836 1312 morum
857 1245 1055 1311 reformatio.
1344 1261 1345 1266 ’

233 1345 334 1428 Quas
356 1349 465 1412 omnia
487 1345 547 1413 8²¹⁰
568 1347 612 1414 D.
634 1347 675 1414 N.
696 1349 732 1414 in
751 1358 894 1416 mentem
915 1349 1102 1417 revocanda
1120 1349 1272 1416 videntur
1294 1356 1393 1435 atque
1415 1344 1473 1413 8⁸¹⁸

119 1449 195 1513 eins
220 1449 393 1516 humiliter
414 1450 547 1535 oranda,
571 1462 606 1518 ut
626 1475 686 1539 pro
710 1452 819 1520 debito
840 1453 1014 1541 pastoralis
1028 1453 1191 1520 eui-officii
1204 1474 1330 1541 proque
1345 1473 1385 1517 ea
1399 1449 1473 1517 soli·

120 1551 285 1617 citudinis
308 1563 401 1640 parte
423 1576 509 1642 quae
531 1553 578 1619 illi
600 1576 621 1620 a
643 1554 773 1622 domino
797 1556 858 1624 deo
874 1556 1041 1642 incumbit,
1064 1579 1130 1624 non
1145 1565 1318 1644 expectato
1334 1553 1471 1621 concilio

119 1654 397 1723 reformationem
412 1679 455 1722 ex
471 1679 537 1745 qua
559 1657 731 1745 disciplina
745 1658 968 1728 ecclesiastica
988 1659 1098 1727 multis
1120 1659 1268 1748 partibus
1291 1658 1473 1725 deformata

119 1761 290 1844 pristinae
313 1759 463 1847 dignitati
484 1763 609 1827 restitui
632 1771 739 1851 queat,
763 1766 950 1851 quantotius
963 1775 1100 1852 paterne
1125 1764 1293 1829 instituere
1309 1785 1349 1828 ac
1364 1762 1472 1828 omnia

119 1861 179 1927 illa
205 1886 298 1950 quae
321 1865 451 1930 suntin
472 1862 611 1930 ecclesia
639 1864 692 1931 dei
720 1867 913 1954 corrigenda
941 1878 974 1935 et
1000 1866 1222 1952 reformanda,
1257 1874 1332 1940 ante
1365 1865 1474 1932 omnia

121 1968 254 2053 corrigi
277 1976 310 2032 et
323 1966 492 2034 reformari
506 1977 642 2055 paterne
658 1968 856 2038 demandare
873 1971 1034 2060 dignetur.
1050 1970 1173 2038 clerum
1189 1969 1328 2058 deniqne
1343 1991 1472 2036 omnem

120 2069 166 2134 ad
189 2080 345 2136 veterem
365 2070 536 2158 presbiteri
562 2071 700 2138 formam
722 2095 763 2139 ac
784 2076 952 2164 antiquam
973 2077 1067 2141 iuxta
1088 2095 1199 2140 sacros
1221 2095 1363 2140 canones
1383 2074 1471 2138 vitae

120 2196 327 2261 morumque
347 2176 522 2260 puritatem
544 2187 685 2258 revocet,
707 2188 831 2244 utnon
853 2177 941 2244 aliud
964 2200 1036 2245 esse
1058 2187 1091 2243 et
1113 2175 1203 2243 aliud
1223 2175 1328 2242 videri
1360 2173 1470 2260 velint,

119 2277 248 2344 babitu
271 2277 395 2344 scilicet
415 2277 533 2344 milites
556 2288 589 2346 et
612 2291 752 2369 quaestu
774 2280 893 2367 clerici,
916 2291 992 2349 actu
1006 2304 1085 2348 vero
1100 2291 1252 2348 neutrum
1266 2277 1469 2359 exhibentes,

120 2382 189 2448 sed
217 2381 308 2470 quod
330 2381 371 2448 de
392 2383 462 2448 iure
485 2405 557 2450 esse
579 2384 700 2451 debent
720 2384 784 2452 hoc
805 2409 841 2451 re
862 2387 935 2474 ipsa
948 2394 1123 2473 praestent,
1146 2406 1263 2472 nempe
1286 2381 1376 2472 quod
1395 2403 1470 2468 pas·

121 2495 212 2551 cant
232 2508 366 2572 gregem
389 2484 442 2552 dei
463 2485 601 2554 fideliter
623 2496 656 2554 et
678 2489 743 2555 sint
763 2488 869 2555 forma
895 2491 1006 2577 gregis
1036 2511 1080 2555 ex
1107 2489 1214 2555 animo
1242 2511 1283 2554 ac
1309 2510 1376 2554 non
1402 2495 1470 2552 tam

121 2586 237 2654 verbo
260 2611 359 2677 quam
382 2592 480 2656 etiam
502 2590 654 2680 exemplo
675 2593 829 2679 praesint
851 2615 968 2680 parum
989 2591 1075 2660 enim
1101 2590 1236 2680 prodest
1256 2591 1470 2658 exercitatum

123 2713 206 2758 esse
227 2694 264 2757 in
285 2693 422 2761 dicendo
445 2704 478 2761 et
499 2694 543 2761 ad
564 2694 763 2784 loquendum
784 2698 914 2763 trivisse
940 2695 1102 2784 linguam,
1131 2697 1194 2762 nisi
1222 2693 1296 2783 plus
1319 2692 1469 2780 exemplo

126 2819 235 2884 quam
257 2796 356 2864 verbo
380 2797 536 2865 docuerit.
557 2798 643 2866 hanc
665 2810 775 2866 autern
796 2822 866 2865 rem
888 2808 920 2866 et
941 2821 1109 2866 semorum
1124 2821 1285 2866 canonum
1308 2808 1341 2864 et
1362 2798 1469 2863 conci-

126 2898 253 2965 liorum
274 2899 595 2969 determinationibus
618 2913 870 2970 consentaneam
892 2925 932 2969 ac
953 2904 987 2969 in
1008 2925 1099 2969 mera
1119 2901 1273 2968 facultate
1296 2923 1336 2968 ac
1356 2897 1468 2966 volun·

126 3011 201 3068 tate
216 2999 272 3068 8⁰¹¹
290 3003 333 3069 D.
355 3003 395 3070 N.
418 3007 557 3094 positam
580 3029 652 3073 esee
674 3007 823 3094 adeoque
843 3028 903 3094 per
923 3005 990 3073 8⁸⁹³
1017 3004 1057 3073 S.‘
1073 3005 1199 3094 absque
1222 3005 1309 3072 omni
1332 3001 1468 3070 concilio

129 3103 232 3171 facile
254 3108 413 3193 praestari
434 3129 541 3194 posse,
563 3131 659 3174 nemo
683 3106 818 3175 dubitat.

237 3207 335 3290 Quod
356 3211 385 3274 si
399 3207 456 3276 ΒΝ
472 3209 506 3276 S.
527 3211 591 3278 boc
611 3213 824 3299 praestiterit,
846 3213 944 3279 faciet
964 3235 1034 3279 rem
1054 3234 1121 3279 non
1142 3222 1210 3278 tam
1230 3219 1390 3302 perpetua
1410 3211 1467 3274 im·

127 3309 294 3376 mortalita
316 3310 449 3399 dignam
465 3335 563 3402 quam
579 3313 640 3380 deo
656 3312 697 3380 O.
719 3313 764 3380 Μ.
787 3316 933 3404 adprime
954 3326 1082 3404 gratam
1104 3316 1228 3402 totique
1242 3313 1468 3381 christianitati

123 3436 329 3502 magnopere
350 3416 530 3502 proficuam
551 3440 614 3484 nec
634 3439 701 3485 non
722 3417 766 3483 ed
787 3421 1070 3508 praeparationem
1098 3419 1199 3484 futuri
1220 3417 1348 3484 concilii
1369 3415 1467 3482 valde

126 3517 346 3584 commodam
369 3519 589 3586 consolabitur
611 3521 709 3586 etiam
731 3521 794 3588 hoc
814 3524 945 3589 nomine
968 3521 1162 3606 catholicos,
1192 3520 1359 3609 lapsorum
1387 3540 1466 3585 vero

125 3616 337 3688 obstinatiam
361 3621 423 3689 deo
445 3625 579 3711 auspice
600 3623 746 3691 nonnihil
767 3625 929 3714 mitigabit
951 3648 1072 3713 eosque
1093 3623 1221 3692 facilius
1248 3625 1282 3689 in
1308 3625 1397 3689 viam
1417 3644 1466 3688 re
1567 3643 1572 3656 ·

126 3726 228 3792 ducet
242 3749 284 3792 ac
297 3725 342 3791 ad
356 3749 485 3794 omnem
499 3731 725 3796 necutionem
739 3731 973 3797 mansuetiores
986 3728 1112 3814 reddet,
1129 3751 1267 3817 qnorum
1280 3726 1466 3814 plaerisque

125 3828 192 3896 hoc
212 3828 351 3896 verbum
372 3832 559 3920 frequenter
580 3833 614 3897 in
634 3853 690 3898 ore
712 3843 769 3917 est,
792 3843 830 3898 ut
849 3842 964 3921 petant
978 3832 1041 3899 sibi
1056 3832 1127 3898 dari
1141 3831 1343 3916 Ambrosios,
1366 3829 1466 3896 idest

128 3943 261 4000 unctos
284 3934 396 4002 doctos
419 3944 452 4002 et
472 3934 586 4002 fideles
609 3945 772 4023 pastores,
801 3937 944 4002 vicissim
967 3936 1052 4002 enim
1074 3957 1110 4002 ee
1139 3933 1339 4000 exhibituros
1361 3931 1465 3998 Theo·

129 4036 251 4118 doaios‚
273 4037 309 4104 id
330 4049 381 4104 est
402 4037 591 4106 obedientes
606 4038 770 4106 ‘ecclesiae
791 4039 874 4106 filios
898 4035 982 4127 [llll.

231 4140 337 4208 Offert
358 4152 467 4209 autern
488 4143 552 4209 hac
572 4145 607 4208 in
628 4165 665 4209 re
687 4143 910 4230 promovenda
931 4141 964 4209 S.
980 4141 1016 4209 Ο.
1031 4143 1101 4208 ΜΝ
1115 4152 1272 4230 tanquam
1294 4160 1464 4228 supremus

128 4245 314 4312 advocatus
332 4257 364 4313 et
386 4247 537 4313 defensor
558 4246 715 4313 ecclesiae
737 4269 866 4313 omnem
887 4269 981 4312 snam
1003 4244 1290 4334 promptitudinem
1312 4245 1464 4310 assisten-

128 4353 208 4416 tiam
231 4359 265 4416 et
286 4350 443 4416 auxilium
464 4349 641 4417 liberaliter
662 4348 705 4415 Su
724 4348 757 4416 S.
781 4349 1010 4416 exhibiturum.

231 4451 315 4519 Sunt
336 4454 476 4542 denique
499 4455 554 4542 qui
576 4456 610 4519 in
631 4462 724 4519 tanta
745 4477 853 4520 rerum
874 4453 1119 4541 perturbatione
1133 4475 1174 4519 ac
1194 4461 1261 4518 tam
1277 4448 1464 4517 celebrandi

128 4581 232 4647 quam
253 4557 438 4646 exequendi
460 4558 587 4625 concilii
609 4571 736 4623 summa
759 4556 949 4623 difficultate
971 4566 1004 4623 et
1024 4555 1251 4623 incertitudine
1271 4562 1463 4642 perpetuam

126 4661 217 4728 illam
239 4663 492 4729 taciturnitatem
514 4663 752 4729 cunctationem
774 4669 808 4726 et
830 4660 1118 4727 dissimulationem
1138 4662 1205 4726 iam
1226 4658 1358 4724 tandem
1378 4679 1463 4722 rum·

126 4765 272 4854 pendam
294 4789 334 4832 ao
355 4788 414 4853 pro
437 4766 664 4833 conservanda
677 4763 772 4831 simul
792 4773 890 4853 atque
905 4764 1118 4830 instauranda
1131 4763 1288 4851 religione
1303 4759 1464 4827 catholica

126 4867 274 4935 nonnihil
296 4869 338 4936 de
360 4871 532 4936 severitate
554 4870 713 4936 canoniea
733 4868 970 4949 remittendum,
994 4868 1143 4957 adeoque
1164 4890 1230 4934 non
1251 4875 1319 4931 tam
1341 4859 1462 4952 populo

128 4995 228 5060 qnam
250 4975 349 5038 etiam
372 4971 457 5040 clero
479 4982 614 5061 propter
629 4971 737 5038 cordis
755 4993 868 5038 eorum
882 4971 1032 5037 duritiem
1053 4973 1088 5038 in
1102 4969 1265 5038 nonnullis
1280 4967 1463 5056 gratifican-

132 5075 209 5142 dum
220 5099 293 5144 esse
304 5085 429 5166 putant,
447 5099 564 5164 nempe
574 5077 610 5141 in
621 5075 683 5142 hiis
695 5073 810 5142 saltem
822 5098 907 5163 quae
917 5076 1020 5143 nostri
1037 5074 1139 5142 seculi
1157 5074 1262 5141 clerus
1274 5083 1308 5140 et
1320 5066 1462 5160 populus
