3520 5822
734 818 1094 906 OCLXXXVllI.

502 1065 572 1142 Ur'e
600 1064 681 1141 drel
710 1063 1024 1142 Oonciloratoren
1052 1084 1099 1140 an
1128 1064 1202 1140 den
1232 1063 1381 1154 Kaleon

728 1235 861 1300 Trient,
878 1234 896 1288 3
913 1234 1060 1287 October
1079 1235 1169 1286 1toe.

569 1415 748 1472 Coadlaetam
773 1414 922 1488 onerem·
942 1415 973 1470 s‘a
994 1421 1087 1488 tergo:
1109 1417 1152 1472 10
1175 1413 1297 1471 October.

378 1613 469 1680 Ister
490 1611 555 1678 alia
576 1612 730 1678 mandata
751 1611 813 1676 Mn.
835 1612 876 1678 V.
899 1611 932 1678 S.
958 1611 1051 1678 nobis
1074 1612 1151 1678 data
1172 1613 1384 1699 praecipuum
1403 1612 1470 1694 sere
1492 1610 1608 1678 locum

279 1717 402 1783 obtinet
424 1715 503 1781 illud
526 1737 590 1803 qno
612 1715 707 1780 nobis
728 1715 914 1802 precipitur,
937 1723 974 1779 ut
995 1715 1083 1780 omni
1097 1713 1204 1781 studio
1219 1713 1387 1800 diligentia
1402 1724 1434 1781 et
1447 1714 1614 1780 industria

282 1819 501 1902 elaboremus,
530 1842 571 1885 ne
598 1818 652 1884 vel
680 1819 812 1883 minima
840 1817 933 1883 buius
964 1820 1049 1884 sacri
1078 1817 1204 1886 concilii
1234 1818 1447 1905 abrumpendi
1474 1821 1613 1884 oocasio

277 1923 480 2010 praebeatur,
504 1923 567 1988 imo
590 1944 667 1987 vero
690 1930 725 1986 ut
747 1921 835 1986 omni
857 1930 977 1986 conatu
999 1931 1032 1987 et
1053 1922 1277 2010 abruptionem
1306 1931 1340 1988 et
1360 1924 1614 2008 suspensionem

277 2026 507 2114 impediremus
530 2033 576 2106 et,
608 2025 635 2088 si
658 2047 741 2110 quae
770 2045 888 2089 causae
916 2024 1083 2110 graviores
1115 2032 1324 2110 emergerent,
1348 2023 1392 2091 ad
1412 2025 1486 2090 Μιω
1505 2025 1550 2090 V.
1573 2023 1614 2090 S.

278 2132 420 2218 integras
442 2127 633 2195 referremus
656 2149 761 2214 neque
785 2129 959 2215 quiequam
981 2126 1242 2213 aggrederemur,
1270 2128 1458 2215 priusquam
1486 2129 1528 2194 de
1552 2151 1613 2194 vo·

276 2234 399 2300 luntate
420 2231 481 2296 Mn.
503 2232 543 2297 V.
567 2230 599 2297 S.
623 2233 774 2297 certiores
797 2230 874 2295 facti
897 2252 1048 2296 essemus.
1072 2229 1135 2296 boo
1154 2233 1266 2317 itaque
1287 2231 1473 2296 mandatum
1489 2231 1553 2296 Mu.
1569 2232 1611 2296 V·

275 2337 308 2404 S.
330 2346 366 2404 ut
388 2335 541 2402 debemus
564 2355 690 2421 semper
710 2355 790 2420 prae
812 2331 912 2399 oculis
934 2332 1100 2411 habentes,
1123 2356 1163 2400 ea
1185 2354 1268 2421 quae
1289 2355 1376 2398 nuno
1397 2347 1603 2402 emerserunt

274 2439 325 2506 Me
346 2439 386 2504 V.
409 2437 441 2505 S.
465 2436 677 2524 significando.
698 2446 730 2504 et
752 2435 838 2502 illius
859 2435 1034 2522 benignam
1058 2435 1323 2504 deliberationem
1338 2439 1519 2504 necessario
1545 2463 1610 2504 ex-

274 2541 470 2630 pectandam
495 2541 757 2606 existimavimus.

379 2643 465 2710 Ante
488 2642 612 2731 aliquot
631 2642 709 2726 dies,
733 2641 1000 2729 quemadmodum
1022 2641 1073 2708 Ill.
1097 2641 1137 2706 D.
1162 2665 1269 2710 comes
1292 2642 1421 2708 aLuna
1436 2644 1531 2710 nobis
1547 2669 1608 2712 nu-

277 2747 349 2812 dius
373 2748 504 2835 quintus
526 2745 645 2826 retulit,
668 2747 795 2832 aceepit
814 2746 886 2832 ipse
908 2768 929 2812 a
952 2744 1059 2811 Ostha
1081 2767 1159 2832 rege
1181 2767 1240 2810 suo
1263 2744 1533 2836 mandatumque
1556 2750 1605 2814 iu·

276 2850 420 2934 bebatur,
434 2849 587 2915 utstatim
599 2859 632 2913 et
641 2850 711 2914 sine
723 2848 832 2936 aliqua
843 2872 933 2915 mora
945 2846 1196 2936 explicationem
1208 2848 1334 2914 illorum
1346 2849 1517 2918 verborum
1529 2875 1605 2939 pro

275 2953 467 3040 ponentibus
480 2953 597 3040 legatis
608 2950 650 3017 ab
663 2951 742 3038 ipsis
753 2951 795 3016 D.
811 2951 926 3038 legatis
938 2961 1071 3039 peteret,
1084 2975 1125 3017 ne
1137 2951 1261 3019 scilicet
1271 2953 1362 3020 finito
1375 2963 1432 3018 aut
1443 2976 1605 3042 suspenso

275 3056 337 3123 hoc
360 3055 496 3122 concilio
520 3054 625 3120 dubiis
648 3053 712 3120 illis
733 3053 843 3121 verbis
871 3053 991 3120 relictis
1020 3057 1053 3119 in
1082 3064 1247 3141 posterum
1276 3055 1353 3123 solis
1385 3057 1501 3142 legatis
1529 3081 1606 3144 pro·

278 3158 419 3248 ponendi
440 3167 595 3246 potestas,
618 3156 817 3244 principibus
841 3167 948 3224 autem
971 3181 1148 3245 eorumque
1176 3159 1358 3225 oratoribus
1387 3158 1522 3247 aliisque
1545 3183 1605 3248 pa·

275 3263 377 3330 tribus
400 3261 539 3328 facultas
563 3260 713 3347 adempta
736 3283 807 3327 esse
830 3260 1004 3328 videretur.
1029 3263 1139 3350 itaque
1160 3260 1351 3328 hortabatur
1372 3285 1432 3327 nos
1454 3271 1489 3327 nt
1510 3263 1608 3328 iuxta

276 3366 337 3434 Ml·
358 3365 398 3432 V.
422 3364 455 3432 S.
479 3364 666 3430 mandatum
687 3366 752 3430 iam
773 3373 870 3430 antea
892 3364 953 3429 sibi
976 3387 996 3431 a
1017 3363 1073 3430 M2·
1093 3365 1135 3430 V.
1159 3363 1191 3430 S.
1216 3364 1392 3431 indicatum
1421 3367 1603 3432 coniunctis

276 3469 418 3538 consiliis
440 3468 525 3536 hanc
547 3491 644 3534 unam
666 3492 733 3534 rem
755 3492 776 3532 a
797 3469 840 3535 D.
864 3467 980 3554 legatis
1000 3467 1242 3555 diligentissime
1257 3477 1291 3536 et
1305 3471 1373 3534 sine
1389 3467 1499 3556 aliqua
1511 3490 1609 3535 mora

281 3573 540 3660 efflagitaremus.
573 3595 632 3636 nos
662 3571 722 3636 hac
750 3573 955 3657 inexpectata
983 3571 1135 3658 petitione
1158 3571 1286 3651 audita,
1316 3574 1506 3659 praesertim
1529 3595 1606 3639 cum

281 3677 339 3744 soli
361 3675 580 3742 reformationi
603 3673 643 3738 de
666 3697 731 3762 qua
752 3696 838 3738 nunc
861 3675 967 3759 agitur
989 3675 1257 3758 incumberemus,
1281 3698 1346 3742 non
1368 3677 1530 3763 potuimus
1554 3699 1606 3742 sa·

277 3782 318 3846 tis
341 3780 492 3865 cogitare,
516 3776 677 3842 undenam
699 3776 761 3842 hoc
784 3799 904 3842 novum
934 3777 1197 3865 impedimentum
1227 3777 1289 3844 hoo
1310 3789 1455 3866 tempore
1476 3780 1605 3866 profec-

278 3895 345 3950 tum
368 3882 472 3963 fuerit,
496 3881 633 3968 ideoque
656 3879 796 3944 diximus
818 3903 877 3946 nos
899 3903 964 3948 non
988 3881 1066 3946 satis
1088 3881 1131 3948 ad
1152 3882 1413 3970 respondendum
1428 3885 1474 3948 ita
1489 3907 1531 3950 ex
1547 3886 1605 3948 im·

275 3990 406 4077 proviso
427 3997 559 4074 paratos
582 4008 667 4070 esse,
702 3984 759 4050 sed
786 3984 870 4050 velle
893 4007 990 4072 snper
1020 4008 1060 4052 ea
1085 4009 1120 4051 re
1144 3996 1175 4052 et
1198 3986 1378 4052 deliberare
1401 3997 1434 4053 et
1457 4009 1497 4052 ea
1520 4011 1603 4075 quae

276 4094 310 4158 in
331 4091 492 4158 mandatis
516 4111 613 4176 super
635 4111 673 4154 eo
696 4089 827 4174 negotio
850 4111 870 4153 a
891 4090 947 4153 Μ’ο
968 4088 1008 4155 V.
1026 4088 1059 4154 S.
1082 4089 1274 4157 haberemus
1288 4089 1445 4158 revidere.
1468 4089 1532 4156 boo
1551 4113 1605 4156 no

275 4205 376 4262 strum
398 4215 589 4282 responsum
610 4215 674 4258 non
697 4192 903 4280 usqueadeo
926 4203 1053 4278 gratum
1076 4195 1138 4282 ipsi
1167 4194 1208 4258 D.
1241 4195 1350 4262 comiti
1378 4193 1536 4262 accidisse
1559 4195 1604 4260 fa

276 4299 337 4367 cilo
359 4298 659 4372 animadvertimus,
689 4318 764 4361 nam
788 4289 954 4363 subiunxit
981 4319 1049 4362 rem
1076 4296 1161 4363 hanc
1189 4297 1358 4364 diutiorem
1384 4320 1508 4364 moram
1534 4300 1602 4385 pati

276 4425 342 4470 non
363 4425 468 4491 posse,
494 4425 531 4468 eo
556 4399 643 4488 quod
665 4399 735 4486 ipse
757 4400 821 4464 iam
844 4423 903 4487 per
925 4401 1068 4487 integros
1091 4399 1157 4466 scre
1180 4401 1223 4466 20
1245 4401 1313 4466 dies
1336 4423 1408 4466 cum
1423 4401 1465 4466 D.
1486 4400 1602 4488 legalis

274 4529 314 4574 ea
335 4506 376 4572 de
397 4529 437 4572 re
458 4505 552 4572 nobis
580 4503 690 4568 insciis
713 4503 846 4588 egisset,
881 4526 945 4569 non
964 4513 1076 4570 autem
1102 4527 1171 4570 rem
1193 4503 1279 4570 hanc
1300 4504 1395 4570 nobis
1416 4503 1600 4587 indicasset,

275 4633 313 4677 eo
336 4608 422 4698 quod
447 4607 594 4676 crederet
615 4627 651 4670 se
673 4605 753 4669 citra
774 4627 866 4692 opem
887 4615 1029 4672 nostram
1044 4606 1107 4673 hoc
1128 4609 1299 4694 impetrare
1321 4629 1433 4695 posse;
1456 4609 1514 4674 sed
1535 4611 1599 4674 iam

277 4736 349 4779 cnm
378 4713 505 4779 videret
534 4733 569 4777 se
597 4719 665 4776 arte
688 4708 828 4795 quadam
851 4734 871 4776 a
892 4711 934 4776 D.
957 4710 1073 4797 legatis
1099 4719 1131 4776 et
1161 4710 1355 4799 quibusdam
1379 4734 1489 4777 eorum
1511 4711 1600 4800 polli-

277 4816 481 4884 citationibus
508 4814 667 4881 hactenus
698 4811 851 4879 lactatum
878 4813 992 4898 fuisse,
1025 4823 1136 4901 petere
1164 4815 1298 4882 anobis
1320 4823 1356 4880 ut
1377 4817 1407 4880 ei
1429 4817 1461 4880 in
1483 4814 1546 4880 hac
1568 4839 1601 4880 re

275 4919 465 4988 faveremus.
499 4940 559 4986 nos
587 4927 695 4984 tamen
714 4917 760 4980 uti
787 4926 882 4982 antea
910 4917 1110 4995 dixeramus,
1132 4917 1179 4983 ita
1198 4927 1312 5004 postea
1332 4920 1518 5005 repetiimus
1546 4942 1604 4986 nos

275 5024 359 5093 velle
381 5035 413 5092 et
441 5023 569 5092 omnino
598 5022 718 5091 debere
746 5043 843 5110 super
871 5043 911 5090 ee
937 5045 972 5088 re
1002 5020 1187 5089 deliberare.
1222 5031 1259 5088 ιιι
1289 5021 1387 5110 igitur
1418 5020 1597 5090 uberiorem
