3512 5838
655 906 883 994 COXCIV.

324 1103 394 1178 Die
425 1103 505 1177 drei
535 1100 853 1180 concitaratoran
883 1122 929 1176 an
957 1103 1031 1176 den
1056 1099 1207 1194 Kateer5

509 1272 643 1339 Trient,
666 1275 707 1326 23
724 1271 912 1326 November
935 1275 1025 1328 156³.

382 1448 563 1510 &adfatim
587 1451 733 1528 Oripiack
754 1455 786 1510 ta
806 1444 898 1527 tergo:
919 1454 962 1510 30
983 1453 1140 1514 Novantur.

203 1633 294 1698 Illud
318 1635 448 1699 unicum
469 1633 789 1720 praetermittendum
810 1657 882 1700 esse
903 1657 968 1700 non
989 1635 1252 1714 existimavimus,
1274 1637 1362 1726 quod
1383 1637 1426 1702 D.

97 1758 211 1802 comes
235 1759 256 1802 a
276 1736 373 1802 Luna
395 1736 436 1802 de
456 1739 613 1802 varietate
635 1739 865 1803 sententiarum
887 1738 1090 1826 quorundam
1117 1739 1272 1806 Italorum
1302 1739 1427 1826 praela-

98 1849 208 1906 torum
231 1839 283 1905 Mn
303 1839 344 1906 V.
367 1837 400 1906 S.
423 1839 668 1926 significaverat.
693 1841 845 1906 miramur
861 1865 939 1907 sane
954 1841 1042 1931 quod
1057 1866 1128 1909 cam
1149 1867 1217 1910 rem
1240 1843 1282 1909 ad
1296 1843 1371 1908 Mra
1385 1843 1426 1909 V.

99 1943 130 2010 S.
155 1943 322 2028 detrrlerit,
353 1967 427 2010 cum
447 1944 616 2010 nobiscum
643 1967 710 2010 una
731 1944 820 2034 apud
847 1945 888 2010 D.
918 1945 1042 2034 legatos
1070 1970 1168 2036 super
1194 1947 1309 2014 eadem
1336 1971 1371 2012 re
1394 1956 1427 2014 et

99 2050 222 2132 egisset
244 2056 276 2114 et
297 2049 515 2133 transegisset
538 2070 613 2114 nam
635 2071 708 2114 cum
729 2048 1000 2116 intellexissemus
1022 2049 1179 2138 quosdam
1200 2060 1308 2138 patres
1330 2073 1427 2137 super

100 2151 300 2238 quibusdam
311 2150 470 2238 capitibus
491 2149 620 2238 publice
642 2151 762 2216 dictam
785 2154 975 2219 sententiam
996 2163 1111 2240 postea
1126 2156 1253 2242 scriptis
1274 2163 1427 2237 mutasse,

98 2277 162 2320 non
185 2255 258 2320 sine
280 2255 420 2343 quadam
442 2253 699 2342 expostulatione
714 2277 787 2320 cum
809 2255 874 2321 3¹²¹·
892 2257 935 2322 D.
949 2256 1064 2343 legatis
1080 2259 1211 2344 egimus,
1227 2267 1263 2322 ut
1276 2259 1426 2322 nimirum

100 2357 169 2422 D⁸²⁸¹
187 2381 301 2425 eorum
333 2357 407 2423 Bm·
429 2357 600 2446 diligenter
619 2360 840 2446 prospicerent
871 2382 912 2425 ne
942 2360 1074 2448 aliquod
1102 2359 1276 2426 absurdum
1298 2385 1341 2428 ex
1361 2360 1424 2426 hac

101 2470 358 2530 renasceretur.
381 2461 424 2526 illi
447 2485 524 2528 vero
547 2459 709 2528 intellecta
730 2471 841 2528 nostra
861 2462 1077 2529 admonitione
1101 2473 1133 2528 et
1146 2465 1309 2550 petitione,
1332 2486 1423 2552 prae·

103 2565 206 2652 cipuis
231 2589 273 2632 ex
294 2565 358 2632 illis
381 2567 541 2653 episcopis
563 2565 738 2648 advocatis,
760 2576 953 2633 monuerunt
974 2565 1144 2654 diligenter
1158 2576 1193 2632 ut
1209 2565 1250 2632 ab
1266 2565 1422 2634 eiusmodi

100 2670 254 2753 practicis
276 2679 436 2752 caverent,
460 2670 515 2755 qui
536 2678 572 2734 ut
593 2668 648 2732 R¹¹¹¹
668 2669 709 2733 D.
732 2667 830 2755 legati
852 2668 945 2736 nobis
966 2668 1145 2736 retulerrmt
1166 2669 1366 2736 affirmarem
1387 2691 1422 2735 se

102 2771 205 2838 nullas
230 2795 371 2860 unquam
391 2773 552 2860 practicae
574 2774 767 2856 exercuisse,
795 2773 854 2838 sed
874 2772 1074 2838 familiariter
1103 2782 1226 2838 tantrmr
1257 2772 1297 2837 de
1324 2772 1421 2838 rebus

103 2876 229 2941 concilii
251 2886 287 2940 ut
306 2898 369 2963 par
389 2885 458 2942 erat
469 2875 651 2960 contulisse,
675 2898 714 2941 ac
727 2875 813 2964 quod
826 2875 972 2942 nonnulli
985 2899 1028 2942 ex
1039 2875 1102 2940 illis
1118 2877 1309 2942 sententiam
1320 2885 1422 2941 muta·

100 2979 231 3064 sissent,
255 2979 334 3046 illud
356 2981 471 3045 mirum
493 2979 597 3045 videri
618 3003 682 3046 nou
705 2980 832 3060 debere,
855 3004 1009 3067 cumpro
1031 2980 1125 3045 huius
1139 2979 1170 3044 S.
1189 2979 1316 3046 concilii
1328 2979 1421 3047 liber·

101 3090 164 3148 tate
176 3085 352 3170 unicuique
363 3105 465 3170 usque
480 3082 523 3149 ad
535 3085 640 3171 ipsam
652 3085 834 3166 sessionem,
857 3087 920 3149 imo
933 3106 1009 3149 vero
1021 3085 1053 3146 in
1063 3083 1267 3171 ipsaquoque
1280 3085 1421 3150 sessione

102 3188 292 3252 sententiam
314 3195 439 3252 mutare
461 3184 597 3252 liberum
620 3187 669 3251 ait.
693 3189 769 3272 quia
792 3188 889 3270 igitur
910 3185 972 3252 boc
993 3207 1147 3272 responso
1173 3186 1215 3250 D.
1239 3188 1348 3252 comiti
1370 3209 1420 3251 sa-

105 3290 267 3355 tisfactum
283 3311 354 3354 esse
369 3287 588 3371 credebamus,
611 3287 879 3375 quemadmodum
901 3287 994 3355 nobis
1017 3298 1104 3354 certe
1126 3289 1327 3354 satisfactum
1347 3289 1417 3368 fuit,

101 3413 163 3457 non
187 3393 443 3458 existimavimus
467 3393 640 3478 quicquam
661 3413 700 3456 ea
721 3391 761 3456 de
783 3413 817 3456 re
841 3391 884 3457 ad
904 3391 979 3456 Ma..
1006 3391 1045 3456 V.
1062 3390 1094 3456 S.
1111 3391 1315 3457 scribendum
1338 3414 1419 3458 esse.

102 3517 214 3562 verum
235 3505 271 3562 ut
292 3497 431 3582 ingenue
453 3494 618 3578 fateamur,
640 3493 725 3558 hano
747 3518 874 3582 quoque
896 3497 1104 3560 mutationem
1120 3495 1348 3560 sententiarum
1370 3518 1420 3560 su·

102 3620 158 3683 per
180 3597 372 3686 quibusdam
393 3594 600 3685 petitionibus
615 3599 744 3684 proprie
760 3597 996 3684 quodammodo
1012 3599 1054 3664 ad
1069 3600 1156 3686 ipsos
1171 3599 1335 3685 Hispanos
1348 3622 1418 3686 per-

103 3702 275 3770 tinentibus
296 3725 361 3768 non
382 3701 511 3768 aliunde
532 3700 709 3787 profectam
731 3723 801 3768 esse
825 3702 994 3785 credimus,
1018 3724 1114 3789 quam
1137 3702 1224 3790 quod
1246 3702 1288 3766 D.
1311 3725 1418 3768 comes

104 3825 122 3868 a
142 3805 238 3870 Luna
259 3804 420 3892 quendam
442 3813 681 3891 procuratorem
697 3803 908 3891 capitulorum
922 3805 1181 3892 Hispanicorum,
1203 3806 1237 3871 id
1252 3805 1339 3892 quod
1354 3807 1418 3870 iarn

104 3917 198 3974 antea
220 3907 269 3974 M*¹
291 3907 331 3972 V.
356 3906 387 3973 S.
413 3907 673 3993 significavimus,
696 3907 771 3972 hinc
791 3931 911 3994 magna
933 3910 1177 3974 comminatione
1199 3908 1417 3994 ablegaverat,

104 4033 186 4097 quae
207 4034 259 4076 res
282 4011 388 4077 effecit
408 4019 443 4076 ut
466 4033 575 4076 omnes
596 4010 766 4097 petitiones
787 4011 830 4076 D.
852 4011 1071 4099 Hispanorum
1094 4009 1289 4077 difficiliores
1303 4011 1417 4078 redde·

102 4125 219 4182 rentur.
242 4115 301 4184 sed
321 4116 386 4180 iam
407 4113 489 4180 baec
510 4113 617 4180 omnia
639 4113 699 4182 deo
722 4115 762 4180 sit
782 4117 887 4200 gratia
910 4138 1027 4202 magna
1051 4125 1197 4203 exparte
1213 4117 1318 4200 sopita
1333 4123 1415 4180 sunt.

202 4218 295 4284 Nunc
317 4239 382 4284 non
403 4215 506 4284 solum
533 4238 594 4282 nos
619 4216 680 4282 Mo.
702 4217 739 4282 V.
763 4217 797 4284 S.
820 4227 972 4302 oratores,
1003 4218 1061 4284 sed
1094 4220 1190 4284 etiam
1211 4218 1284 4282 ΒΜ·
1315 4218 1357 4282 D.
1381 4217 1417 4283 O.

103 4317 318 4407 Lotbaringus
339 4319 468 4386 nomina
488 4319 626 4385 nationis
654 4318 856 4404 Gallicanae,
886 4345 961 4387 nam
984 4331 1125 4389 oratores
1149 4319 1236 4386 Galli
1263 4343 1304 4384 ue
1329 4342 1417 4387 nunc

104 4423 230 4508 quidem
253 4433 447 4512 comparent,
471 4431 614 4489 oratores
628 4422 802 4489 Lusitanus
825 4435 856 4489 et
877 4425 1008 4490 dominii
1022 4425 1218 4491 Venetorum
1234 4433 1266 4488 et
1280 4423 1335 4488 alii
1349 4423 1416 4490 fere

105 4548 212 4595 omnes
233 4531 396 4616 negotium
418 4536 535 4616 urgent
557 4536 652 4616 atque
673 4550 692 4594 a
714 4525 780 4592 RV·
804 4528 847 4596 D.
870 4528 984 4617 legatis
1007 4529 1147 4617 alioquin
1170 4529 1266 4594 etiam
1288 4529 1322 4592 in
1344 4549 1416 4592 eam

103 4652 170 4700 rem
190 4632 447 4720 propensissimis
468 4630 633 4718 flagitem,
661 4632 751 4698 utin
776 4635 925 4721 proxima
954 4632 1096 4699 sessione
1126 4631 1202 4697 buic
1223 4629 1256 4697 S.
1279 4631 1415 4698 concilio

105 4731 158 4800 diu
180 4734 379 4802 desideratus
400 4734 473 4800 linis
494 4737 685 4822 imponatur.
713 4735 812 4822 igitur
837 4759 923 4803 nunc
945 4758 1068 4802 summo
1091 4735 1196 4802 studio
1220 4757 1329 4802 ornnes
1352 4732 1413 4800 ela·

104 4833 253 4905 boramus
274 4847 310 4904 ut
332 4861 369 4905 ea
391 4859 476 4927 quae
496 4847 621 4904 restant
641 4837 682 4906 de
703 4840 938 4905 reformationis
961 4837 1103 4905 artemis
1126 4847 1156 4904 et
1170 4839 1357 4926 praesertim
1374 4835 1413 4902 de

105 4944 364 5009 monasteriorum
385 4941 610 5008 reformatione
631 4942 665 5007 in
682 4941 798 5010 bonam
813 4941 953 5031 aliquam
967 4942 1101 5008 formam
1115 4941 1301 5029 redigantur
1315 4949 1413 5028 atque

107 5044 247 5129 patribus
267 5046 310 5113 ad
332 5045 568 5114 discutiendum
588 5055 808 5135 proponantur
829 5069 989 5114 unacum
1009 5045 1049 5112 iis
1072 5068 1155 5135 quae
1176 5045 1282 5113 adhuc
1304 5044 1344 5112 de
1365 5066 1414 5112 re·
