3498 5818
1375 527 1437 595 lii

108 717 204 783 datur
224 717 312 785 fides
333 713 465 805 publica
486 739 526 782 ao
548 715 658 782 salvus
680 716 858 783 conductus
880 737 979 805 quam
995 717 1065 783 fieri
1078 717 1199 806 poterit
1212 715 1438 804 amplissimus,

106 823 220 886 sinon
244 819 392 906 amplior,
416 818 530 886 saltem
551 839 617 885 non
637 821 815 886 restrictior
836 839 934 907 quam
956 820 1031 886 olim
1052 821 1087 886 in
1110 820 1245 887 concilio
1267 817 1438 886 Basiliensi

105 921 262 989 Bohernis
284 922 396 988 datum
417 923 517 988 firisse
539 925 738 1009 accepimus,
761 923 806 987 ita
826 932 862 988 ut
884 925 1048 989 securitati
1070 945 1181 989 eorum
1202 931 1290 990 recte
1313 923 1437 990 consul·

104 1035 171 1090 tum
202 1025 264 1108 sit,
297 1047 411 1092 verum
439 1026 537 1092 etiam
564 1033 600 1090 ut
627 1045 725 1112 super
750 1025 912 1112 prioribus
941 1047 982 1091 ao
1008 1025 1241 1112 posterioribus
1265 1047 1343 1092 suae
1366 1047 1439 1091 con·

104 1128 257 1192 fessionis
279 1125 422 1193 articulis
443 1126 573 1214 placide
595 1135 627 1192 ct
640 1125 781 1213 benigne
796 1148 836 1193 ae
851 1137 1008 1215 quantum
1021 1126 1084 1192 illis
1100 1127 1236 1194 sufficiet
1250 1127 1439 1214 audientum

103 1233 182 1296 item
203 1239 331 1296 utnon
353 1229 550 1296 sufficienter
570 1229 667 1296 modo
690 1227 881 1313 audiantur,
914 1230 972 1297 ssd
999 1229 1183 1298 humaniter
1204 1252 1334 1319 quoqne
1355 1241 1438 1298 trac

103 1342 223 1416 tantur,
248 1342 282 1398 et
304 1353 388 1420 qnae
410 1331 452 1398 ab
475 1333 522 1397 ais
543 1341 765 1419 proponentur
786 1341 818 1397 ct
845 1329 1010 1416 dicentur,
1032 1333 1174 1420 seposita
1204 1333 1290 1400 omni
1311 1336 1439 1420 privata

102 1437 259 1522 passione
294 1435 412 1501 affectu
433 1432 677 1522 animorumque
698 1455 848 1518 rancore,
874 1437 917 1500 'in
946 1435 1080 1502 caritate
1106 1437 1228 1523 pietate
1260 1435 1439 1523 spirituque

102 1537 248 1602 leuitatis
269 1545 386 1604 anate
406 1539 649 1625 perpendantur
669 1560 709 1603 ac
731 1537 945 1604 dimetiantur
966 1557 1142 1625 omnesque
1164 1540 1304 1604 rationes
1320 1545 1352 1603 et
1365 1540 1439 1604 viae

103 1639 225 1726 quibus
247 1661 393 1726 unquam
413 1640 576 1706 videbitur
596 1659 693 1727 posse
714 1639 784 1704 fieri
807 1637 917 1726 aliqua
938 1648 1165 1706 sacrosanctae
1186 1638 1350 1726 religionis
1365 1662 1440 1706 con·

102 1741 227 1808 ciliatio
249 1742 452 1830 pristinaque
473 1742 630 1809 ecclesiae
651 1743 759 1808 unitas
780 1743 915 1826 restitui,
937 1742 1166 1830 perquirantur
1186 1763 1226 1808 ac
1245 1742 1438 1829 investigen-

100 1853 154 1910 tur
175 1844 342 1932 nullisque
364 1867 404 1910 ea
423 1846 457 1910 in
478 1867 514 1911 re
535 1844 699 1912 laboribus
721 1852 779 1910 ant
799 1845 884 1910 omis
906 1853 1067 1932 parcetur.

209 1947 301 2014 Casu
320 1969 400 2014 vero
423 1969 488 2035 quo
519 1947 597 2015 dicti
624 1947 753 2014 ordines
786 1969 827 2014 ac
862 1956 965 2012 status
985 1947 1197 2034 Augustanus
1230 1947 1439 2016 confessionis

102 2071 169 2115 non
191 2051 436 2136 comparuerint
456 2058 514 2116 aut
534 2058 758 2137 comparentes
780 2048 950 2116 concilium
965 2069 1099 2137 prorsus
1111 2052 1340 2134 recusaverint,
1359 2052 1440 2138 ipsis

103 2151 292 2218 oratoribus
314 2152 523 2219 mandatariis
545 2162 578 2218 et
600 2151 827 2218 commissariis
848 2155 967 2218 uostris
990 2153 1076 2217 omni
1099 2152 1265 2240 diligentia
1278 2152 1440 2240 agendum

103 2263 135 2320 et
164 2254 381 2320 annitendum
408 2257 469 2320 erit
500 2261 549 2338 ut,
579 2254 607 2320 si
635 2275 750 2320 causae
777 2256 988 2322 recusationis
1015 2277 1056 2321 ac
1080 2254 1271 2342 gravamina
1292 2277 1376 2343 quae
1398 2255 1441 2324 ab

102 2359 183 2445 ipsis
208 2357 421 2424 confessionis
442 2355 654 2444 Augustanus
677 2357 844 2424 ordinibus
865 2356 1093 2446 allegabantur
1120 2358 1162 2424 ab
1190 2359 1352 2445 aequitate
1373 2381 1441 2427 non

103 2459 345 2544 abhorruerint,
369 2480 479 2528 eornm
502 2459 665 2548 condigna
684 2463 767 2528 ratio
789 2461 946 2528 habeatnr
965 2481 1028 2528 neo
1049 2460 1116 2526 nlla
1135 2463 1215 2548 ipsis
1229 2461 1440 2548 Augustanus

103 2564 322 2630 confemionis
350 2561 515 2630 ordinibus
546 2566 631 2630 insta
660 2583 700 2629 ac
733 2561 879 2650 legitima
911 2563 1129 2652 conquerendi
1162 2583 1263 2629 causa
1295 2571 1327 2630 et
1360 2584 1442 2630 ansa

101 2666 319 2752 praebeatur3
342 2667 392 2732 sin
413 2675 522 2732 anmm
542 2665 666 2754 aliquid
686 2665 751 2732 tale
773 2669 807 2731 in
828 2667 970 2732 medium
992 2665 1120 2733 allaturi
1143 2674 1251 2733 ament
1268 2667 1356 2755 quod
1376 2689 1439 2734 nee

102 2771 174 2835 iure
197 2791 262 2834 noc
283 2769 446 2857 aequitate
477 2767 684 2854 subsisteret,
717 2769 776 2835 sed
804 2769 846 2834 ab
876 2772 961 2836 omni
987 2771 1114 2836 ratione
1141 2790 1274 2857 prorsus
1299 2768 1440 2836 ahenum

104 2871 199 2954 foret,
225 2870 387 2937 curabunt
407 2872 506 2938 iidem
529 2881 672 2938 oratores
693 2873 887 2938 mandatarii
914 2881 948 2938 et
975 2875 1185 2939 commissarii
1212 2873 1315 2938 nostri
1341 2882 1378 2938 nt
1405 2873 1440 2940 id

103 2972 264 3062 quicquid
285 2973 382 3040 fuerit
402 2973 498 3040 bonis
518 2995 559 3040 ao
578 2975 679 3040 firmis
693 2975 872 3041 rationibus
887 2995 1076 3064 summaque
1090 2976 1249 3042 modestia
1263 2983 1297 3041 et
1309 2975 1440 3042 lenitate

104 3076 250 3142 diluatur
270 3076 398 3163 ipsique
420 3075 550 3143 ordines
573 3077 804 3143 efficacissimis
827 3077 944 3164 quibus
965 3079 1036 3143 fieri
1049 3080 1168 3165 poterit
1182 3079 1380 3164 argumentis
1400 3099 1440 3144 ac

103 3178 372 3267 persuasionibus
394 3189 427 3245 et
447 3179 591 3246 honestis
613 3181 741 3268 piisque
759 3179 975 3247 oblationibus
990 3180 1034 3247 ad
1050 3180 1302 3267 comparendum
1316 3179 1350 3246 in
1366 3201 1440 3246 eon-

105 3281 180 3348 cilio
202 3289 457 3368 permoveantur
479 3291 512 3348 et
532 3282 735 3349 inducantur.

210 3382 257 3448 Et
284 3385 438 3472 qnoniam
463 3385 522 3450 vix
550 3384 747 3454 credendum
776 3393 826 3450 est
853 3384 982 3450 ordines
1003 3393 1065 3450 aut
1082 3383 1206 3472 legatos
1227 3382 1440 3472 Augustanus

107 3487 322 3554 confessionis
343 3507 417 3552 cum
438 3485 503 3550 ΙΨ·
525 3484 640 3570 legatis
664 3487 821 3552 ceterisve
842 3484 990 3574 patribus
1012 3487 1186 3575 quicquam
1208 3495 1339 3553 acturos
1356 3507 1438 3571 esse,

104 3590 163 3656 sed
185 3589 343 3677 quioquid
365 3588 524 3656 voluerint
545 3589 588 3654 ad
609 3599 719 3676 patres
741 3589 868 3666 deferri,
890 3589 925 3656 id
948 3611 1003 3656 eos
1018 3591 1097 3678 ipsis
1120 3589 1301 3656 oratoribus
1319 3590 1439 3656 uostris

105 3689 310 3758 exhibituros
331 3699 365 3756 et
383 3691 629 3777 significaturos,
650 3691 726 3758 ideo
741 3700 885 3758 oratores
900 3701 934 3758 et
947 3692 1140 3758 mandatarii
1153 3694 1255 3758 nostri
1270 3691 1439 3759 debebunt

106 3792 263 3882 quicquid
284 3793 319 3859 id
341 3795 401 3860 erit
421 3793 463 3859 ab
485 3796 534 3858 eis
554 3793 723 3870 benevole,
747 3793 806 3859 sed
826 3817 891 3861 non
907 3793 1000 3860 aliter
1013 3803 1121 3860 tamen
1137 3816 1235 3882 quam
1249 3795 1437 3883 inscriptis,

105 3900 252 3984 recipere
280 3904 314 3962 et
333 3896 481 3983 patribus
507 3917 689 3984 proponere
715 3905 813 3984 atque
841 3899 938 3964 etiam
965 3918 1025 3984 pro
1052 3917 1210 3985 responso
1238 3896 1379 3984 benigno
1408 3906 1441 3962 et

105 4001 174 4064 miti
196 4002 319 4064 instare
346 4007 444 4086 atque
472 3997 554 4064 adeo
581 3997 794 4064 mediatorum
820 3999 962 4065 officium
994 4001 1078 4066 inter
1108 4009 1279 4086 utramque
1310 4007 1436 4085 partem

109 4109 288 4188 praestare.
322 4101 431 4187 quisi
458 4121 532 4165 cum
561 4101 640 4188 ipsis
668 4100 848 4167 oratoribus
878 4111 911 4166 ct
941 4101 1153 4167 mandatariis
1184 4102 1302 4168 nostris
1336 4123 1434 4188 agere

104 4202 268 4270 voluerint
290 4201 379 4290 qnod
395 4201 500 4268 nolint
514 4203 558 4268 ad
571 4213 680 4289 patres
694 4205 728 4268 in
743 4203 879 4270 concilio
894 4203 1050 4270 adiuturos
1064 4203 1186 4285 referri,
1202 4212 1279 4268 tunc
1294 4211 1439 4270 oratores

107 4307 210 4372 nostri
230 4304 265 4371 id
287 4305 395 4390 ipsurn
417 4305 563 4370 similiter
584 4303 646 4371 sibi
669 4306 789 4392 scripto
812 4305 883 4370 dari
903 4305 1068 4393 postulant
1089 4327 1151 4371 nec
1172 4304 1273 4370 ullam
1296 4327 1369 4371 cum
1390 4306 1436 4372 eis

108 4407 359 4495 disputationem
380 4408 459 4472 viva
479 4428 561 4474 voce
582 4407 814 4494 ingrediantur,
836 4408 896 4474 sed
916 4409 1010 4476 nobis
1031 4408 1281 4494 remintagram
1295 4417 1436 4490 servent,

107 4509 336 4577 resolutionem
357 4519 501 4576 nostram
525 4509 664 4596 desuper
685 4512 903 4597 expectaturi,
933 4532 1064 4599 operam
1092 4511 1206 4578 dantes
1228 4521 1265 4576 ut
1287 4509 1373 4576 illico
1397 4511 1439 4576 de

111 4612 257 4679 omnibus
281 4633 366 4700 quae
390 4611 508 4678 dicturi
529 4621 562 4678 et
582 4612 699 4679 facturi
721 4615 786 4678 sint
804 4635 848 4680 ex
862 4613 963 4678 literis
978 4615 1121 4700 ipsorum
1136 4622 1301 4678 oratorum
1315 4622 1439 4678 nostro·

108 4737 176 4782 rom
199 4716 398 4782 enmussim
420 4737 663 4802 cognoscamus.
685 4737 782 4803 porro
804 4718 834 4781 si
855 4718 919 4782 iarn
941 4716 1035 4781 dictis
1058 4713 1224 4780 ordinibus
1245 4738 1285 4780 ac
1299 4713 1438 4780 autibus

111 4819 233 4906 imperii
247 4817 482 4903 Augustanam·
496 4819 729 4886 ccnl'essiouem
745 4817 1013 4905 amplectentibus
1027 4817 1117 4882 nullo
1132 4817 1229 4884 modo
1245 4828 1303 4882 aut
1316 4819 1441 4883 ratione

113 4919 298 5005 pusuaderi
330 4922 449 5006 poterit
477 4929 515 4986 ut
543 4921 681 4988 decretis
710 4929 744 4986 et
771 4919 1051 4987 constitutionibus
1080 4918 1207 4985 concilii
1229 4922 1444 5007 'acquiescant

111 5021 161 5086 vel
180 5021 407 5108 obtemperent
425 5020 479 5088 vel
501 5024 598 5088 etiarn
620 5024 655 5088 in
681 5021 820 5090 concilio
849 5019 1071 5109 compareant,
1105 5033 1183 5088 tunc
1210 5023 1245 5087 in
1271 5044 1310 5087 eo
1338 5023 1443 5087 omnis
