3460 5826
1348 535 1411 600 873

100 719 310 806 potiusquam
337 715 417 784 velit
437 717 620 784 istiusmodi
642 717 860 806 singularibus
887 718 1125 788 conditionibus
1156 741 1228 788 sese
1251 721 1410 792 subiicere

98 833 221 908 etquas
241 818 455 888 abstrusiores
483 831 559 887 sunt
580 845 678 909 quam
706 825 796 888 utin
819 833 950 911 captum
972 825 1041 890 eius
1064 823 1193 906 cadant,
1224 847 1353 890 omnem
1375 824 1407 892 S.

94 925 178 989 mani
200 923 356 991 ecclesiae
380 924 523 992 debitam
546 924 762 992 obedientiam
784 927 930 1013 protinus
954 925 1085 994 abiiciat
1099 935 1197 1014 utque
1213 950 1284 994 sese
1299 927 1409 997 haere·

93 1027 172 1094 sibus
193 1027 290 1115 plane
312 1028 443 1096 addicat
472 1039 504 1096 et
525 1031 572 1094 sic
595 1028 725 1096 demum
747 1029 908 1096 catholica
928 1028 1042 1116 religio
1069 1031 1104 1096 in
1125 1033 1313 1098 universum
1342 1055 1410 1099 cor·

91 1143 163 1198 rust
184 1133 309 1199 sdhoec
329 1132 411 1200 tales
434 1132 635 1200 conditiones
664 1132 792 1200 adhoc
813 1157 950 1220 regnum
971 1143 1117 1200 nothum
1139 1133 1315 1200 Bohemiae
1343 1158 1409 1202 non

90 1235 250 1322 quadrant,
279 1237 371 1302 cuius
392 1237 506 1324 utique
532 1237 566 1300 in
593 1235 656 1301 hoc
677 1235 813 1302 articulo
844 1236 986 1324 benigna
1016 1235 1149 1304 deberet
1175 1239 1258 1304 ratio
1286 1237 1409 1304 haberi.

87 1342 246 1405 nonenim
272 1338 428 1405 hactenus
452 1338 597 1405 eiusdem
624 1341 716 1424 regni
737 1341 839 1406 nostri
862 1362 962 1406 eausa
989 1342 1023 1406 in
1050 1363 1089 1407 eo
1111 1342 1315 1427 potissimum
1343 1341 1407 1408 ela-

87 1441 265 1510 boravimus
295 1451 332 1509 ut
359 1443 603 1530 archiepiscopo
624 1441 783 1528 Pragensi
810 1443 950 1511 facultas
978 1441 1210 1512 concederetur
1237 1445 1407 1512 ordinandi

86 1546 150 1612 illos
172 1569 303 1636 quoque
324 1546 544 1636 presbyteros,
568 1545 657 1634 quod
678 1545 800 1633 populo
813 1557 1057 1614 sacrosanctum
1071 1547 1286 1615 eucharistiae
1301 1570 1407 1615 sacra·

86 1661 218 1718 mentmn
252 1651 313 1717 sub
335 1659 473 1740 unaque
495 1651 605 1738 specie
627 1648 816 1736 dispensare
843 1660 987 1737 possent,
1020 1650 1118 1716 salvis
1140 1653 1281 1738 andquis
1302 1654 1406 1739 pactis

86 1756 375 1841 aquemuensis,
405 1775 488 1843 quae
511 1761 598 1819 certe
627 1775 686 1838 per
709 1752 906 1819 eiuscemodi
936 1752 1137 1820 conditiones
1164 1775 1296 1840 prorsus
1318 1751 1405 1820 labe·

84 1855 285 1923 laetabuntur
305 1867 339 1925 et
366 1857 589 1944 infringentur.
612 1857 722 1943 itaque
747 1853 972 1924 maluissemus
1002 1865 1077 1923 ente
1106 1859 1214 1923 omnia
1235 1859 1405 1942 negocium

84 1962 318 2046 communionis,
341 1971 501 2050 quatenus
523 1959 586 2026 hoc
607 1981 742 2046 regnum
767 1968 912 2028 nostrum
937 1959 1113 2026 Bohemiac
1137 1962 1316 2044 concernit,
1341 1960 1405 2027 dis·

84 2085 207 2132 cussum
231 2077 264 2132 et
298 2067 480 2132 confectum
507 2074 606 2152 atque
634 2063 717 2130 adeo
750 2062 995 2150 archiepiscopo
1018 2063 1174 2149 Prsgensi
1197 2073 1407 2130 memoratam

83 2166 263 2236 frumistam
286 2168 494 2259 presbyteros
517 2167 578 2234 sub
607 2177 746 2256 utraqm
768 2166 955 2251 ordinandi,
989 2167 1150 2234 stantibus
1183 2177 1215 2234 et
1238 2167 1335 2234 salvis
1350 2191 1405 2234 an·

79 2273 171 2360 tiquis
194 2276 300 2362 pactis
322 2274 500 2350 conventis,
529 2293 715 2339 concessam
744 2294 850 2359 neque
872 2269 1055 2352 honorem,
1089 2283 1126 2338 ut
1147 2295 1230 2360 quae
1253 2281 1406 2360 separatu

81 2386 125 2440 est
145 2399 166 2442 a
188 2397 295 2443 causa
315 2375 449 2465 publica
461 2397 567 2464 neque
591 2376 765 2464 quicquam
786 2375 865 2440 novi
879 2372 987 2459 habet,
1010 2373 1069 2440 sed
1082 2373 1272 2442 iamdudum
1286 2399 1307 2442 a
1321 2398 1405 2442 sum-

26 2527 28 2560 ,
79 2480 133 2542 mis
154 2479 362 2568 pontificibus
383 2488 416 2546 et
437 2478 470 2546 S.
493 2479 571 2545 sede
593 2477 773 2567 apostolica
789 2476 865 2544 huic
886 2501 988 2566 reguo
1011 2477 1138 2544 indulta
1159 2479 1229 2564 ihit,
1253 2478 1403 2566 publicae

26 2563 28 2698 l
80 2603 195 2650 musae
217 2582 258 2650 de
281 2582 489 2650 concessione
512 2581 623 2648 calicis
644 2582 679 2646 in
694 2579 871 2648 Germania
893 2591 926 2648 et
948 2584 1064 2648 ceteris
1085 2583 1195 2670 regnis
1218 2591 1316 2670 atque
1330 2605 1402 2672 pro-

26 2699 27 2734 ι
78 2686 189 2754 vinciis
210 2688 330 2754 nostris
354 2689 558 2753 coniunctam
581 2694 614 2750 et
634 2683 825 2773 implicitam
847 2685 954 2768 fisisse,
981 2687 1059 2774 quia
1080 2694 1207 2772 poterat
1229 2695 1401 2773 utrumque

79 2793 247 2877 negocium
268 2813 327 2859 suo
349 2801 494 2879 tempore
518 2789 693 2878 separatim
714 2787 813 2876 longe
834 2789 1033 2856 commodius
1055 2791 1214 2876 tramigi.
1231 2838 1262 2854 ..

209 2981 362 3034 Ferdinsnd
379 2987 519 3035 autwortet
540 2981 598 3032 hier
621 2979 670 3032 aui
690 2977 734 3028 die
750 2976 891 3045 Depasche
914 2994 976 3031 vom
993 2980 1027 3032 26
1044 2979 1148 3046 August
1165 2977 1346 3048 (merkung
1366 2995 1401 3031 sn

139 3067 187 3120 Νι.
207 3068 285 3138 010),
303 3069 418 3121 welcher
435 3069 478 3120 die
497 3068 663 3120 conditiones
682 3065 836 3128 (Mendhsm
854 3063 916 3135 Ὧι)
934 3065 1065 3134 heilagen.
1095 3065 1221 3132 Zugleich
1240 3067 1298 3134 gibt
1316 3081 1344 3116 er
1362 3065 1404 3116 die

139 3154 178 3206 im
194 3153 294 3206 Archiv
311 3153 331 3207 f.
348 3159 374 3220 t.
392 3153 423 3208 G.
442 3155 475 3208 4⁷
493 3153 667 3221 mitgetheilts
685 3151 822 3220 Weisung.

635 3329 839 3344 m

670 3543 792 3632 0011.

446 3762 676 3841 Drsskovics
703 3784 750 3839 sn
778 3764 852 3839 den
881 3763 1033 3860 Κιίιοις
1142 3801 1151 3824 ·

485 3909 617 3974 Trient,
642 3907 875 3976 ssfleptember
899 3911 990 3966 1562.

356 4087 537 4146 Concilactm.
562 4089 707 4164 Oriqinol;
728 4088 759 4146 ia
781 4095 872 4164 terpus
894 4091 936 4147 16
957 4089 1118 4163 September.

173 4237 302 4302 Literas
323 4235 386 4301 Mt·
407 4234 448 4301 V.
465 4233 497 4301 S.
513 4235 691 4323 penultima
713 4236 765 4301 die
787 4235 929 4323 Augusti
951 4236 994 4302 ad
1006 4259 1067 4303 nos
1082 4235 1173 4302 datus
1194 4283 1251 4302 ...
1274 4235 1398 4322 accepi,

78 4361 116 4405 ex
139 4340 257 4430 quibus
278 4337 424 4407 intellexi
446 4337 509 4404 Mo.
530 4339 571 4405 V.
588 4337 620 4405 S.
637 4345 825 4426 expressam
841 4363 912 4405 esse
926 4337 1126 4406 voluntatem
1141 4347 1177 4404 ut
1191 4360 1251 4404 nes
1270 4360 1398 4426 quoque

78 4440 242 4512 Gallorum
272 4443 314 4510 de
341 4441 490 4531 urgenda
515 4441 756 4527 reformatione,
786 4443 883 4508 etiam
917 4441 1103 4529 dogmatum
1124 4443 1312 4508 nactatione
1346 4463 1397 4508 sn·

79 4567 201 4633 spensa,
225 4547 367 4614 studium
382 4556 416 4614 et
430 4545 631 4632 diligentiam
648 4544 849 4612 adiuvemus.
872 4567 933 4612 nos
948 4545 1079 4634 quidem
1095 4567 1134 4612 ea
1148 4569 1276 4633 semper
1289 4553 1397 4610 mente

78 4647 190 4716 luimus
212 4661 250 4716 ut
269 4649 394 4716 nullam
416 4651 619 4717 occasionem
641 4649 884 4735 promovendae
904 4647 1141 4715 reformationis
1162 4651 1395 4735 praetermitte·

78 4771 188 4837 remus,
212 4753 270 4818 sed
294 4753 446 4842 quoniam
467 4751 662 4818 verebamur
675 4771 725 4833 ne,
748 4752 776 4816 si
790 4773 863 4818 eam
877 4750 1086 4818 vehementer
1100 4773 1299 4840 urgeremus,
1323 4775 1397 4820 con·-

79 4853 139 4921 cilii
160 4857 329 4945 suspensio
344 4856 444 4940 fieret,
467 4853 554 4944 quod
571 4855 701 4920 omnino
717 4853 899 4920 cavendum
914 4852 1009 4920 nobis
1025 4875 1096 4920 esse
1111 4854 1178 4920 M⁸''
1203 4854 1245 4926 V.
1259 4854 1292 4922 S.
1307 4878 1395 4921 man-

80 4956 217 5045 daverat,
239 4959 425 5028 faciendum
445 4957 540 5026 nobis
563 4979 635 5026 esse
656 4968 884 5047 putaveramus
907 4967 943 5023 ut
964 4956 1082 5024 lentius
1105 4980 1144 5023 ea
1172 4959 1206 5022 in
1227 4980 1263 5024 re
1284 4981 1395 5046 proce·

81 5060 234 5146 daremus,
264 5062 379 5130 saltem
406 5062 511 5132 donee
540 5071 702 5130 constaret
728 5062 807 5150 quid
836 5061 879 5130 de
900 5061 1011 5131 calicis
1043 5061 1251 5142 concessione
1273 5063 1396 5151 sperari
