3512 5838
411 731 544 785 harrobbe
563 731 665 783 differto
683 737 774 798 queste
793 731 907 798 negotio,
925 733 960 782 mi
977 729 1034 783 fars
1050 737 1120 782 stare
1138 745 1189 784 oon
1211 730 1325 782 l’anino
1348 743 1471 797 soapeeo,
1494 730 1529 782 liu
1562 731 1611 782 clre
1633 734 1656 782 io

411 835 464 872 non
481 819 589 870 intende
605 819 692 885 quello
707 818 746 870 ch*
756 818 839 870 barra
855 823 962 870 tradate
979 817 998 870 il
1015 819 1105 870 noafio
1125 833 1175 870 oon
1193 817 1224 868 V.
1242 817 1306 870 Mu.

479 905 612 956 thhrend
639 905 724 956 dieser
749 904 971 971 Verbandlungen
998 905 1073 956 erbot
1099 903 1155 954 sich
1182 904 1244 955 Pius
1278 903 1432 956 winderholt
1461 903 1558 968 (zueret
1587 905 1662 966 Arcu

412 995 445 1041 26
462 991 525 1042 Juni
545 993 618 1053 1563,
637 991 707 1041 darm
725 991 807 1042 andre
826 990 913 1042 Briefe
931 1005 983 1041 von
1001 989 1054 1040 ihm
1071 988 1125 1040 und
1145 989 1203 1039 dem
1223 991 1318 1040 Kaiser
1336 991 1376 1040 bis
1395 991 1421 1040 in
1440 989 1492 1039 den
1510 989 1574 1040 Juni
1588 993 1658 1054 1564)
1730 1013 1731 1050 l

413 1077 472 1128 dem
490 1078 594 1143 Kenige
613 1076 660 1127 das
678 1075 807 1143 geweihte
826 1075 945 1127 Schwert
963 1093 995 1126 au
1008 1076 1115 1128 senden.
1134 1075 1179 1126 Ale
1198 1091 1226 1125 es
1245 1075 1408 1126 Maximillae
1425 1075 1559 1136 ablehnte
1578 1077 1661 1126 words

413 1179 440 1212 es
458 1163 517 1212 dem
536 1162 687 1229 Eruberrog
709 1162 862 1214 ferdinand
884 1163 1025 1215 bestimmt.
1056 1162 1128 1213 Aber
1151 1161 1251 1212 sowolrl
1275 1162 1318 1212 die
1341 1160 1430 1212 Sdbue
1452 1160 1493 1211 als
1516 1159 1563 1211 der
1586 1161 1662 1211 Vater
1730 1201 1731 1206 ,

414 1249 508 1300 Hersen
527 1249 585 1300 dem
604 1250 700 1314 Pspste
718 1253 783 1300 stete
801 1248 986 1300 amueiclreucl
1003 1253 1156 1300 eutworten.

904 1533 1104 1543 ...ὴ-..-

875 1866 1138 1954 CCLXXVI.

603 2085 699 2158 Brua
731 2086 806 2160 und
834 2086 1061 2162 Draalrouica
1089 2107 1135 2160 arr
1163 2085 1237 2161 deu
1265 2085 1411 2175 liniam

789 2248 918 2315 Trient,
937 2251 976 2300 20
993 2251 1121 2317 August
1140 2252 1230 2302 1563.

648 2427 824 2484 Concilocteu.
849 2429 996 2500 Oripinol;
1016 2429 1047 2484 iu
1069 2436 1161 2500 terque
1182 2431 1225 2485 30
1246 2429 1361 2502 Aeque.

447 2609 602 2676 Mittimus
624 2609 667 2675 ad
697 2609 771 2676 bf·¹¹³
791 2609 827 2676 V.
851 2609 884 2675 S.
918 2611 1025 2696 cupita
1053 2609 1213 2698 generalis
1242 2609 1477 2675 reformationis
1506 2630 1657 2674 consensu

349 2715 451 2778 ΨΜ
472 2713 513 2778 D.
538 2712 716 2799 legatorum
739 2723 771 2779 et
793 2722 955 2778 oratorum
977 2715 1043 2778 iam
1064 2715 1158 2780 tertio
1181 2722 1336 2788 correcta,
1359 2715 1392 2778 in
1406 2711 1504 2778 alium
1522 2711 1656 2780 ordinem

350 2829 382 2882 et
393 2819 546 2881 minorem
558 2838 724 2881 numerum
736 2815 878 2880 redacta.
891 2839 930 2880 ac
941 2818 1111 2904 pauciores
1123 2816 1251 2906 quidem
1264 2826 1339 2882 sunt
1349 2817 1371 2880 ii
1383 2815 1510 2882 urficuli
1519 2839 1614 2905 quam
1620 2816 1658 2880 illi

349 2943 430 3008 quos
454 2930 549 2986 antea
571 2919 613 2984 ad
635 2919 709 2985 M²‘¹¹'
731 2918 771 2984 V.
795 2919 827 2984 S.
851 2919 1055 3003 miseramus,
1088 2929 1258 3008 propterea
1287 2920 1374 3008 quod
1396 2919 1542 2986 nonnulli
1565 2944 1605 2986 ex
1625 2921 1657 2984 iis

349 3045 414 3089 non
436 3024 469 3087 in
490 3024 638 3111 proxima
661 3021 718 3087 sed
740 3024 773 3086 in
796 3021 1004 3110 subsequenti
1025 3033 1139 3111 postea
1167 3026 1309 3090 sessione
1331 3023 1491 3089 tractandi
1514 3023 1656 3090 videban-

349 3142 410 3209 tur,
432 3135 499 3190 tum
523 3127 598 3213 quia
620 3127 726 3191 omnia
748 3123 842 3191 simul
864 3127 1000 3213 proponi
1021 3149 1085 3190 non
1108 3137 1265 3214 poterant,
1296 3151 1336 3193 ne
1360 3129 1526 3216 quippiam
1548 3127 1657 3216 praeci·

351 3231 489 3317 pitanter
511 3238 669 3316 ageretur,
692 3241 759 3295 tum
782 3251 859 3295 vero
883 3231 959 3317 quia
981 3231 1116 3296 materia
1143 3253 1255 3298 eorum
1283 3231 1490 3298 articulorum
1514 3232 1656 3298 maiorem

352 3331 608 3421 disquisitionem
630 3342 781 3420 expetere
803 3332 874 3398 visa
896 3341 954 3398 est.
977 3355 1035 3398 nos
1057 3331 1116 3398 Ma.
1139 3333 1179 3400 V.
1201 3333 1233 3400 S,
1257 3333 1366 3400 etalii
1388 3344 1533 3402 oratores
1560 3355 1658 3400 omnes

351 3434 501 3503 articulos
523 3437 579 3524 qui
600 3459 687 3502 nunc
708 3445 941 3523 proponuntur,
965 3436 1180 3502 aedificationi
1203 3437 1359 3504 ecclesiae
1375 3438 1428 3504 dei
1442 3441 1582 3504 maxime
1595 3459 1658 3524 pro-

351 3540 474 3606 futuros
496 3561 568 3606 esse
589 3539 776 3605 iudicamus.
798 3539 877 3605 illud
899 3549 1007 3605 temen
1034 3561 1132 3605 unum
1153 3563 1213 3606 nos
1236 3541 1442 3607 vehementer
1463 3540 1659 3609 desiderabu-

352 3665 423 3710 mus
460 3644 494 3708 in
521 3643 609 3710 hisce
631 3643 775 3709 articulis
806 3653 855 3728 ut,
891 3644 1144 3732 quotiescunque
1173 3645 1291 3711 mentio
1318 3645 1409 3710 fieret
1435 3643 1658 3714 reformationis

350 3747 529 3838 faciendae,
551 3771 617 3813 non
632 3748 791 3814 diceretur
811 3749 845 3812 in
867 3757 1040 3836 posterum,
1064 3748 1122 3814 sed
1144 3751 1208 3814 iam
1229 3772 1316 3818 nunc
1337 3773 1513 3837 regressus,
1537 3749 1656 3820 coadiu-
1730 3781 1731 3786 κ

353 3854 452 3919 toriae
475 3851 517 3918 ad
539 3853 784 3934 successionem,
807 3853 977 3939 pensiones
1003 3837 1141 3940 iniquae,
1158 3854 1395 3920 reservationes
1410 3865 1442 3922 et
1457 3857 1528 3921 eius
1542 3855 1656 3943 generis

353 3955 418 4022 alia
437 3954 639 4032 tollerentur3
667 3955 729 4020 boc
751 3965 858 4020 umen
881 3956 1052 4042 impetrare
1074 3979 1137 4022 non
1159 3959 1330 4044 potuimus.
1360 3981 1528 4046 speramus
1557 3957 1654 4024 nihilo

353 4061 457 4125 minus
478 4068 587 4147 patres
609 4060 642 4124 in
664 4059 730 4123 suis
758 4059 922 4124 sententiis
950 4080 1013 4123 non
1042 4082 1156 4146 parum
1183 4062 1429 4153 reclamaturos,
1464 4063 1580 4153 quibus
1605 4083 1653 4127 nos

355 4183 482 4252 quoque
504 4184 568 4227 non
591 4161 766 4236 deerimus,
796 4163 923 4227 tametsi
946 4161 1000 4226 Β1111
1022 4161 1063 4228 D.
1086 4163 1184 4252 legati
1207 4164 1401 4233 arbitrentur
1421 4166 1514 4232 iuxta
1533 4168 1653 4234 forman

353 4267 462 4354 legum
483 4289 547 4332 non
570 4267 749 4353 praeteritis
772 4266 829 4331 sed
851 4265 966 4332 futuris
988 4267 1233 4334 necessitatibus
1255 4270 1397 4358 prospici
1420 4269 1548 4338 debere.
1583 4271 1650 4336 baec

355 4372 462 4458 capita
482 4370 628 4457 patribus
649 4368 746 4436 bodie
766 4369 978 4438 describenda
993 4383 1025 4438 et
1040 4371 1274 4441 consideranda
1287 4385 1520 4462 proponuntur.
1543 4373 1653 4442 efficere

355 4474 585 4562 nonpotuimus
601 4483 636 4538 ut
649 4471 763 4538 horum
778 4474 983 4540 articulorum
998 4475 1174 4562 publicatio
1190 4479 1348 4564 tantisper
1363 4478 1552 4563 differretur,
1567 4478 1652 4543 donec

355 4601 376 4643 a
396 4577 451 4642 Μ’·
473 4576 513 4642 V.
537 4573 571 4641 S.
592 4597 691 4663 super
712 4576 853 4641 articulis
876 4578 940 4642 iam
962 4589 1058 4643 antee
1079 4580 1184 4644 missis
1212 4581 1336 4669 aliquid
1362 4585 1509 4670 responsi
1537 4579 1650 4647 habere
1730 4645 1731 4658 ἶ

355 4701 436 4745 mus.
458 4688 571 4767 postea
586 4700 644 4745 nos
661 4701 788 4767 quoque
803 4681 1031 4768 acquievimus,
1057 4703 1095 4746 ea
1116 4691 1223 4747 tamen
1245 4682 1377 4770 legent,
1400 4685 1650 4773 quamprimuma

356 4781 410 4847 Μ’·
432 4783 472 4849 V.
496 4779 528 4848 S.
552 4781 674 4870 aliquid
695 4780 896 4868 haberemus,
919 4781 997 4850 illud
1013 4807 1141 4874 quoque
1157 4785 1302 4873 patribus
1317 4800 1557 4874 proponeretur,
1578 4781 1648 4872 quod

357 4909 391 4952 se
411 4883 551 4952 facturos
573 4885 628 4950 R¹²²¹
649 4885 691 4950 D.
715 4887 1026 4974 legatirecepcrunt
1041 4937 1048 4953 .
1066 4937 1097 4952 ..

457 4988 581 5054 Nudius
602 4991 715 5054 tertius
737 4989 806 5054 ΗΜ
830 4989 870 5054 D.
894 4989 1067 5055 cardinalis
1089 4991 1307 5078 Letharingus
1328 4993 1369 5057 ad
1392 5015 1452 5059 nos
1466 4995 1591 5059 veniens
1610 5009 1646 5053 or·

357 5091 430 5160 dine
452 5092 544 5160 nobis
566 5092 707 5158 narravit
729 5114 768 5157 ea
789 5091 830 5158 de
851 5091 966 5180 quibus
988 5093 1049 5160 Mu.
1070 5094 1110 5160 V.
1134 5093 1166 5161 S.
1189 5105 1328 5162 mentem
1355 5119 1395 5164 ac
1416 5097 1584 5184 benignam
1603 5111 1644 5158 vo·
