3512 5838
331 654 365 720 in
386 652 448 721 hac
469 663 561 742 parte
583 653 637 719 alii
660 676 788 743 quoque
809 675 902 741 reges
925 653 1087 742 principes
1111 663 1143 720 et
1164 651 1276 742 populi
1297 652 1406 720 varias
1421 651 1561 720 babituri
1576 663 1643 720 snnt

336 756 558 843 difficultates,
587 758 643 848 qui
665 767 740 826 ante
772 759 880 824 omnia
900 759 964 824 sint
986 757 1153 840 audiendi,
1181 759 1370 847 priusquam
1397 757 1521 846 aliquid
1549 757 1586 823 de
1607 759 1640 822 iis

338 860 539 945 decernatur,
562 863 656 928 sicuti
678 863 743 926 iam
765 860 980 928 intelleximus
1004 861 1046 928 ab
1069 860 1249 927 oratoribus
1276 864 1364 949 regis
1387 859 1479 928 Chr·
1502 861 1648 949 quasdam

336 987 406 1031 esse
428 966 619 1052 propositas,
650 987 708 1032 nos
730 963 793 1031 hoc
814 972 958 1052 tempore
981 963 1021 1030 de
1044 963 1267 1032 huiuscemodi
1288 963 1495 1054 generalibus
1518 963 1649 1030 articulis

337 1069 415 1135 certi
444 1069 617 1156 quicquam
645 1077 785 1134 statuere
806 1091 872 1134 non
898 1090 994 1156 posse
1023 1089 1195 1155 rerumque
1224 1077 1407 1134 nostrarum
1435 1068 1648 1134 necessitatem

335 1171 500 1259 postulare
515 1182 552 1236 ut
573 1170 709 1259 amplius
734 1170 774 1236 de
795 1171 835 1236 iis
851 1169 1075 1238 deliberemus.
1099 1171 1187 1260 quod
1203 1172 1230 1237 si
1245 1170 1306 1236 ΒΙΙΙι
1320 1170 1417 1258 legati
1433 1168 1651 1236 nonobstante

335 1273 397 1342 hoc
418 1297 575 1362 responso
599 1283 793 1340 conarentur
813 1273 1020 1340 nihilominus
1041 1275 1198 1364 progredi
1221 1285 1253 1342 et
1274 1273 1405 1363 publico
1429 1273 1559 1340 decreto
1579 1271 1652 1338 tales

335 1378 485 1445 articulos
499 1381 533 1443 in
555 1377 954 1465 praeiudicium-nostrum
977 1403 1017 1445 ao
1040 1377 1074 1446 S.
1098 1381 1223 1468 imperii
1245 1381 1283 1445 R.
1301 1402 1540 1467 regnorumque
1556 1387 1587 1442 et
1601 1377 1651 1443 do·

335 1483 505 1548 miniorum
527 1491 710 1548 nostrorum
733 1481 931 1569 aliorumque
954 1506 1069 1568 regum
1091 1507 1132 1550 ac
1153 1485 1335 1572 principum
1351 1483 1504 1566 stabilire,
1528 1483 1561 1546 in
1575 1480 1652 1546 hunc

336 1595 487 1652 eventum
508 1585 602 1652 vobis
624 1585 764 1674 benigne
787 1595 819 1651 et
841 1607 996 1672 expresse
1025 1588 1253 1653 committimus
1275 1597 1311 1652 ut
1332 1586 1482 1654 omnibus
1504 1583 1607 1650 modis
1626 1595 1654 1648 et

336 1690 514 1756 rationibus
537 1689 609 1755 illos
631 1711 653 1754 a
672 1691 838 1776 proposito
862 1688 1025 1756 dimovere
1047 1690 1219 1774 studeatis,
1251 1689 1458 1757 ostendentes
1488 1690 1537 1754 eis
1561 1688 1652 1752 maxi·

336 1817 405 1860 mas
429 1791 633 1859 difficultates
663 1815 747 1881 quae
776 1802 947 1860 occurrunt
972 1794 1007 1858 in
1034 1792 1152 1858 talibus
1184 1792 1327 1858 articulis
1354 1793 1532 1880 praecipue
1555 1790 1654 1880 quoad

335 1897 589 1963 contributiones
611 1895 836 1984 provinciales,
859 1919 878 1961 a
901 1895 1017 1984 quibus
1040 1905 1126 1962 certe
1141 1893 1277 1984 praelati
1293 1898 1326 1960 in
1341 1897 1473 1984 imperio
1488 1895 1653 1982 regnisque

334 2011 366 2066 et
386 2001 562 2089 provinciis
585 2000 701 2066 nostris
724 1999 874 2088 publicae
898 1999 1010 2065 salutis
1032 2009 1065 2066 et
1086 1999 1314 2066 incolumitatis
1330 2021 1430 2065 eausa
1451 2009 1483 2064 et
1504 2021 1565 2086 pro
1588 2020 1652 2064 con·

333 2104 516 2170 servatione
538 2103 679 2170 iustitiae
702 2125 741 2169 ac
764 2103 835 2170 aliis
858 2101 1106 2170 necessitatibus
1129 2102 1270 2168 eiusdem
1287 2103 1414 2190 imperii
1429 2125 1469 2168 ac
1483 2122 1650 2188 regnorum

334 2217 365 2273 et
386 2208 625 2294 provinciarum
648 2216 830 2273 nostrarum
853 2205 1055 2293 praestandis
1082 2207 1240 2272 immunes
1263 2227 1334 2271 esse
1356 2204 1444 2270 nullo
1468 2204 1566 2270 modo
1587 2225 1649 2290 pos·

334 2320 418 2396 sunt,
441 2309 705 2398 quandoquidem
727 2310 815 2376 bone
836 2308 1027 2398 temporalia
1050 2331 1123 2376 cum
1145 2308 1209 2376 hoc
1231 2332 1329 2375 onere
1351 2307 1394 2374 ad
1424 2329 1542 2372 manus
1572 2329 1650 2394 prae·

333 2415 471 2480 latorum
502 2415 706 2502 pervenerint
739 2413 940 2502 approbante
968 2421 1001 2478 et
1030 2412 1251 2479 consentiente
1275 2411 1353 2478 sede
1375 2409 1566 2498 apostolica,
1600 2431 1652 2474 neo
1731 2449 1732 2478 ι

333 2518 522 2584 admittatur
544 2520 577 2582 iu
599 2515 650 2582 his
672 2515 819 2603 partibus
842 2515 915 2582 talis
930 2517 1115 2582 immunitas
1131 2517 1200 2582 sive
1215 2517 1365 2594 exemtic,
1388 2513 1528 2600 ideoque
1544 2535 1651 2600 operae
1731 2507 1732 2512 ’

335 2623 480 2710 precium
508 2621 576 2687 fore
607 2620 697 2709 quod
723 2642 857 2708 prorsus
885 2618 1042 2685 tollantur
1068 2620 1195 2686 articuli
1224 2619 1271 2684 illi
1303 2619 1359 2706 qui
1388 2626 1464 2682 sunt
1491 2617 1650 2704 graviores

334 2747 429 2814 quam
453 2734 489 2790 ut
510 2722 648 2805 tolerari,
679 2723 799 2789 nedum
822 2723 1006 2788 executioni
1033 2721 1180 2788 mandari
1207 2731 1336 2811 queant,
1363 2743 1469 2809 neque
1497 2719 1650 2806 pertinent

331 2828 385 2895 vel
407 2827 450 2894 ad
471 2825 719 2915 propagandum
742 2836 775 2892 et
798 2826 1055 2893 conservandum
1088 2825 1209 2892 cultum
1232 2825 1376 2892 divinum
1404 2847 1466 2891 nec
1488 2823 1533 2888 ad
1555 2844 1648 2888 emen·

333 2931 497 2997 dationem
518 2931 613 3014 vitae,
637 2929 695 2994 sed
717 2931 825 3016 potius
847 2929 891 2994 ad
912 2928 1158 3018 locupletandos
1181 2930 1270 3018 ipsos
1292 2929 1466 3016 praelatos,
1489 2936 1526 2993 ut
1541 2949 1578 2992 eo
1594 2947 1647 2990 ma·

332 3037 417 3100 iores
440 3033 611 3121 acquirant
640 3054 718 3120 opes
747 3054 829 3121 quas
857 3033 891 3097 in
918 3031 1032 3098 luxum
1060 3041 1092 3098 et
1117 3031 1303 3122 prophanus
1331 3055 1409 3098 ussus
1438 3053 1479 3097 ao
1507 3049 1648 3118 pompam

333 3133 546 3223 temporalem
573 3134 780 3222 profundant
804 3137 854 3202 sin
877 3145 986 3200 autem
1008 3135 1059 3202 his
1083 3145 1116 3202 ct
1138 3135 1209 3204 aliis
1224 3135 1403 3204 rationibus
1417 3157 1482 3202 non
1498 3135 1647 3222 relinque

333 3249 386 3306 tur
407 3238 509 3322 loeus,
534 3239 591 3304 sed
613 3239 656 3304 ad
679 3238 932 3326 publicationem
956 3249 989 3306 et
1011 3243 1271 3308 constitutionem
1293 3239 1503 3308 articulorum
1531 3238 1648 3304 illorum

332 3341 535 3432 procedetur,
557 3351 637 3408 tunc
658 3341 808 3408 volumus
832 3353 868 3409 ut
890 3343 978 3409 facta
1000 3345 1290 3412 communicatione
1314 3367 1388 3412 cnm
1403 3341 1585 3410 oratoribus
1604 3361 1648 3404 ra·
1730 3379 1731 3382 =

331 3471 408 3537 giam
436 3446 670 3534 Hispaniarum
701 3457 733 3512 et
756 3445 883 3514 Galbae
914 3449 1043 3514 nomine
1065 3457 1175 3516 nostro
1203 3446 1368 3514 solennem
1395 3446 1649 3534 protestationem

331 3552 544 3639 interponatis
568 3548 608 3615 de
631 3548 780 3616 dissensu
802 3561 923 3635 nostro,
946 3550 1096 3618 testando
1120 3550 1208 3639 quod
1231 3573 1304 3618 oum
1319 3560 1386 3616 tam
1400 3572 1519 3638 graves
1535 3543 1650 3614 articdi
1730 3551 1731 3592 ³

331 3662 514 3742 repugnent
540 3651 744 3719 libertatibus
772 3653 897 3720 iuribus
925 3663 958 3720 et
985 3655 1217 3742 antiquissimis
1248 3652 1536 3721 consuetudinibus
1564 3649 1595 3716 S.
1615 3647 1647 3714 li.

331 3759 458 3846 imperii
479 3775 652 3844 regnomm
675 3766 707 3822 et
730 3755 943 3824 dominiorum
965 3765 1163 3842 nostrorum,
1194 3779 1277 3846 quas
1303 3779 1363 3824 nos
1387 3757 1517 3822 omnino
1540 3753 1646 3840 cogite
1730 3749 1731 3754 ’

332 3883 404 3928 mus
428 3868 460 3926 et
480 3869 649 3925 teneamur
671 3881 729 3947 pro
753 3861 897 3927 caesarei
918 3861 1061 3928 muneris
1082 3861 1184 3927 nostri
1206 3861 1331 3926 ratione
1354 3879 1546 3926 conservare
1561 3852 1646 3920 tutari

332 3975 365 4032 et
379 3970 596 4036 manutenere,
619 3971 651 4028 et
666 3961 761 4030 facile
776 3964 926 4030 maximia
941 3985 1050 4030 rerum
1064 3962 1360 4051 perturbationibus
1375 3971 1407 4030 et
1423 3960 1562 4028 motibus
1580 3977 1643 4024 oau-

332 4089 403 4134 sam
427 4065 671 4133 subministrare
692 4075 834 4156 possent,
856 4088 917 4132 nos
939 4088 1018 4132 sanc
1041 4065 1195 4155 quioquid
1217 4064 1293 4132 inde
1316 4064 1391 4130 mali
1406 4063 1588 4152 provenerit
1601 4082 1643 4126 co

330 4192 402 4237 ram
425 4170 485 4236 deo
508 4178 540 4235 et
562 4169 713 4236 universo
737 4167 829 4237 Chr*²⁰
852 4167 931 4237 orbe
959 4178 1133 4236 excusatos
1155 4169 1203 4252 iri,
1232 4169 1288 4256 qui
1315 4169 1349 4234 in
1376 4177 1521 4255 tempore
1544 4165 1583 4232 de
1602 4162 1643 4228 hir

332 4271 482 4340 omnibus
504 4269 644 4340 fideliter
665 4281 699 4338 et
721 4271 892 4360 diligenter
913 4271 1285 4359 praemonuerimus...

467 4481 528 4532 Dan
545 4482 653 4532 weitern
670 4477 759 4532 lnhalt
776 4496 797 4535 s.
814 4481 842 4530 in
859 4479 927 4535 Pell.
950 4481 975 4545 2,
995 4479 1143 4532 86'1-8'10.
1173 4479 1227 4530 Διιι
1246 4478 1293 4530 dsr
1316 4479 1434 4532 Antsrort
1456 4477 1503 4532 dar
1529 4476 1641 4531 Oratores
1729 4513 1730 4530 ι

403 4567 444 4634 (G.
462 4567 505 4624 Δ..
524 4563 596 4634 Orig.
616 4569 643 4618 in
661 4571 680 4618 t.
698 4565 810 4633 issept)
827 4565 881 4618 will
898 4565 942 4617 ich
960 4581 994 4617 su
1011 4565 1071 4618 dem
1079 4565 1187 4632 Anssug
1203 4565 1231 4616 in
1248 4563 1315 4618 Pul.
1335 4561 1378 4616 die
1399 4563 1580 4633 Hauptstellcn
1596 4561 1642 4612 bin·

403 4651 530 4720 κώμης

468 4757 535 4810 3¹²⁸
552 4753 581 4810 0.
600 4757 725 4811 Moronus
744 4773 804 4812 cum
821 4773 918 4826 magns
934 4755 1117 4825 indignatione
1136 4735 1166 4808 id
1182 4757 1248 4808 haee
1266 4755 1347 4809 verbs
1364 4755 1494 4824 prorupit:
1518 4770 1578 4822 ergo
1593 4749 1641 4802 ll*

404 4846 459 4896 aius
477 4845 535 4899 vult
553 4847 660 4898 concilii
676 4846 826 4898 libertatem
844 4843 986 4912 impedir03
1003 4843 1111 4911 indigne
1128 4843 1180 4896 tart
1198 4843 1270 4911 quod
1280 4859 1329 4894 nos
1341 4859 1388 4910 pro
1402 4844 1511 4896 oonsilio
1528 4838 1639 4930 interdum

401 4931 511 4985 Romam
529 4935 663 4986 mittamus
682 4939 709 4985 et
726 4935 779 4986 iam
796 4933 855 4984 vult
871 4937 966 4984 utnon
978 4932 1029 4984 nisi
1041 4933 1115 4984 iuxta
1126 4933 1317 4999 praescriptum
1330 4930 1356 4982 R
1367 4929 1422 4982 11²¹·
1436 4929 1557 4982 nomios
1568 4935 1640 4988 mam

401 5021 525 5073 momenti
542 5020 587 5072 hio
609 5035 800 5089 proponamns3
818 5021 839 5071 si
858 5019 916 5069 ga.
934 5019 990 5071 eius
1011 5033 1090 5086 super
1107 5033 1139 5070 ec
1162 5019 1249 5084 capite
1271 5016 1386 5068 nondum
1411 5019 1476 5070 satis
1493 5009 1640 5068 deliberavit
