3512 5838
367 497 429 560 iii

497 686 544 738 Ala
570 688 640 738 nach
664 686 905 740 aehnmonatliclrar
929 688 1015 739 Pausa
1040 687 1145 740 endliclr
1168 703 1210 740 am
1236 691 1268 742 ld
1290 689 1347 741 Juli
1369 691 1413 742 die
1436 693 1555 745 aiebante
1579 693 1684 764 Sitrung

431 772 566 840 gilicklich
584 789 616 824 ιιι
635 773 732 824 Stantia
758 774 912 840 gckommen
935 790 989 826 war
1012 775 1164 839 (Mandham
1187 777 1256 840 sas;
1281 777 1395 829 Baccad
1420 781 1444 836 i.
1468 781 1512 843 9³3
1535 779 1638 832 Beluae
1661 786 1684 846 3,

430 861 496 924 4813
514 858 588 926 Sarpi
607 861 669 924 'lim
694 859 796 912 Pallav.
819 864 842 922 i,
868 861 937 926 sla),
964 861 1102 912 schrieban
1126 860 1169 912 dia
1193 861 1322 914 Oratoren
1346 865 1406 914 dem
1423 865 1518 916 Kaisar
1531 867 1684 934 (Romana):

429 947 508 998 hodie
527 948 575 1000 deo
595 950 712 999 actiones
730 955 832 1000 nostras
850 949 991 1000 adiuvante
1011 949 1101 1002 habita
1119 953 1160 998 est
1177 952 1259 1001 sessio
1278 966 1374 1018 magna
1390 951 1491 1003 laetitia
1508 960 1535 1005 at
1555 959 1684 1006 communi

432 1035 545 1086 omnium
564 1034 746 1101 gratulatione.
765 1035 815 1088 Am
828 1038 860 1087 16
872 1035 948 1088 sollte
965 1035 1013 1088 der
1024 1036 1055 1088 B.
1073 1051 1126 1086 voa
1139 1033 1246 1092 celem
1263 1053 1322 1090 aum
1335 1038 1430 1092 Kaisar
1446 1039 1618 1103 auibrcclran,
1635 1041 1684 1091 ihrn

429 1126 493 1172 statt
510 1121 556 1172 dar
574 1121 702 1172 Oratoren
725 1121 833 1171 Bencht
856 1125 981 1172 arstattan
1003 1123 1057 1172 und
1081 1123 1124 1172 die
1141 1124 1256 1174 Decreta
1280 1124 1466 1191 liberbringsn.
1495 1126 1533 1175 Er
1552 1126 1627 1176 hatte
1644 1143 1684 1178 au·

428 1206 514 1274 gleich
531 1223 583 1258 von
603 1207 653 1258 deu
672 1206 829 1259 Cardinllleu
846 1207 956 1257 liiorona
979 1207 1033 1258 und
1050 1209 1212 1275 Lotlrringen
1239 1209 1326 1260 Briaia
1349 1210 1404 1260 und
1427 1211 1555 1278 numaga
1579 1227 1614 1262 an
1636 1213 1682 1264 den

428 1295 522 1345 Kaisar
540 1296 702 1360 ampiangan‚
721 1296 768 1344 mit
785 1293 869 1344 denen
888 1297 946 1345 eine
963 1295 1134 1346 badautsama
1146 1295 1288 1362 Wandung
1305 1297 1456 1363 eingeiaitat
1468 1297 1570 1350 wurde.
1589 1297 1683 1348 Sobald

418 1380 478 1431 der
495 1381 524 1433 C.
542 1395 596 1431 ron
613 1380 774 1446 Lothriugan
797 1379 874 1430 daitir
897 1395 1041 1446 gewonnen
1059 1382 1150 1433 achion
1168 1381 1357 1445 mitauwirkem
1376 1383 1437 1434 dass
1455 1383 1503 1433 dar
1520 1384 1607 1448 Papst
1627 1400 1682 1434 vom

429 1465 521 1518 concil
541 1466 621 1518 arldst
637 1464 732 1526 warda,
758 1466 847 1516 wurde
872 1469 919 1517 mit
936 1466 1005 1517 allen
1023 1468 1127 1518 Mitteln
1143 1468 1268 1519 verancht
1290 1468 1359 1519 auch
1384 1468 1430 1519 des
1448 1470 1558 1520 Kaisars
1577 1471 1683 1522 Zustirn·

426 1569 507 1620 mung
525 1569 557 1604 ιιι
576 1553 701 1604 arhaltan.
719 1553 870 1604 Ferdiuaud
887 1569 941 1604 arar
958 1555 994 1604 im
1015 1553 1072 1604 Juli
1089 1555 1159 1606 noch
1182 1555 1244 1604 weit
1262 1553 1350 1605 daron
1369 1555 1491 1608 entiemt.
1514 1556 1569 1606 Dia
1594 1555 1681 1606 Cuna-

427 1639 504 1690 listen
522 1639 604 1690 aalbst
622 1637 732 1701 (Balnea
749 1641 773 1703 3,
792 1639 853 1705 483)
871 1644 964 1706 sagtsn
982 1639 1050 1690 noch
1068 1639 1128 1690 dass
1147 1656 1176 1690 ar
1193 1641 1239 1690 mit
1257 1642 1355 1691 seinana
1373 1639 1466 1691 Neffan
1486 1643 1560 1692 aium
1576 1642 1681 1692 Willans

426 1725 465 1776 aei
483 1725 531 1776 das
549 1725 641 1777 (leucii
658 1726 684 1776 in
703 1724 746 1775 dia
764 1725 855 1792 bruge
872 1739 905 1775 ιιι
924 1725 1008 1779 aiehn.
1026 1725 1144 1777 Dashalb
1163 1725 1218 1792 galt
1237 1741 1265 1776 aa
1283 1726 1411 1778 aunachst
1422 1726 1464 1777 dia
1477 1727 1613 1778 swischeu
1625 1727 1680 1778 Fer·

426 1809 523 1863 dinand
540 1811 594 1862 und
611 1809 715 1878 Philipp
734 1811 912 1862 bestehcudeu
930 1811 1097 1862 Differansen
1116 1813 1218 1878 grisser
1230 1827 1262 1862 ιιι
1275 1813 1386 1863 macheu
1398 1813 1463 1862 oder
1474 1812 1547 1864 doch
1559 1813 1680 1864 scheinen

425 1913 458 1950 au
480 1899 567 1950 lescen
589 1898 644 1949 und
666 1899 846 1950 ausnubeuten
867 1899 921 1949 und
943 1899 1100 1949 andrarseits
1124 1899 1175 1950 dan
1198 1899 1293 1950 Kaisar
1315 1899 1398 1950 durch
1415 1899 1631 1966 Verbeissnagen
1652 1915 1679 1950 m

426 1984 577 2038 iiberliatan.
595 1985 660 2036 Was
676 1987 704 2034 in
722 1985 768 2036 der
785 1984 940 2050 Besielrnng
956 1985 984 2034 in
1002 1985 1106 2050 obicem
1124 1985 1211 2036 Briaie
1229 1985 1293 2050 (von
1310 1983 1378 2036 Pali.
1395 1985 1446 2036 8³2
1464 1985 1609 2038 mochimi
1627 2001 1678 2036 aun

426 2073 459 2122 10
475 2071 531 2124 Juli
549 2071 659 2139 ganamt)
677 2087 726 2122 nur
743 2071 901 2138 angadeutet
918 2072 961 2134 ist,
980 2070 1043 2136 geht
1060 2070 1119 2122 klar
1142 2086 1190 2124 aus
1213 2069 1350 2138 iolgaudar
1366 2071 1572 2140 Auiaeichnung
1588 2074 1618 2122 in
1634 2071 1677 2122 den

429 2157 599 2209 Concilacten
616 2173 677 2208 vom
694 2160 726 2208 26
743 2157 799 2208 Juli
817 2157 923 2208 hervor:

494 2259 668 2312 summanum
686 2275 775 2312 eorum
793 2275 861 2326 quaa
880 2261 1017 2326 episcopus
1035 2258 1225 2312 Chanadiensis
1243 2262 1379 2326 proposuit
1396 2259 1423 2314 S.
1443 2260 1472 2316 C.
1491 2259 1538 2311 ii*¹
1558 2264 1586 2311 et
1604 2261 1675 2310 Sar¹⁰

426 2347 482 2414 regi
499 2347 675 2400 Romanorum
692 2348 796 2398 nomine
814 2345 863 2396 ΒΝ
880 2345 914 2398 D.
933 2347 1045 2398 Moroni.
1217 2347 1318 2399 Sermm
1340 2347 1529 2414 Hispaniarum
1548 2365 1635 2415 regem
1652 2347 1674 2398 id

423 2449 503 2485 unum
521 2449 607 2501 agera,
626 2439 656 2484 ut
673 2433 812 2486 concilium
829 2435 857 2484 in
875 2433 1054 2500 longissimum
1072 2439 1176 2500 tempus
1199 2435 1368 2502 protrahatur
1390 2450 1475 2501 nequa
1498 2439 1591 2485 tamen
1608 2435 1672 2500 quid·

423 2535 501 2588 qum
520 2521 599 2572 etiam
617 2520 650 2570 de
667 2521 700 2570 iis
717 2533 784 2586 quaa
802 2521 908 2585 positivi
926 2521 989 2570 iuris
1006 2525 1068 2570 sunt
1083 2522 1243 2575 immutetur.
1270 2537 1302 2570 er
1325 2521 1409 2572 altera
1431 2535 1494 2572 varo
1514 2527 1593 2588 parte
1609 2537 1668 2572 sun·
1729 2573 1730 2588 χ

422 2621 492 2659 mum
509 2606 660 2673 pontificem
678 2607 705 2658 id
724 2607 792 2658 velle
810 2611 840 2658 ut
857 2605 999 2658 concilium
1017 2607 1101 2672 ipsum
1120 2623 1198 2673 quarn
1217 2608 1341 2660 citissime
1360 2608 1523 2674 absolvatur,
1540 2625 1595 2662 noa
1612 2611 1670 2660 anim
1729 2597 1730 2638 l

422 2697 511 2744 tantos
528 2699 646 2760 sumptus
673 2694 770 2744 diutim
794 2693 862 2744 farra
885 2697 979 2758 potest.
1008 2693 1077 2744 idem
1102 2710 1198 2760 cupere
1222 2700 1302 2762 atque
1326 2696 1405 2746 etiam
1430 2698 1521 2748 conari
1545 2695 1625 2748 Italos
1646 2697 1668 2744 at

424 2779 515 2833 Gallos
533 2781 671 2847 episcopos
689 2795 774 2846 nequa
799 2794 843 2830 eos
866 2779 977 2845 amplius
1001 2784 1053 2829 tam
1078 2779 1227 2830 diuturnam
1251 2796 1351 2832 moram
1368 2782 1424 2846 pati
1440 2797 1530 2849 posse.
1557 2782 1669 2832 retorna·

425 2868 522 2918 tionem
546 2867 638 2932 paucis
660 2871 720 2932 post
742 2867 885 2917 sessionem
908 2865 1002 2916 diebus
1024 2867 1169 2916 interiectis
1191 2866 1379 2917 instituendam
1403 2883 1474 2932 asse,
1499 2884 1570 2936 qnae
1593 2873 1667 2918 mnan

424 2952 552 3004 eiusmodi
569 2954 603 3003 sit
619 2952 707 3003 futura
724 2956 754 3002 ut
772 2966 804 3002 aa
820 2955 922 3001 tantum
941 2951 1099 3018 complantat
1121 2965 1189 3018 quaa
1207 2953 1352 3019 generatim
1376 2955 1433 3004 sine
1457 2953 1512 3006 ullo
1533 2954 1667 3006 discr-inim

421 3038 456 3090 ad
475 3053 566 3091 omnes
582 3039 730 3104 provincias
746 3039 902 3103 pertineant
929 3051 989 3088 nam
1008 3053 1076 3104 quae
1099 3038 1276 3103 particulatim
1301 3039 1462 3106 singularum
1484 3042 1666 3106 pmvinaiamm
1728 3043 1729 3048 ’

419 3125 630 3178 reformationem
648 3125 786 3190 atu'ngunt,
806 3139 839 3176 aa
855 3124 882 3174 in
900 3125 1013 3176 concilio
1031 3124 1135 3176 absolvi
1152 3141 1304 3191 scuposas,
1322 3131 1377 3178 turn
1396 3127 1467 3193 quod
1478 3143 1564 3194 propa
1579 3125 1665 3176 infinita

421 3227 479 3264 ease
496 3211 643 3276 rideantur,
660 3215 716 3262 tum
733 3209 805 3277 quod
824 3211 944 3262 diversae
963 3215 989 3262 et
1006 3211 1075 3262 inter
1092 3226 1121 3261 se
1138 3216 1287 3278 pugnantes
1304 3217 1392 3264 assent
1409 3218 1513 3280 patrum
1532 3212 1665 3264 santana'ae

421 3303 447 3348 at
464 3298 498 3349 ab
516 3297 640 3365 Hispania
659 3298 788 3363 episcopis
806 3296 871 3346 nihil
889 3298 1022 3362 impetrari
1040 3302 1138 3362 posset.
1157 3311 1238 3363 quare
1257 3296 1283 3350 S.
1304 3297 1334 3349 (l.
1352 3295 1397 3348 Μιι
1410 3305 1564 3350 reverenter
1574 3315 1602 3349 se
1613 3313 1663 3347 con-

418 3383 512 3448 sulare‚
533 3384 655 3450 dignetur
672 3382 742 3449 apud
760 3384 893 3448 patrosin
912 3383 1025 3434 concilio
1038 3399 1086 3450 par
1103 3388 1221 3435 oratores
1239 3399 1301 3435 auos
1319 3385 1470 3448 instarent,
1489 3385 1612 3436 absoluta
1621 3385 1663 3432 ista

420 3483 497 3537 quarn
516 3469 580 3521 dicit
597 3469 714 3536 generali
732 3471 924 3530 reformatione,
944 3468 976 3520 da
994 3471 1026 3519 iis
1044 3470 1164 3521 omnibus
1176 3485 1244 3535 qnae
1261 3469 1383 3536 privatim
1400 3469 1435 3521 ad
1452 3470 1530 3521 huius
1548 3470 1590 3522 val
1605 3469 1662 3519 illius

419 3558 570 3622 provinciae
594 3557 732 3607 utilitatem
756 3561 876 3622 spectare
894 3557 952 3607 visa
969 3555 1077 3616 luerint,
1101 3556 1135 3606 ad
1158 3571 1285 3606 summum
1309 3555 1459 3621 pontificem
1483 3557 1619 3618 referatur,
1640 3559 1662 3602 ut

416 3641 516 3694 iacmm
534 3643 582 3693 init
600 3642 634 3695 de
653 3643 744 3694 calicis
760 3644 944 3708 permissione;
962 3643 1000 3694 ita
1018 3647 1104 3692 tamm
1124 3647 1153 3692 ut
1172 3643 1228 3692 eine
1246 3640 1296 3692 ΒΨ
1314 3642 1417 3708 aliquos
1434 3643 1492 3708 pios
1511 3648 1541 3694 at
1557 3641 1661 3694 mmm·

417 3745 468 3780 uae
485 3729 619 3798 religionis
635 3729 767 3780 studiosos
785 3727 997 3792 archiepiscopos
1015 3727 1058 3778 rel
1077 3729 1214 3794 episcopos
1233 3728 1414 3794 designatam
1433 3743 1450 3780 a
1468 3727 1493 3782 S.
1515 3728 1545 3779 C.
1556 3729 1602 3780 Ma
1624 3741 1660 3776 no·

418 3817 530 3868 minatos
547 3815 670 3866 admittat
688 3820 715 3865 at
732 3829 806 3865 sacro
825 3814 988 3880 approbante
1008 3813 1121 3864 concilio
1140 3829 1197 3864 cam
1216 3811 1268 3866 illis
1286 3814 1441 3864 facultatem
1458 3816 1566 3880 tribuat,
1583 3817 1610 3864 ut
1620 3811 1659 3877 ipsi

417 3906 444 3952 et
461 3901 571 3952 calicem
590 3905 617 3951 ct
635 3899 687 3952 alia
705 3901 792 3952 omnia
810 3914 878 3966 quae
895 3899 1001 3964 positivi
1019 3899 1081 3948 iuris
1099 3901 1150 3948 sint
1168 3899 1202 3949 ad
1220 3900 1414 3965 provinciarum
1431 3899 1572 3952 utilitatem
1589 3905 1657 3950 atne·

416 3989 565 4039 cessitatem
584 3985 729 4038 concedere
747 3987 848 4052 possint
866 3991 893 4036 et
910 3985 943 4034 de
961 3987 993 4035 iis
1011 3985 1131 4037 omnibus
1148 3987 1222 4035 iuxta
1240 4001 1313 4036 snam
1333 3989 1521 4037 conscientiam
1540 4002 1597 4037 cum
1613 3983 1656 4033 ori·
1726 4001 1727 4024 ι

414 4076 464 4126 bus
482 4076 536 4125 suis
555 4075 706 4140 dispensare
723 4072 838 4125 valeant.
856 4077 887 4122 ut
904 4077 992 4123 autem
1010 4070 1036 4122 S.
1057 4071 1116 4121 Meu
1135 4071 1163 4122 C.
1183 4085 1277 4122 secura
1294 4073 1335 4131 ait,
1362 4087 1439 4137 possa
1457 4071 1545 4123 adhuc
1562 4073 1654 4123 durante

417 4161 528 4214 concilio
547 4160 624 4212 huius
642 4161 679 4210 rei
692 4158 835 4225 periculum
852 4157 917 4220 fieri,
934 4173 1020 4224 neque
1038 4157 1147 4208 dubium
1166 4173 1224 4208 ease
1243 4160 1304 4224 quin
1323 4158 1351 4208 id
1368 4163 1395 4210 et
1413 4157 1555 4210 concillum
1567 4163 1654 4210 etrum

413 4263 474 4300 mus
488 4246 605 4313 pontifex
624 4245 702 4298 facile
720 4245 877 4310 probaturus
895 4245 942 4308 sit3
960 4245 1002 4294 siu
1019 4259 1090 4306 vero,
1109 4249 1164 4294 tum
1183 4246 1271 4295 omnia
1287 4245 1390 4310 integra
1407 4245 1496 4299 futura
1515 4250 1542 4296 et
1559 4245 1618 4294 Men
1632 4240 1651 4290 S.

414 4333 443 4384 (l.
461 4348 508 4384 sua
525 4332 665 4400 postulata,
683 4333 705 4382 si
725 4347 792 4398 qnae
810 4332 921 4397 proponi
939 4329 1019 4394 volat,
1038 4331 1094 4380 sina
1112 4330 1298 4395 impedimento
1315 4333 1438 4398 prosequi
1456 4331 1564 4382 ulterius
1581 4341 1650 4396 possa
1725 4391 1726 4394 Ἴ

417 4435 474 4470 assa
493 4425 580 4469 tamen
617 4421 716 4469 certum
734 4416 799 4468 nihil
817 4415 945 4466 eiusmodi
964 4431 1037 4466 suam
1056 4415 1124 4466 Mrem
1136 4415 1165 4466 C.
1183 4431 1201 4466 a
1214 4416 1327 4466 concilio
1340 4417 1481 4482 impetrare
1492 4433 1576 4483 posse,
1591 4428 1648 4481 prae
1725 4421 1726 4452 l

413 4505 500 4554 sertim
518 4505 642 4569 Hispanis
653 4501 787 4553 atmaicra
804 4507 878 4567 parta
896 4501 1021 4551 italorum
1040 4503 1222 4567 episcopomm
1240 4501 1382 4564 renitants;
1401 4501 1499 4553 indicio
1518 4517 1574 4554 asae
1589 4511 1648 4566 pout

413 4590 458 4641 vel
476 4589 586 4640 calicem
604 4605 688 4655 nuper
705 4587 871 4652 denegatum.
890 4586 1001 4653 quodsi
1019 4593 1106 4640 autem
1124 4589 1254 4654 repulsam
1271 4590 1298 4640 in
1317 4589 1429 4642 concilio
1447 4591 1569 4654 patiatur,
1582 4588 1646 4652 ipsun

412 4691 515 4742 quoque
533 4691 661 4726 summum
679 4673 830 4739 pontificem
849 4689 880 4723 ao
899 4689 962 4723 casn
975 4673 1150 4724 difficiliorem
1161 4676 1189 4724 in
1203 4673 1376 4725 concedendo
1389 4674 1512 4725 futurum.
1531 4677 1557 4726 in
1567 4681 1646 4724 summ

410 4761 646 4828 quomodocunque
663 4773 705 4810 res
723 4760 815 4821 cadat,
838 4759 895 4809 fieri
919 4761 971 4810 ianr
994 4775 1048 4810 non
1070 4775 1148 4825 posse
1171 4764 1201 4810 ut
1224 4760 1365 4810 concilium
1386 4761 1414 4810 in
1437 4761 1543 4827 longum
1564 4765 1645 4820 tempi!

408 4848 577 4914 producatur,
597 4873 630 4888 ···
647 4847 713 4898 ὢν
729 4846 834 4897 werden
853 4845 900 4896 die
914 4845 1024 4912 Epaaier
1045 4846 1082 4897 im
1105 4846 1287 4913 Aligemainen
1311 4845 1358 4897 der
1380 4845 1591 4913 Versclslappnng
1603 4836 1643 4890 uni

408 4933 672 5002 Unuaehffisbiglaait
684 4931 860 4998 pascheium
879 4931 948 4984 Bald
967 4932 1062 4992 (lusui
1077 4933 1184 4986 wutdan
1202 4933 1392 4984 insbesondere
1411 4949 1496 5000 gagen
1515 4933 1591 4994 Luna
1609 4923 1643 4974 dai

408 5020 465 5074 sich
483 5019 552 5072 doch
571 5021 638 5071 aben
655 5019 723 5072 noch
747 5019 813 5070 nach
838 5021 923 5069 ainem
945 5019 1095 5086 riusspruclr
1122 5019 1169 5070 des
1193 5018 1223 5070 0.
1243 5019 1384 5072 Borromeo
1403 5019 1464 5086 (Ep.
1482 5019 1546 5087 Pop.
1562 5019 1582 5078 3,
1596 5006 1640 5070 till

1721 5457 1724 5652 l
