3468 5820
303 719 513 783 constitutum
547 717 683 784 consilia
711 717 857 785 00010110
886 741 959 784 eum
995 717 1176 807 potioribus
1210 721 1403 810 quibusdam
1437 721 1635 792 Germaniae

304 821 566 908 archiepiscopis,
590 821 669 910 quid
693 831 724 885 rt
748 845 813 909 qua
835 825 960 888 ratione
983 824 1141 890 0001010
1164 826 1326 914 agendum
1354 829 1396 892 sit
1422 827 1463 894 de
1491 826 1555 895 boc
1581 851 1636 893 ne

304 927 399 1012 goeio
422 924 542 1004 calicis,
566 935 714 1012 atquem
738 927 923 1014 quaerimus
947 925 1021 992 inde
1046 927 1187 994 fluctum
1209 929 1270 996 deo
1292 931 1432 1018 propitio
1456 955 1636 1020 cousequa-

303 1051 385 1095 mur.
408 1031 463 1116 qui
486 1029 616 1117 quidem
640 1029 875 1117 archiepiscopi
892 1052 967 1095 cum
982 1030 1067 1097 banc
1081 1031 1124 1097 ob
1139 1055 1270 1098 causam
1283 1033 1418 1101 idoneos
1434 1035 1638 1100 consiliarios

304 1153 381 1198 suos
404 1133 447 1198 ad
468 1155 526 1198 nos
550 1133 679 1198 missuri
702 1135 775 1216 sint,
798 1135 961 1200 voluimus
976 1135 1103 1200 interim
1119 1135 1160 1200 ab
1176 1135 1263 1201 omni
1277 1135 1427 1202 ulteriore
1442 1139 1639 1203 tractatione

304 1237 532 1323 supersedere3
566 1235 709 1324 alioquin
743 1259 812 1302 rem
834 1239 916 1302 tanti
939 1239 1091 1303 momenti
1118 1239 1243 1304 tamdiu
1272 1263 1476 1329 nequaquam
1505 1251 1639 1328 postpo-

306 1344 491 1426 suissemus,
515 1339 601 1428 quod
623 1362 682 1426 pro
694 1349 804 1406 vestra
820 1339 990 1408 dumtaxat
1003 1342 1229 1408 informatione
1243 1343 1416 1412 clementer
1430 1346 1525 1413 vobis
1541 1346 1640 1431 signi·

304 1445 465 1513 licendum
487 1445 712 1510 duximus...

889 1847 1071 1935 oewt

528 2049 1414 2143 mumwmmmmmmw3

785 2221 1057 2288 Trient,81b1ai
1079 2225 1168 2276 15611.

657 2405 795 2461 Romana
824 2403 971 2476 01101001,ο
991 2404 1022 2460 ia
1043 2409 1133 2475 torpe:
1155 2407 1176 2459 4
1197 2401 1278 2460 Just.

409 2587 569 2654 Redditus
592 2585 686 2652 uobis
707 2594 784 2651 sunt
804 2584 875 2650 beri
897 2585 1011 2650 literae
1032 2582 1094 2650 Ma.
1115 2583 1155 2650 V.
1184 2583 1220 2650 S.
1243 2585 1297 2650 die
1324 2585 1366 2651 28
1395 2584 1491 2652 buius
1520 2591 1643 2654 mensis

308 2692 457 2778 scriptae,
481 2715 523 2756 ex
546 2690 663 2780 quibua
685 2689 848 2756 humiliter
870 2688 1088 2756 intelleximus
1110 2712 1176 2754 non
1199 2709 1271 2756 esse
1292 2691 1514 2757 neceesarium
1536 2702 1575 2758 ut
1590 2715 1641 2759 ex-

307 2805 483 2882 pectemus,
508 2796 587 2884 quid
601 2815 699 2883 porro
722 2805 791 2862 tum
813 2797 847 2860 in
872 2795 910 2860 17
934 2793 1094 2860 abusuum
1117 2794 1287 2881 capitibus,
1309 2803 1379 2860 tum
1399 2797 1434 2860 in
1456 2793 1530 2864 aliis
1546 2796 1641 2862 refor-

309 2904 459 2966 mationis
480 2901 626 2987 negociis
648 2907 708 2966 u'os
730 2899 840 2965 facere
864 2907 1021 2984 oporteat,
1052 2919 1126 2963 cum
1146 2900 1181 2962 in
1202 2899 1350 2986 proxime
1378 2901 1547 2985 praeteriti
1569 2911 1642 2966 tem·

309 3004 398 3092 poris
419 3005 629 3070 instructione
652 3012 685 3069 et
706 2999 927 3089 compluribus
948 2999 1011 3066 Ml·
1030 2999 1073 3068 V.
1096 3001 1129 3067 S.
1153 2999 1253 3068 literis
1276 3000 1405 3068 abunde
1426 3005 1642 3092 perscriptum
1726 3029 1727 3032 ¹

310 3109 352 3174 sit
373 3109 415 3173 ad
437 3129 533 3196 quem
564 3129 699 3194 scopum
727 3115 855 3172 0001100
884 3106 1029 3170 actiones
1059 3105 1199 3192 dirigere
1227 3103 1411 3171 debeamus.
1448 3108 1540 3194 quod
1569 3132 1642 3174 sane

309 3209 402 3276 nobis
417 3233 459 3278 ne
474 3221 571 3277 antea
586 3209 716 3300 quidem
731 3210 930 3296 incognitum
943 3208 1007 3274 fuit
1022 3259 1029 3273 .
1046 3257 1054 3274 .
1071 3257 1079 3272 .
1103 3209 1160 3274 sed
1175 3211 1328 3297 quoniam
1343 3209 1404 3274 M...
1419 3209 1459 3275 V.
1477 3207 1513 3280 S.
1532 3211 1642 3278 literae

312 3315 350 3380 17
374 3315 454 3382 Maii
477 3316 519 3381 ad
540 3337 601 3380 nos
624 3317 765 3402 scriptae
787 3333 879 3401 spem
901 3311 996 3379 nobis
1018 3313 1203 3392 iniecerant,
1227 3313 1295 3379 fore
1317 3321 1353 3377 01
1375 3315 1540 3401 quasti*
1555 3317 1596 3382 V.
1612 3317 1642 3382 S.

311 3443 384 3487 cum
408 3421 474 3486 suis
498 3417 689 3485 consiliariis
713 3427 746 3485 01
767 3416 928 3502 theologis
951 3416 1111 3482 derebus
1134 3415 1178 3481 ad
1199 3415 1437 3484 reformationis
1459 3427 1491 3484 et
1515 3419 1642 3487 concilii

310 3533 413 3591 status
435 3523 573 3609 negocia
594 3522 828 3609 pertinentibus
844 3519 1039 3588 deliberaret
1061 3531 1160 3608 atque
1183 3519 1264 3586 adeo
1286 3519 1503 3604 concluderet,
1528 3545 1569 3589 ea
1591 3545 1642 3588 no

311 3629 361 3696 bis
384 3627 558 3694 clementer
579 3627 902 3708 communicarentnr,
924 3627 1031 3690 visum
1052 3623 1159 3690 fuerat
1180 3622 1274 3690 uobis
1296 3623 1461 3691 humiliter
1481 3625 1536 3692 Ma
1554 3627 1595 3693 V.
1610 3625 1640 3693 S.

310 3739 454 3798 nostram
476 3729 735 3818 expectationem
757 3729 901 3795 indicare
929 3728 1029 3816 idque
1051 3749 1123 3792 eam
1145 3728 1349 3815 potissimum
1372 3729 1413 3796 ob
1437 3751 1581 3815 causam,
1610 3740 1642 3795 ut

311 3837 339 3900 si
362 3834 442 3923 quid
462 3834 505 3900 ad
527 3843 730 3920 praesentem
752 3855 820 3898 rem
842 3833 974 3915 faceret,
998 3829 1163 3896 intellecta
1185 3829 1246 3896 Mu.
1268 3831 1309 3897 V.
1325 3831 1358 3898 S.
1374 3832 1542 3900 voluntate
1559 3837 1592 3900 in
1606 3855 1640 3900 00

311 3937 514 4006 elaboremus
537 3947 573 4004 ut
593 3937 704 4026 aliqua
727 3957 838 4004 eorum
860 3937 943 4001 ratio
966 3935 1150 4000 baberetur.
1173 3957 1261 4002 nunc
1283 3946 1391 4002 autem
1413 3939 1570 4024 quoniam
1580 3939 1641 4003 M*

311 4041 350 4110 V.
374 4042 408 4109 S.
431 4040 509 4110 nibil
533 4065 593 4108 nos
608 4051 737 4129 praeter
759 4063 798 4107 00
821 4063 908 4129 qnae
930 4039 1087 4106 hactenus
1109 4038 1152 4105 ad
1167 4062 1226 4106 nos
1242 4042 1365 4127 scripta
1379 4050 1455 4106 sunt
1470 4052 1639 4129 expectere

310 4146 410 4227 iubet,
434 4169 454 4211 0
475 4147 637 4235 prioribus
660 4143 721 4210 Ma
736 4145 778 4210 V.
793 4143 827 4211 S.
843 4143 1006 4210 mandatis
1029 4165 1095 4210 non
1109 4143 1316 4210 discedemus
1332 4195 1339 4208 .
1356 4195 1363 4208 .
1380 4193 1388 4209 .
1412 4147 1639 4232 scripseramus

310 4251 362 4316 M*
383 4250 424 4318 V.
448 4249 480 4315 S.
504 4252 665 4316 maximae
692 4250 794 4337 partis
817 4271 854 4316 eo
885 4247 1041 4314 inclinare
1063 4250 1238 4313 sententias
1265 4257 1303 4313 ut
1330 4247 1439 4336 priora
1461 4247 1518 4313 illa
1540 4249 1639 4335 capita

312 4353 352 4420 de
375 4355 601 4441 episcoporum
625 4353 782 4420 electione
804 4352 1001 4436 tollerentur,
1024 4351 1078 4417 vel
1101 4350 1143 4417 ob
1166 4375 1238 4417 eam
1254 4373 1386 4417 causam
1402 4349 1490 4440 quod
1505 4351 1587 4418 haec
1601 4349 1637 4414 ad

312 4457 462 4524 ellectum
485 4457 602 4524 deduci
625 4457 687 4524 hoc
709 4467 854 4544 tempore
876 4479 942 4523 non
964 4465 1105 4544 possent.
1129 4455 1213 4521 idem
1236 4465 1352 4542 postea
1374 4457 1475 4521 secuti
1491 4466 1567 4521 sunt
1587 4453 1634 4519 alil

313 4583 442 4649 quoque
464 4563 610 4650 episcopi
631 4570 761 4649 praeter
783 4559 897 4628 Gallos
919 4559 1037 4647 quibus
1060 4567 1100 4625 ea
1119 4557 1298 4646 probantur
1329 4558 1392 4624 boo
1415 4559 1513 4625 etiam
1535 4555 1637 4624 addito

312 4672 349 4730 ut
369 4667 552 4752 principum
575 4663 789 4730 saecularium
810 4664 1046 4730 nominationes
1068 4671 1101 4727 et
1121 4661 1399 4747 praesentationes
1421 4661 1558 4749 posthac
1578 4681 1635 4725 non

314 4767 532 4852 admittantur,
556 4765 614 4833 sed
636 4767 698 4832 hac
719 4765 849 4853 quidem
872 4767 906 4830 in
928 4789 963 4832 10
991 4765 1178 4852 pancissimi
1207 4774 1282 4857 sunt
1313 4763 1450 4830 aliarum
1479 4766 1633 4831 nationum

314 4873 457 4960 episcopi
479 4873 535 4959 qui
557 4893 631 4936 cum
654 4869 757 4935 Gadis
780 4869 911 4935 iaciant.

415 4976 488 5040 ΒΝ·
510 4973 552 5038 Ι).
576 4973 749 5040 cardinalis
774 4975 926 5039 bleranus
949 4997 968 5038 a
1000 4995 1064 5062 quo
1093 4983 1237 5059 tempore
1265 4996 1287 5039 a
1314 4970 1369 5037 M·
1397 4972 1438 5038 V.
1462 4971 1629 5037 00110

313 5077 422 5162 rediit,
450 5076 549 5144 semel
570 5083 695 5142 tautum
722 5079 759 5143 in
788 5075 954 5164 publicam
981 5078 1268 5165 congregationem
1295 5077 1386 5142 venit
1411 5076 1511 5164 idque
1532 5077 1564 5142 in
1583 5069 1629 5136 ad·
