<?xml version="1.0" encoding="UTF-8"?>
<!DOCTYPE html PUBLIC "-//W3C//DTD XHTML 1.0 Transitional//EN"
    "http://www.w3.org/TR/xhtml1/DTD/xhtml1-transitional.dtd">
<html xmlns="http://www.w3.org/1999/xhtml" xml:lang="en" lang="en">
 <head>
  <title>
</title>
<meta http-equiv="Content-Type" content="text/html;charset=utf-8" />
  <meta name='ocr-system' content='tesseract 3.04.00' />
  <meta name='ocr-capabilities' content='ocr_page ocr_carea ocr_par ocr_line ocrx_word'/>
</head>
<body>
  <div class='ocr_page' id='page_1' title='image "./zurgeschichtede00unkngoog/zurgeschichtede00unkngoog_0392.png"; bbox 0 0 3460 5826; ppageno 0'>
   <div class='ocr_carea' id='block_1_1' title="bbox 1306 489 1367 558">
    <p class='ocr_par' dir='ltr' id='par_1_1' title="bbox 1306 489 1367 558">
     <span class='ocr_line' id='line_1_1' title="bbox 1306 489 1367 558; baseline -0.016 0"><span class='ocrx_word' id='word_1_1' title='bbox 1306 489 1367 558; x_wconf 81' lang='lat' dir='ltr'><strong>stt</strong></span> 
     </span>
    </p>
   </div>
   <div class='ocr_carea' id='block_1_2' title="bbox 115 679 1369 838">
    <p class='ocr_par' dir='ltr' id='par_1_2' title="bbox 115 679 1369 838">
     <span class='ocr_line' id='line_1_2' title="bbox 119 679 1369 752; baseline -0.002 -16"><span class='ocrx_word' id='word_1_2' title='bbox 119 690 223 752; x_wconf 84' lang='lat' dir='ltr'><strong>tuppsn</strong></span> <span class='ocrx_word' id='word_1_3' title='bbox 238 685 266 736; x_wconf 88' lang='lat' dir='ltr'><strong>in</strong></span> <span class='ocrx_word' id='word_1_4' title='bbox 278 683 383 751; x_wconf 86' lang='lat' dir='ltr'><strong>Dieppe</strong></span> <span class='ocrx_word' id='word_1_5' title='bbox 399 681 470 736; x_wconf 83' lang='lat' dir='ltr'><strong>habe</strong></span> <span class='ocrx_word' id='word_1_6' title='bbox 486 681 583 735; x_wconf 83' lang='lat' dir='ltr'><strong>landon</strong></span> <span class='ocrx_word' id='word_1_7' title='bbox 601 679 690 734; x_wconf 86' lang='lat' dir='ltr'><strong>lasseu</strong></span> <span class='ocrx_word' id='word_1_8' title='bbox 708 681 772 750; x_wconf 81' lang='lat' dir='ltr'><strong>(rgl.</strong></span> <span class='ocrx_word' id='word_1_9' title='bbox 785 679 946 734; x_wconf 81' lang='lat' dir='ltr'><strong>Kluclrbolrn</strong></span> <span class='ocrx_word' id='word_1_10' title='bbox 963 683 1026 733; x_wconf 82' lang='lat' dir='ltr'><strong>sta.</strong></span> <span class='ocrx_word' id='word_1_11' title='bbox 1036 679 1106 746; x_wconf 77' lang='lat'><strong>836),</strong></span> <span class='ocrx_word' id='word_1_12' title='bbox 1123 681 1287 734; x_wconf 78' lang='lat' dir='ltr'><strong>vermntbete</strong></span> <span class='ocrx_word' id='word_1_13' title='bbox 1298 681 1369 734; x_wconf 76' lang='lat' dir='ltr'><strong>Areo</strong></span> 
     </span>
     <span class='ocr_line' id='line_1_3' title="bbox 115 766 1368 838; baseline -0.004 -15"><span class='ocrx_word' id='word_1_14' title='bbox 115 773 155 837; x_wconf 78' lang='lat'><strong>(19</strong></span> <span class='ocrx_word' id='word_1_15' title='bbox 171 771 253 838; x_wconf 77' lang='lat' dir='ltr'><strong>Sept.)</strong></span> <span class='ocrx_word' id='word_1_16' title='bbox 276 771 338 823; x_wconf 87' lang='lat' dir='ltr'><strong>dass</strong></span> <span class='ocrx_word' id='word_1_17' title='bbox 356 771 403 823; x_wconf 86' lang='lat' dir='ltr'><strong>der</strong></span> <span class='ocrx_word' id='word_1_18' title='bbox 419 771 502 838; x_wconf 76' lang='lat' dir='ltr'><strong>l’apst</strong></span> <span class='ocrx_word' id='word_1_19' title='bbox 525 769 609 822; x_wconf 85' lang='lat' dir='ltr'><strong>durch</strong></span> <span class='ocrx_word' id='word_1_20' title='bbox 626 768 804 838; x_wconf 82' lang='lat' dir='ltr'><strong>Verbreltong</strong></span> <span class='ocrx_word' id='word_1_21' title='bbox 825 769 931 822; x_wconf 88' lang='lat' dir='ltr'><strong>solcber</strong></span> <span class='ocrx_word' id='word_1_22' title='bbox 947 767 1128 822; x_wconf 75' lang='lat' dir='ltr'><strong>lischrichten</strong></span> <span class='ocrx_word' id='word_1_23' title='bbox 1151 767 1199 820; x_wconf 88' lang='lat' dir='ltr'><strong>das</strong></span> <span class='ocrx_word' id='word_1_24' title='bbox 1223 766 1317 820; x_wconf 77' lang='lat' dir='ltr'><strong>concil</strong></span> <span class='ocrx_word' id='word_1_25' title='bbox 1334 783 1368 819; x_wconf 83' lang='lat' dir='ltr'><strong>su</strong></span> 
     </span>
    </p>
   </div>
   <div class='ocr_carea' id='block_1_3' title="bbox 117 857 400 926">
    <p class='ocr_par' dir='ltr' id='par_1_3' title="bbox 117 857 400 926">
     <span class='ocr_line' id='line_1_4' title="bbox 117 857 400 926; baseline 0.004 -17"><span class='ocrx_word' id='word_1_26' title='bbox 117 873 240 926; x_wconf 86' lang='lat' dir='ltr'><strong>sprsngen</strong></span> <span class='ocrx_word' id='word_1_27' title='bbox 260 857 400 911; x_wconf 70' lang='lat' dir='ltr'><strong>sefluche.</strong></span> 
     </span>
    </p>
   </div>
   <div class='ocr_carea' id='block_1_4' title="bbox 117 1111 1303 1186">
    <p class='ocr_par' dir='ltr' id='par_1_4' title="bbox 117 1111 1303 1186">
     <span class='ocr_line' id='line_1_5' title="bbox 117 1111 1303 1186; baseline 0 -18"><span class='ocrx_word' id='word_1_28' title='bbox 117 1115 246 1185; x_wconf 67' lang='grc' dir='ltr'><strong>Βοήῃω</strong></span> <span class='ocrx_word' id='word_1_29' title='bbox 267 1117 303 1168; x_wconf 84' lang='lat' dir='ltr'><strong>ab</strong></span> <span class='ocrx_word' id='word_1_30' title='bbox 321 1121 425 1170; x_wconf 85' lang='lat' dir='ltr'><strong>oratore</strong></span> <span class='ocrx_word' id='word_1_31' title='bbox 442 1114 514 1170; x_wconf 60' lang='lat' dir='ltr'><strong>Qu</strong></span> <span class='ocrx_word' id='word_1_32' title='bbox 538 1118 609 1186; x_wconf 87' lang='lat' dir='ltr'><strong>regis</strong></span> <span class='ocrx_word' id='word_1_33' title='bbox 625 1131 712 1184; x_wconf 84' lang='lat' dir='ltr'><strong>papae</strong></span> <span class='ocrx_word' id='word_1_34' title='bbox 731 1123 758 1170; x_wconf 88' lang='lat' dir='ltr'><strong>et</strong></span> <span class='ocrx_word' id='word_1_35' title='bbox 775 1115 932 1185; x_wconf 85' lang='lat' dir='ltr'><strong>quibusdam</strong></span> <span class='ocrx_word' id='word_1_36' title='bbox 950 1113 1127 1167; x_wconf 84' lang='lat' dir='ltr'><strong>cardinalibus</strong></span> <span class='ocrx_word' id='word_1_37' title='bbox 1150 1111 1303 1168; x_wconf 83' lang='lat' dir='ltr'><strong>exhibitum.</strong></span> 
     </span>
    </p>
   </div>
   <div class='ocr_carea' id='block_1_5' title="bbox 178 1252 1372 1324">
    <p class='ocr_par' dir='ltr' id='par_1_5' title="bbox 178 1252 1372 1324">
     <span class='ocr_line' id='line_1_6' title="bbox 178 1252 1372 1324; baseline -0.005 -16"><span class='ocrx_word' id='word_1_38' title='bbox 178 1254 285 1318; x_wconf 78' lang='lat' dir='ltr'><strong>Quanta</strong></span> <span class='ocrx_word' id='word_1_39' title='bbox 301 1260 422 1324; x_wconf 81' lang='lat' dir='ltr'><strong>oporteat</strong></span> <span class='ocrx_word' id='word_1_40' title='bbox 437 1257 477 1308; x_wconf 92' lang='lat' dir='ltr'><strong>nti</strong></span> <span class='ocrx_word' id='word_1_41' title='bbox 494 1255 674 1308; x_wconf 67' lang='lat' dir='ltr'><strong>moderatione</strong></span> <span class='ocrx_word' id='word_1_42' title='bbox 692 1257 720 1308; x_wconf 90' lang='lat' dir='ltr'><strong>in</strong></span> <span class='ocrx_word' id='word_1_43' title='bbox 737 1252 909 1308; x_wconf 86' lang='lat' dir='ltr'><strong>concedendo</strong></span> <span class='ocrx_word' id='word_1_44' title='bbox 928 1252 1020 1306; x_wconf 86' lang='lat' dir='ltr'><strong>calicis</strong></span> <span class='ocrx_word' id='word_1_45' title='bbox 1036 1269 1094 1318; x_wconf 88' lang='lat' dir='ltr'><strong>usu,</strong></span> <span class='ocrx_word' id='word_1_46' title='bbox 1111 1257 1142 1304; x_wconf 91' lang='lat' dir='ltr'><strong>nt</strong></span> <span class='ocrx_word' id='word_1_47' title='bbox 1154 1252 1269 1304; x_wconf 73' lang='lat' dir='ltr'><strong>caesana</strong></span> <span class='ocrx_word' id='word_1_48' title='bbox 1282 1254 1372 1304; x_wconf 84' lang='lat' dir='ltr'><strong>orator</strong></span> 
     </span>
    </p>
   </div>
   <div class='ocr_carea' id='block_1_6' title="bbox 28 1337 1373 1408">
    <p class='ocr_par' dir='ltr' id='par_1_6' title="bbox 28 1337 1373 1408">
     <span class='ocr_line' id='line_1_7' title="bbox 28 1337 1373 1408; baseline -0.002 -17"><span class='ocrx_word' id='word_1_49' title='bbox 28 1379 29 1402; x_wconf 77' lang='lat'><strong>,</strong></span> <span class='ocrx_word' id='word_1_50' title='bbox 115 1341 205 1392; x_wconf 87' lang='lat' dir='ltr'><strong>obnixe</strong></span> <span class='ocrx_word' id='word_1_51' title='bbox 232 1343 307 1408; x_wconf 72' lang='lat' dir='ltr'><strong>petit</strong></span> <span class='ocrx_word' id='word_1_52' title='bbox 337 1342 465 1395; x_wconf 89' lang='lat' dir='ltr'><strong>subiectis</strong></span> <span class='ocrx_word' id='word_1_53' title='bbox 491 1343 637 1394; x_wconf 87' lang='lat' dir='ltr'><strong>rationibus</strong></span> <span class='ocrx_word' id='word_1_54' title='bbox 665 1341 770 1392; x_wconf 86' lang='lat' dir='ltr'><strong>videtur</strong></span> <span class='ocrx_word' id='word_1_55' title='bbox 796 1339 909 1404; x_wconf 83' lang='lat' dir='ltr'><strong>ostendi,</strong></span> <span class='ocrx_word' id='word_1_56' title='bbox 935 1353 1003 1406; x_wconf 91' lang='lat' dir='ltr'><strong>quae</strong></span> <span class='ocrx_word' id='word_1_57' title='bbox 1030 1338 1175 1392; x_wconf 75' lang='lat' dir='ltr'><strong>scath⁸··</strong></span> <span class='ocrx_word' id='word_1_58' title='bbox 1196 1337 1251 1389; x_wconf 59' lang='lat' dir='ltr'><strong>Mi·</strong></span> <span class='ocrx_word' id='word_1_59' title='bbox 1269 1341 1373 1390; x_wconf 91' lang='lat' dir='ltr'><strong>oratore</strong></span> 
     </span>
    </p>
   </div>
   <div class='ocr_carea' id='block_1_7' title="bbox 114 1423 1392 5200">
    <p class='ocr_par' dir='ltr' id='par_1_7' title="bbox 114 1423 1382 2769">
     <span class='ocr_line' id='line_1_8' title="bbox 114 1423 1374 1496; baseline -0.002 -19"><span class='ocrx_word' id='word_1_60' title='bbox 114 1425 161 1477; x_wconf 77' lang='lat'><strong>8¹²⁹</strong></span> <span class='ocrx_word' id='word_1_61' title='bbox 179 1427 215 1480; x_wconf 92' lang='lat' dir='ltr'><strong>D.</strong></span> <span class='ocrx_word' id='word_1_62' title='bbox 234 1427 266 1478; x_wconf 82' lang='lat' dir='ltr'><strong>N.</strong></span> <span class='ocrx_word' id='word_1_63' title='bbox 284 1427 333 1480; x_wconf 90' lang='lat' dir='ltr'><strong>Pio</strong></span> <span class='ocrx_word' id='word_1_64' title='bbox 352 1427 390 1478; x_wconf 90' lang='lat' dir='ltr'><strong>1v</strong></span> <span class='ocrx_word' id='word_1_65' title='bbox 407 1434 595 1496; x_wconf 88' lang='lat' dir='ltr'><strong>proponuntur,</strong></span> <span class='ocrx_word' id='word_1_66' title='bbox 620 1433 650 1480; x_wconf 92' lang='lat' dir='ltr'><strong>ut</strong></span> <span class='ocrx_word' id='word_1_67' title='bbox 668 1429 725 1480; x_wconf 87' lang='lat' dir='ltr'><strong>eius</strong></span> <span class='ocrx_word' id='word_1_68' title='bbox 743 1426 869 1493; x_wconf 84' lang='lat' dir='ltr'><strong>singulari</strong></span> <span class='ocrx_word' id='word_1_69' title='bbox 892 1426 1060 1493; x_wconf 87' lang='lat' dir='ltr'><strong>providentia</strong></span> <span class='ocrx_word' id='word_1_70' title='bbox 1076 1430 1239 1494; x_wconf 85' lang='lat' dir='ltr'><strong>paternaque</strong></span> <span class='ocrx_word' id='word_1_71' title='bbox 1256 1423 1374 1476; x_wconf 90' lang='lat' dir='ltr'><strong>solicitu-</strong></span> 
     </span>
     <span class='ocr_line' id='line_1_9' title="bbox 116 1510 1374 1582; baseline -0.002 -19"><span class='ocrx_word' id='word_1_72' title='bbox 116 1512 173 1564; x_wconf 90' lang='lat' dir='ltr'><strong>dine</strong></span> <span class='ocrx_word' id='word_1_73' title='bbox 190 1513 394 1582; x_wconf 75' lang='lat' dir='ltr'><strong>perpendantur.</strong></span> <span class='ocrx_word' id='word_1_74' title='bbox 418 1514 446 1565; x_wconf 94' lang='lat' dir='ltr'><strong>id</strong></span> <span class='ocrx_word' id='word_1_75' title='bbox 463 1516 575 1582; x_wconf 86' lang='lat' dir='ltr'><strong>primum</strong></span> <span class='ocrx_word' id='word_1_76' title='bbox 593 1515 714 1568; x_wconf 85' lang='lat' dir='ltr'><strong>omuibus</strong></span> <span class='ocrx_word' id='word_1_77' title='bbox 733 1515 977 1566; x_wconf 86' lang='lat' dir='ltr'><strong>constitutissimum</strong></span> <span class='ocrx_word' id='word_1_78' title='bbox 995 1528 1054 1564; x_wconf 88' lang='lat' dir='ltr'><strong>esse</strong></span> <span class='ocrx_word' id='word_1_79' title='bbox 1073 1513 1145 1579; x_wconf 92' lang='lat' dir='ltr'><strong>cupit</strong></span> <span class='ocrx_word' id='word_1_80' title='bbox 1162 1527 1191 1564; x_wconf 89' lang='lat' dir='ltr'><strong>ss</strong></span> <span class='ocrx_word' id='word_1_81' title='bbox 1213 1513 1242 1562; x_wconf 94' lang='lat' dir='ltr'><strong>in</strong></span> <span class='ocrx_word' id='word_1_82' title='bbox 1259 1510 1311 1562; x_wconf 87' lang='lat' dir='ltr'><strong>hoo</strong></span> <span class='ocrx_word' id='word_1_83' title='bbox 1328 1522 1374 1562; x_wconf 87' lang='lat' dir='ltr'><strong>ne-</strong></span> 
     </span>
     <span class='ocr_line' id='line_1_10' title="bbox 114 1596 1375 1668; baseline -0.002 -19"><span class='ocrx_word' id='word_1_84' title='bbox 114 1601 198 1665; x_wconf 91' lang='lat' dir='ltr'><strong>gocio,</strong></span> <span class='ocrx_word' id='word_1_85' title='bbox 215 1599 263 1650; x_wconf 90' lang='lat' dir='ltr'><strong>ubi</strong></span> <span class='ocrx_word' id='word_1_86' title='bbox 274 1599 413 1652; x_wconf 69' lang='lat' dir='ltr'><strong>deebriati</strong></span> <span class='ocrx_word' id='word_1_87' title='bbox 424 1601 516 1668; x_wconf 84' lang='lat' dir='ltr'><strong>gloria,</strong></span> <span class='ocrx_word' id='word_1_88' title='bbox 534 1600 568 1652; x_wconf 94' lang='lat' dir='ltr'><strong>de</strong></span> <span class='ocrx_word' id='word_1_89' title='bbox 582 1601 739 1652; x_wconf 88' lang='lat' dir='ltr'><strong>christianae</strong></span> <span class='ocrx_word' id='word_1_90' title='bbox 751 1599 914 1666; x_wconf 88' lang='lat' dir='ltr'><strong>reipublicae</strong></span> <span class='ocrx_word' id='word_1_91' title='bbox 926 1599 1125 1666; x_wconf 75' lang='lat' dir='ltr'><strong>tranquillitate,</strong></span> <span class='ocrx_word' id='word_1_92' title='bbox 1143 1597 1177 1650; x_wconf 94' lang='lat' dir='ltr'><strong>de</strong></span> <span class='ocrx_word' id='word_1_93' title='bbox 1194 1596 1375 1650; x_wconf 82' lang='lat' dir='ltr'><strong>nobilissimae</strong></span> 
     </span>
     <span class='ocr_line' id='line_1_11' title="bbox 117 1683 1374 1754; baseline -0.002 -19"><span class='ocrx_word' id='word_1_94' title='bbox 117 1683 273 1737; x_wconf 83' lang='lat' dir='ltr'><strong>Germaniae</strong></span> <span class='ocrx_word' id='word_1_95' title='bbox 295 1686 381 1738; x_wconf 85' lang='lat' dir='ltr'><strong>saluto</strong></span> <span class='ocrx_word' id='word_1_96' title='bbox 404 1688 498 1754; x_wconf 84' lang='lat' dir='ltr'><strong>agitur,</strong></span> <span class='ocrx_word' id='word_1_97' title='bbox 521 1687 596 1738; x_wconf 90' lang='lat' dir='ltr'><strong>nulla</strong></span> <span class='ocrx_word' id='word_1_98' title='bbox 613 1685 758 1739; x_wconf 85' lang='lat' dir='ltr'><strong>obsistendi</strong></span> <span class='ocrx_word' id='word_1_99' title='bbox 781 1685 925 1752; x_wconf 88' lang='lat' dir='ltr'><strong>cupiditate</strong></span> <span class='ocrx_word' id='word_1_100' title='bbox 948 1685 1094 1752; x_wconf 87' lang='lat' dir='ltr'><strong>procedere</strong></span> <span class='ocrx_word' id='word_1_101' title='bbox 1121 1689 1167 1736; x_wconf 91' lang='lat' dir='ltr'><strong>aut</strong></span> <span class='ocrx_word' id='word_1_102' title='bbox 1184 1683 1374 1751; x_wconf 74' lang='lat' dir='ltr'><strong>religiosissimi</strong></span> 
     </span>
     <span class='ocr_line' id='line_1_12' title="bbox 118 1769 1375 1839; baseline -0.002 -17"><span class='ocrx_word' id='word_1_103' title='bbox 118 1773 233 1822; x_wconf 89' lang='lat' dir='ltr'><strong>caesaris</strong></span> <span class='ocrx_word' id='word_1_104' title='bbox 251 1773 373 1839; x_wconf 89' lang='lat' dir='ltr'><strong>petitioni</strong></span> <span class='ocrx_word' id='word_1_105' title='bbox 391 1777 437 1824; x_wconf 85' lang='lat' dir='ltr'><strong>snt</strong></span> <span class='ocrx_word' id='word_1_106' title='bbox 454 1769 515 1822; x_wconf 76' lang='lat'>111==¹</span> <span class='ocrx_word' id='word_1_107' title='bbox 532 1774 574 1824; x_wconf 89' lang='lat' dir='ltr'><strong>sui</strong></span> <span class='ocrx_word' id='word_1_108' title='bbox 586 1773 696 1824; x_wconf 89' lang='lat' dir='ltr'><strong>oratoris</strong></span> <span class='ocrx_word' id='word_1_109' title='bbox 713 1773 862 1836; x_wconf 78' lang='lat' dir='ltr'><strong>imtanu&#39;se,</strong></span> <span class='ocrx_word' id='word_1_110' title='bbox 881 1787 960 1838; x_wconf 85' lang='lat' dir='ltr'><strong>quam</strong></span> <span class='ocrx_word' id='word_1_111' title='bbox 977 1787 1011 1822; x_wconf 84' lang='lat' dir='ltr'><strong>ex</strong></span> <span class='ocrx_word' id='word_1_112' title='bbox 1028 1772 1136 1838; x_wconf 84' lang='lat' dir='ltr'><strong>pietatis</strong></span> <span class='ocrx_word' id='word_1_113' title='bbox 1154 1771 1241 1822; x_wconf 89' lang='lat' dir='ltr'><strong>studio</strong></span> <span class='ocrx_word' id='word_1_114' title='bbox 1259 1783 1375 1836; x_wconf 79' lang='lat' dir='ltr'><strong>vereque</strong></span> 
     </span>
     <span class='ocr_line' id='line_1_13' title="bbox 114 1855 1372 1926; baseline -0.002 -19"><span class='ocrx_word' id='word_1_115' title='bbox 114 1857 255 1908; x_wconf 85' lang='lat' dir='ltr'><strong>christiano</strong></span> <span class='ocrx_word' id='word_1_116' title='bbox 270 1864 378 1924; x_wconf 89' lang='lat' dir='ltr'><strong>pectore</strong></span> <span class='ocrx_word' id='word_1_117' title='bbox 395 1857 528 1926; x_wconf 85' lang='lat' dir='ltr'><strong>proficisci</strong></span> <span class='ocrx_word' id='word_1_118' title='bbox 550 1875 603 1911; x_wconf 91' lang='lat' dir='ltr'><strong>non</strong></span> <span class='ocrx_word' id='word_1_119' title='bbox 621 1858 733 1910; x_wconf 84' lang='lat' dir='ltr'><strong>dubitat</strong></span> <span class='ocrx_word' id='word_1_120' title='bbox 763 1874 855 1910; x_wconf 79' lang='lat' dir='ltr'><strong>verum</strong></span> <span class='ocrx_word' id='word_1_121' title='bbox 876 1857 905 1909; x_wconf 93' lang='lat' dir='ltr'><strong>id</strong></span> <span class='ocrx_word' id='word_1_122' title='bbox 922 1873 1088 1924; x_wconf 78' lang='lat' dir='ltr'><strong>summopore</strong></span> <span class='ocrx_word' id='word_1_123' title='bbox 1106 1857 1280 1908; x_wconf 85' lang='lat' dir='ltr'><strong>animadverti</strong></span> <span class='ocrx_word' id='word_1_124' title='bbox 1303 1855 1372 1906; x_wconf 88' lang='lat' dir='ltr'><strong>desi-</strong></span> 
     </span>
     <span class='ocr_line' id='line_1_14' title="bbox 117 1943 1372 2012; baseline 0.001 -19"><span class='ocrx_word' id='word_1_125' title='bbox 117 1943 200 2008; x_wconf 89' lang='lat' dir='ltr'><strong>derat,</strong></span> <span class='ocrx_word' id='word_1_126' title='bbox 220 1958 253 1993; x_wconf 91' lang='lat' dir='ltr'><strong>ne</strong></span> <span class='ocrx_word' id='word_1_127' title='bbox 272 1943 343 2010; x_wconf 86' lang='lat' dir='ltr'><strong>qnod</strong></span> <span class='ocrx_word' id='word_1_128' title='bbox 361 1945 478 1995; x_wconf 63' lang='lat' dir='ltr'><strong>cantatis</strong></span> <span class='ocrx_word' id='word_1_129' title='bbox 496 1943 792 2012; x_wconf 78' lang='lat' dir='ltr'><strong>praetextuoxpetitnr,</strong></span> <span class='ocrx_word' id='word_1_130' title='bbox 810 1943 899 2010; x_wconf 85' lang='lat' dir='ltr'><strong>aliqua</strong></span> <span class='ocrx_word' id='word_1_131' title='bbox 912 1948 1031 2009; x_wconf 86' lang='lat' dir='ltr'><strong>exparte</strong></span> <span class='ocrx_word' id='word_1_132' title='bbox 1044 1943 1203 1994; x_wconf 87' lang='lat' dir='ltr'><strong>contrarium</strong></span> <span class='ocrx_word' id='word_1_133' title='bbox 1215 1943 1372 1994; x_wconf 78' lang='lat' dir='ltr'><strong>inveniatur.</strong></span> 
     </span>
     <span class='ocr_line' id='line_1_15' title="bbox 115 2028 1374 2098; baseline -0.002 -18"><span class='ocrx_word' id='word_1_134' title='bbox 115 2035 193 2096; x_wconf 87' lang='lat' dir='ltr'><strong>atque</strong></span> <span class='ocrx_word' id='word_1_135' title='bbox 218 2035 248 2080; x_wconf 91' lang='lat' dir='ltr'><strong>ut</strong></span> <span class='ocrx_word' id='word_1_136' title='bbox 264 2030 387 2082; x_wconf 79' lang='lat' dir='ltr'><strong>brevitati</strong></span> <span class='ocrx_word' id='word_1_137' title='bbox 410 2029 566 2096; x_wconf 87' lang='lat' dir='ltr'><strong>consuleret,</strong></span> <span class='ocrx_word' id='word_1_138' title='bbox 589 2048 643 2084; x_wconf 91' lang='lat' dir='ltr'><strong>non</strong></span> <span class='ocrx_word' id='word_1_139' title='bbox 661 2033 749 2082; x_wconf 74' lang='lat' dir='ltr'><strong>omnnia</strong></span> <span class='ocrx_word' id='word_1_140' title='bbox 775 2044 843 2098; x_wconf 87' lang='lat' dir='ltr'><strong>quae</strong></span> <span class='ocrx_word' id='word_1_141' title='bbox 869 2032 1004 2097; x_wconf 88' lang='lat' dir='ltr'><strong>proposito</strong></span> <span class='ocrx_word' id='word_1_142' title='bbox 1032 2030 1191 2082; x_wconf 84' lang='lat' dir='ltr'><strong>ridebantur</strong></span> <span class='ocrx_word' id='word_1_143' title='bbox 1215 2028 1374 2093; x_wconf 87' lang='lat' dir='ltr'><strong>conducere,</strong></span> 
     </span>
     <span class='ocr_line' id='line_1_16' title="bbox 115 2115 1378 2185; baseline 0.001 -20"><span class='ocrx_word' id='word_1_144' title='bbox 115 2115 161 2165; x_wconf 87' lang='lat' dir='ltr'><strong>sed</strong></span> <span class='ocrx_word' id='word_1_145' title='bbox 178 2131 283 2166; x_wconf 84' lang='lat' dir='ltr'><strong>summa</strong></span> <span class='ocrx_word' id='word_1_146' title='bbox 305 2133 392 2168; x_wconf 82' lang='lat' dir='ltr'><strong>rerum</strong></span> <span class='ocrx_word' id='word_1_147' title='bbox 415 2119 504 2184; x_wconf 88' lang='lat' dir='ltr'><strong>capita</strong></span> <span class='ocrx_word' id='word_1_148' title='bbox 520 2119 695 2185; x_wconf 76' lang='lat' dir='ltr'><strong>perstringere</strong></span> <span class='ocrx_word' id='word_1_149' title='bbox 719 2117 845 2182; x_wconf 80' lang='lat' dir='ltr'><strong>decrerit,</strong></span> <span class='ocrx_word' id='word_1_150' title='bbox 868 2116 939 2184; x_wconf 91' lang='lat' dir='ltr'><strong>quod</strong></span> <span class='ocrx_word' id='word_1_151' title='bbox 962 2118 1069 2184; x_wconf 90' lang='lat' dir='ltr'><strong>siopus</strong></span> <span class='ocrx_word' id='word_1_152' title='bbox 1088 2132 1146 2168; x_wconf 91' lang='lat' dir='ltr'><strong>esse</strong></span> <span class='ocrx_word' id='word_1_153' title='bbox 1164 2115 1331 2179; x_wconf 86' lang='lat' dir='ltr'><strong>intellexerit,</strong></span> <span class='ocrx_word' id='word_1_154' title='bbox 1351 2119 1378 2166; x_wconf 87' lang='lat' dir='ltr'><strong>et</strong></span> 
     </span>
     <span class='ocr_line' id='line_1_17' title="bbox 115 2201 1378 2270; baseline 0.002 -20"><span class='ocrx_word' id='word_1_155' title='bbox 115 2201 191 2266; x_wconf 83' lang='lat' dir='ltr'><strong>plura</strong></span> <span class='ocrx_word' id='word_1_156' title='bbox 210 2207 237 2252; x_wconf 89' lang='lat' dir='ltr'><strong>st</strong></span> <span class='ocrx_word' id='word_1_157' title='bbox 255 2217 287 2252; x_wconf 86' lang='lat' dir='ltr'><strong>sa</strong></span> <span class='ocrx_word' id='word_1_158' title='bbox 305 2201 411 2270; x_wconf 91' lang='lat' dir='ltr'><strong>quidem</strong></span> <span class='ocrx_word' id='word_1_159' title='bbox 428 2205 536 2256; x_wconf 88' lang='lat' dir='ltr'><strong>uberius</strong></span> <span class='ocrx_word' id='word_1_160' title='bbox 554 2220 633 2270; x_wconf 88' lang='lat' dir='ltr'><strong>quam</strong></span> <span class='ocrx_word' id='word_1_161' title='bbox 651 2205 775 2254; x_wconf 83' lang='lat' dir='ltr'><strong>citissime</strong></span> <span class='ocrx_word' id='word_1_162' title='bbox 794 2204 937 2270; x_wconf 82' lang='lat' dir='ltr'><strong>expediret.</strong></span> <span class='ocrx_word' id='word_1_163' title='bbox 960 2219 1032 2255; x_wconf 91' lang='lat' dir='ltr'><strong>nnnc</strong></span> <span class='ocrx_word' id='word_1_164' title='bbox 1049 2205 1129 2270; x_wconf 90' lang='lat' dir='ltr'><strong>igitur</strong></span> <span class='ocrx_word' id='word_1_165' title='bbox 1146 2205 1197 2254; x_wconf 84' lang='lat' dir='ltr'><strong>tria</strong></span> <span class='ocrx_word' id='word_1_166' title='bbox 1213 2203 1378 2270; x_wconf 87' lang='lat' dir='ltr'><strong>potissimum</strong></span> 
     </span>
     <span class='ocr_line' id='line_1_18' title="bbox 118 2287 1380 2358; baseline 0.001 -21"><span class='ocrx_word' id='word_1_167' title='bbox 118 2287 313 2338; x_wconf 87' lang='lat' dir='ltr'><strong>consideranda</strong></span> <span class='ocrx_word' id='word_1_168' title='bbox 323 2297 518 2355; x_wconf 88' lang='lat' dir='ltr'><strong>proponuntur:</strong></span> <span class='ocrx_word' id='word_1_169' title='bbox 535 2292 648 2357; x_wconf 91' lang='lat' dir='ltr'><strong>primum</strong></span> <span class='ocrx_word' id='word_1_170' title='bbox 665 2307 729 2342; x_wconf 91' lang='lat' dir='ltr'><strong>num</strong></span> <span class='ocrx_word' id='word_1_171' title='bbox 741 2291 865 2358; x_wconf 82' lang='lat' dir='ltr'><strong>expediat</strong></span> <span class='ocrx_word' id='word_1_172' title='bbox 881 2289 1024 2342; x_wconf 85' lang='lat' dir='ltr'><strong>universali</strong></span> <span class='ocrx_word' id='word_1_173' title='bbox 1043 2289 1182 2355; x_wconf 87' lang='lat' dir='ltr'><strong>ecclesiae,</strong></span> <span class='ocrx_word' id='word_1_174' title='bbox 1201 2289 1293 2340; x_wconf 85' lang='lat' dir='ltr'><strong>calicis</strong></span> <span class='ocrx_word' id='word_1_175' title='bbox 1308 2303 1380 2340; x_wconf 91' lang='lat' dir='ltr'><strong>com·</strong></span> 
     </span>
     <span class='ocr_line' id='line_1_19' title="bbox 116 2373 1379 2443; baseline 0.002 -21"><span class='ocrx_word' id='word_1_176' title='bbox 116 2375 268 2424; x_wconf 88' lang='lat' dir='ltr'><strong>munionem</strong></span> <span class='ocrx_word' id='word_1_177' title='bbox 296 2373 433 2426; x_wconf 82' lang='lat' dir='ltr'><strong>Germanis</strong></span> <span class='ocrx_word' id='word_1_178' title='bbox 452 2375 608 2442; x_wconf 88' lang='lat' dir='ltr'><strong>concedere,</strong></span> <span class='ocrx_word' id='word_1_179' title='bbox 632 2382 711 2428; x_wconf 90' lang='lat' dir='ltr'><strong>etan</strong></span> <span class='ocrx_word' id='word_1_180' title='bbox 730 2378 793 2443; x_wconf 91' lang='lat' dir='ltr'><strong>ipsis</strong></span> <span class='ocrx_word' id='word_1_181' title='bbox 810 2377 962 2443; x_wconf 86' lang='lat' dir='ltr'><strong>petentibus</strong></span> <span class='ocrx_word' id='word_1_182' title='bbox 980 2377 1014 2428; x_wconf 88' lang='lat' dir='ltr'><strong>sit</strong></span> <span class='ocrx_word' id='word_1_183' title='bbox 1032 2376 1156 2440; x_wconf 88' lang='lat' dir='ltr'><strong>salutare,</strong></span> <span class='ocrx_word' id='word_1_184' title='bbox 1180 2374 1298 2427; x_wconf 89' lang='lat' dir='ltr'><strong>secundo</strong></span> <span class='ocrx_word' id='word_1_185' title='bbox 1318 2388 1379 2425; x_wconf 92' lang='lat' dir='ltr'><strong>con·</strong></span> 
     </span>
     <span class='ocr_line' id='line_1_20' title="bbox 120 2457 1380 2530; baseline 0.002 -22"><span class='ocrx_word' id='word_1_186' title='bbox 120 2457 291 2510; x_wconf 74' lang='lat' dir='ltr'><strong>siderandum</strong></span> <span class='ocrx_word' id='word_1_187' title='bbox 309 2475 343 2511; x_wconf 83' lang='lat' dir='ltr'><strong>an</strong></span> <span class='ocrx_word' id='word_1_188' title='bbox 361 2461 462 2528; x_wconf 86' lang='lat' dir='ltr'><strong>absque</strong></span> <span class='ocrx_word' id='word_1_189' title='bbox 480 2476 578 2530; x_wconf 83' lang='lat' dir='ltr'><strong>magna</strong></span> <span class='ocrx_word' id='word_1_190' title='bbox 595 2461 759 2514; x_wconf 71' lang='lat' dir='ltr'><strong>discnssmne</strong></span> <span class='ocrx_word' id='word_1_191' title='bbox 777 2467 856 2529; x_wconf 89' lang='lat' dir='ltr'><strong>atque</strong></span> <span class='ocrx_word' id='word_1_192' title='bbox 873 2461 974 2512; x_wconf 55' lang='grc' dir='ltr'><strong>ΨΜ</strong></span> <span class='ocrx_word' id='word_1_193' title='bbox 995 2461 1167 2514; x_wconf 83' lang='lat' dir='ltr'><strong>cardinalium</strong></span> <span class='ocrx_word' id='word_1_194' title='bbox 1186 2461 1380 2514; x_wconf 88' lang='lat' dir='ltr'><strong>consultatione</strong></span> 
     </span>
     <span class='ocr_line' id='line_1_21' title="bbox 118 2544 1382 2618; baseline 0.001 -23"><span class='ocrx_word' id='word_1_195' title='bbox 118 2560 201 2596; x_wconf 83' lang='lat' dir='ltr'><strong>causa</strong></span> <span class='ocrx_word' id='word_1_196' title='bbox 223 2545 291 2596; x_wconf 89' lang='lat' dir='ltr'><strong>haec</strong></span> <span class='ocrx_word' id='word_1_197' title='bbox 314 2544 463 2600; x_wconf 87' lang='lat' dir='ltr'><strong>delinienda</strong></span> <span class='ocrx_word' id='word_1_198' title='bbox 480 2549 522 2614; x_wconf 90' lang='lat' dir='ltr'><strong>sit,</strong></span> <span class='ocrx_word' id='word_1_199' title='bbox 547 2553 573 2599; x_wconf 91' lang='lat' dir='ltr'><strong>et</strong></span> <span class='ocrx_word' id='word_1_200' title='bbox 590 2549 667 2599; x_wconf 88' lang='lat' dir='ltr'><strong>tertio</strong></span> <span class='ocrx_word' id='word_1_201' title='bbox 691 2564 726 2600; x_wconf 89' lang='lat' dir='ltr'><strong>an</strong></span> <span class='ocrx_word' id='word_1_202' title='bbox 743 2550 873 2618; x_wconf 87' lang='lat' dir='ltr'><strong>integrum</strong></span> <span class='ocrx_word' id='word_1_203' title='bbox 890 2551 1032 2618; x_wconf 77' lang='lat' dir='ltr'><strong>negocium</strong></span> <span class='ocrx_word' id='word_1_204' title='bbox 1059 2548 1094 2600; x_wconf 87' lang='lat' dir='ltr'><strong>ad</strong></span> <span class='ocrx_word' id='word_1_205' title='bbox 1110 2548 1187 2599; x_wconf 68' lang='lat' dir='ltr'><strong>Rom</strong></span> <span class='ocrx_word' id='word_1_206' title='bbox 1212 2548 1329 2614; x_wconf 83' lang='lat' dir='ltr'><strong>legatum</strong></span> <span class='ocrx_word' id='word_1_207' title='bbox 1347 2548 1382 2597; x_wconf 88' lang='lat' dir='ltr'><strong>sit</strong></span> 
     </span>
     <span class='ocr_line' id='line_1_22' title="bbox 117 2631 1382 2702; baseline 0.002 -21"><span class='ocrx_word' id='word_1_208' title='bbox 117 2631 290 2697; x_wconf 79' lang='lat' dir='ltr'><strong>referendum,</strong></span> <span class='ocrx_word' id='word_1_209' title='bbox 309 2649 343 2684; x_wconf 87' lang='lat' dir='ltr'><strong>an</strong></span> <span class='ocrx_word' id='word_1_210' title='bbox 361 2633 483 2700; x_wconf 84' lang='lat' dir='ltr'><strong>expediat</strong></span> <span class='ocrx_word' id='word_1_211' title='bbox 501 2633 637 2702; x_wconf 82' lang='lat' dir='ltr'><strong>explorata</strong></span> <span class='ocrx_word' id='word_1_212' title='bbox 652 2650 701 2701; x_wconf 88' lang='lat' dir='ltr'><strong>per</strong></span> <span class='ocrx_word' id='word_1_213' title='bbox 717 2637 803 2701; x_wconf 89' lang='lat' dir='ltr'><strong>ipsum</strong></span> <span class='ocrx_word' id='word_1_214' title='bbox 821 2650 903 2687; x_wconf 83' lang='lat' dir='ltr'><strong>causa</strong></span> <span class='ocrx_word' id='word_1_215' title='bbox 918 2634 1027 2688; x_wconf 85' lang='lat' dir='ltr'><strong>tandem</strong></span> <span class='ocrx_word' id='word_1_216' title='bbox 1043 2651 1090 2701; x_wconf 87' lang='lat' dir='ltr'><strong>per</strong></span> <span class='ocrx_word' id='word_1_217' title='bbox 1102 2635 1193 2688; x_wconf 91' lang='lat' dir='ltr'><strong>sedem</strong></span> <span class='ocrx_word' id='word_1_218' title='bbox 1206 2632 1382 2701; x_wconf 84' lang='lat' dir='ltr'><strong>apostolicam</strong></span> 
     </span>
     <span class='ocr_line' id='line_1_23' title="bbox 118 2715 228 2769; baseline 0.018 -2"><span class='ocrx_word' id='word_1_219' title='bbox 118 2715 228 2769; x_wconf 88' lang='lat' dir='ltr'><strong>deliniri.</strong></span> 
     </span>
    </p>

    <p class='ocr_par' dir='ltr' id='par_1_8' title="bbox 118 2803 1392 5200">
     <span class='ocr_line' id='line_1_24' title="bbox 189 2803 1382 2876; baseline 0.003 -21"><span class='ocrx_word' id='word_1_220' title='bbox 189 2803 372 2858; x_wconf 81' lang='lat' dir='ltr'><strong>consideratio</strong></span> <span class='ocrx_word' id='word_1_221' title='bbox 389 2807 490 2874; x_wconf 84' lang='lat' dir='ltr'><strong>prima:</strong></span> <span class='ocrx_word' id='word_1_222' title='bbox 507 2823 561 2859; x_wconf 93' lang='lat' dir='ltr'><strong>non</strong></span> <span class='ocrx_word' id='word_1_223' title='bbox 580 2806 704 2874; x_wconf 85' lang='lat' dir='ltr'><strong>expedire</strong></span> <span class='ocrx_word' id='word_1_224' title='bbox 721 2809 865 2860; x_wconf 84' lang='lat' dir='ltr'><strong>universali</strong></span> <span class='ocrx_word' id='word_1_225' title='bbox 883 2808 1015 2860; x_wconf 86' lang='lat' dir='ltr'><strong>eeclesiae</strong></span> <span class='ocrx_word' id='word_1_226' title='bbox 1033 2808 1105 2876; x_wconf 89' lang='lat' dir='ltr'><strong>quod</strong></span> <span class='ocrx_word' id='word_1_227' title='bbox 1123 2807 1216 2858; x_wconf 86' lang='lat' dir='ltr'><strong>calicis</strong></span> <span class='ocrx_word' id='word_1_228' title='bbox 1233 2822 1297 2858; x_wconf 89' lang='lat' dir='ltr'><strong>usus</strong></span> <span class='ocrx_word' id='word_1_229' title='bbox 1318 2805 1382 2858; x_wconf 79' lang='lat' dir='ltr'><strong>Ger·</strong></span> 
     </span>
     <span class='ocr_line' id='line_1_25' title="bbox 120 2891 1383 2949; baseline 0.002 -8"><span class='ocrx_word' id='word_1_230' title='bbox 120 2891 242 2942; x_wconf 84' lang='lat' dir='ltr'><strong>manicae</strong></span> <span class='ocrx_word' id='word_1_231' title='bbox 260 2893 360 2944; x_wconf 83' lang='lat' dir='ltr'><strong>nationi</strong></span> <span class='ocrx_word' id='word_1_232' title='bbox 379 2893 548 2949; x_wconf 87' lang='lat' dir='ltr'><strong>concedatur.</strong></span> <span class='ocrx_word' id='word_1_233' title='bbox 568 2909 600 2944; x_wconf 87' lang='lat' dir='ltr'><strong>ex</strong></span> <span class='ocrx_word' id='word_1_234' title='bbox 615 2895 721 2945; x_wconf 90' lang='lat' dir='ltr'><strong>concilii</strong></span> <span class='ocrx_word' id='word_1_235' title='bbox 739 2895 885 2946; x_wconf 83' lang='lat' dir='ltr'><strong>Tridentini</strong></span> <span class='ocrx_word' id='word_1_236' title='bbox 903 2896 1010 2948; x_wconf 87' lang='lat' dir='ltr'><strong>decreto</strong></span> <span class='ocrx_word' id='word_1_237' title='bbox 1029 2897 1083 2946; x_wconf 88' lang='lat' dir='ltr'><strong>iam</strong></span> <span class='ocrx_word' id='word_1_238' title='bbox 1102 2893 1237 2946; x_wconf 87' lang='lat' dir='ltr'><strong>delinitum</strong></span> <span class='ocrx_word' id='word_1_239' title='bbox 1260 2897 1301 2944; x_wconf 90' lang='lat' dir='ltr'><strong>est</strong></span> <span class='ocrx_word' id='word_1_240' title='bbox 1313 2908 1383 2944; x_wconf 91' lang='lat' dir='ltr'><strong>com·</strong></span> 
     </span>
     <span class='ocr_line' id='line_1_26' title="bbox 118 2978 1384 3046; baseline 0.003 -20"><span class='ocrx_word' id='word_1_241' title='bbox 118 2978 271 3029; x_wconf 87' lang='lat' dir='ltr'><strong>munionem</strong></span> <span class='ocrx_word' id='word_1_242' title='bbox 294 2980 342 3030; x_wconf 89' lang='lat' dir='ltr'><strong>snb</strong></span> <span class='ocrx_word' id='word_1_243' title='bbox 369 2985 481 3046; x_wconf 74' lang='lat' dir='ltr'><strong>unaque</strong></span> <span class='ocrx_word' id='word_1_244' title='bbox 503 2979 594 3046; x_wconf 89' lang='lat' dir='ltr'><strong>specie</strong></span> <span class='ocrx_word' id='word_1_245' title='bbox 616 2979 740 3032; x_wconf 86' lang='lat' dir='ltr'><strong>fidelibus</strong></span> <span class='ocrx_word' id='word_1_246' title='bbox 763 2997 818 3034; x_wconf 89' lang='lat' dir='ltr'><strong>non</strong></span> <span class='ocrx_word' id='word_1_247' title='bbox 847 2982 1030 3034; x_wconf 84' lang='lat' dir='ltr'><strong>sacerdotibus</strong></span> <span class='ocrx_word' id='word_1_248' title='bbox 1053 2998 1109 3034; x_wconf 92' lang='lat' dir='ltr'><strong>non</strong></span> <span class='ocrx_word' id='word_1_249' title='bbox 1132 2996 1190 3032; x_wconf 89' lang='lat' dir='ltr'><strong>esse</strong></span> <span class='ocrx_word' id='word_1_250' title='bbox 1207 2979 1384 3030; x_wconf 87' lang='lat' dir='ltr'><strong>necessariam</strong></span> 
     </span>
     <span class='ocr_line' id='line_1_27' title="bbox 119 3064 1384 3135; baseline 0.006 -23"><span class='ocrx_word' id='word_1_251' title='bbox 119 3079 169 3113; x_wconf 88' lang='lat' dir='ltr'><strong>nec</strong></span> <span class='ocrx_word' id='word_1_252' title='bbox 188 3064 282 3114; x_wconf 88' lang='lat' dir='ltr'><strong>utilem</strong></span> <span class='ocrx_word' id='word_1_253' title='bbox 299 3065 423 3127; x_wconf 81' lang='lat' dir='ltr'><strong>futuram,</strong></span> <span class='ocrx_word' id='word_1_254' title='bbox 452 3071 478 3116; x_wconf 93' lang='lat' dir='ltr'><strong>et</strong></span> <span class='ocrx_word' id='word_1_255' title='bbox 496 3081 528 3117; x_wconf 86' lang='lat' dir='ltr'><strong>ea</strong></span> <span class='ocrx_word' id='word_1_256' title='bbox 546 3065 580 3117; x_wconf 93' lang='lat' dir='ltr'><strong>de</strong></span> <span class='ocrx_word' id='word_1_257' title='bbox 598 3082 627 3118; x_wconf 90' lang='lat' dir='ltr'><strong>re</strong></span> <span class='ocrx_word' id='word_1_258' title='bbox 644 3067 718 3119; x_wconf 87' lang='lat' dir='ltr'><strong>nulla</strong></span> <span class='ocrx_word' id='word_1_259' title='bbox 740 3068 809 3118; x_wconf 85' lang='lat' dir='ltr'><strong>iuter</strong></span> <span class='ocrx_word' id='word_1_260' title='bbox 827 3068 974 3120; x_wconf 88' lang='lat' dir='ltr'><strong>catholicos</strong></span> <span class='ocrx_word' id='word_1_261' title='bbox 996 3072 1117 3135; x_wconf 88' lang='lat' dir='ltr'><strong>superest</strong></span> <span class='ocrx_word' id='word_1_262' title='bbox 1143 3067 1287 3127; x_wconf 84' lang='lat' dir='ltr'><strong>dubitatio;</strong></span> <span class='ocrx_word' id='word_1_263' title='bbox 1312 3064 1384 3132; x_wconf 82' lang='lat' dir='ltr'><strong>quod</strong></span> 
     </span>
     <span class='ocr_line' id='line_1_28' title="bbox 120 3151 1383 3220; baseline 0.002 -22"><span class='ocrx_word' id='word_1_264' title='bbox 120 3165 185 3200; x_wconf 85' lang='lat' dir='ltr'><strong>vero</strong></span> <span class='ocrx_word' id='word_1_265' title='bbox 205 3165 265 3200; x_wconf 86' lang='lat' dir='ltr'><strong>curn</strong></span> <span class='ocrx_word' id='word_1_266' title='bbox 282 3151 436 3216; x_wconf 85' lang='lat' dir='ltr'><strong>particulari</strong></span> <span class='ocrx_word' id='word_1_267' title='bbox 454 3153 569 3215; x_wconf 88' lang='lat' dir='ltr'><strong>natione,</strong></span> <span class='ocrx_word' id='word_1_268' title='bbox 597 3160 627 3204; x_wconf 91' lang='lat' dir='ltr'><strong>ut</strong></span> <span class='ocrx_word' id='word_1_269' title='bbox 645 3170 705 3204; x_wconf 88' lang='lat' dir='ltr'><strong>oum</strong></span> <span class='ocrx_word' id='word_1_270' title='bbox 723 3153 860 3204; x_wconf 81' lang='lat' dir='ltr'><strong>Germanis</strong></span> <span class='ocrx_word' id='word_1_271' title='bbox 879 3154 1053 3220; x_wconf 86' lang='lat' dir='ltr'><strong>dispensetur,</strong></span> <span class='ocrx_word' id='word_1_272' title='bbox 1071 3153 1160 3204; x_wconf 83' lang='lat' dir='ltr'><strong>adhuc</strong></span> <span class='ocrx_word' id='word_1_273' title='bbox 1178 3152 1309 3204; x_wconf 88' lang='lat' dir='ltr'><strong>credimus</strong></span> <span class='ocrx_word' id='word_1_274' title='bbox 1326 3151 1383 3201; x_wconf 88' lang='lat' dir='ltr'><strong>uni·</strong></span> 
     </span>
     <span class='ocr_line' id='line_1_29' title="bbox 122 3233 1384 3306; baseline 0.002 -21"><span class='ocrx_word' id='word_1_275' title='bbox 122 3233 221 3286; x_wconf 81' lang='lat' dir='ltr'><strong>versali</strong></span> <span class='ocrx_word' id='word_1_276' title='bbox 239 3235 371 3288; x_wconf 83' lang='lat' dir='ltr'><strong>ecclesias</strong></span> <span class='ocrx_word' id='word_1_277' title='bbox 388 3253 442 3289; x_wconf 89' lang='lat' dir='ltr'><strong>non</strong></span> <span class='ocrx_word' id='word_1_278' title='bbox 461 3238 591 3304; x_wconf 86' lang='lat' dir='ltr'><strong>expedire.</strong></span> <span class='ocrx_word' id='word_1_279' title='bbox 612 3242 640 3290; x_wconf 82' lang='grc' dir='ltr'><strong>1ο</strong></span> <span class='ocrx_word' id='word_1_280' title='bbox 661 3240 771 3290; x_wconf 89' lang='lat' dir='ltr'><strong>unitatis</strong></span> <span class='ocrx_word' id='word_1_281' title='bbox 788 3241 914 3306; x_wconf 89' lang='lat' dir='ltr'><strong>pacisque</strong></span> <span class='ocrx_word' id='word_1_282' title='bbox 931 3240 1067 3291; x_wconf 76' lang='lat' dir='ltr'><strong>vinculum</strong></span> <span class='ocrx_word' id='word_1_283' title='bbox 1084 3241 1197 3305; x_wconf 91' lang='lat' dir='ltr'><strong>primum</strong></span> <span class='ocrx_word' id='word_1_284' title='bbox 1217 3236 1324 3304; x_wconf 85' lang='lat' dir='ltr'><strong>expedit</strong></span> <span class='ocrx_word' id='word_1_285' title='bbox 1341 3251 1384 3287; x_wconf 89' lang='lat' dir='ltr'><strong>ec·</strong></span> 
     </span>
     <span class='ocr_line' id='line_1_30' title="bbox 124 3321 1384 3390; baseline 0.002 -19"><span class='ocrx_word' id='word_1_286' title='bbox 124 3321 225 3372; x_wconf 83' lang='lat' dir='ltr'><strong>olesiae</strong></span> <span class='ocrx_word' id='word_1_287' title='bbox 243 3322 277 3373; x_wconf 85' lang='lat' dir='ltr'><strong>ab</strong></span> <span class='ocrx_word' id='word_1_288' title='bbox 296 3323 417 3374; x_wconf 89' lang='lat' dir='ltr'><strong>omnibus</strong></span> <span class='ocrx_word' id='word_1_289' title='bbox 434 3323 549 3376; x_wconf 89' lang='lat' dir='ltr'><strong>sollicite</strong></span> <span class='ocrx_word' id='word_1_290' title='bbox 568 3325 719 3377; x_wconf 85' lang='lat' dir='ltr'><strong>conservari</strong></span> <span class='ocrx_word' id='word_1_291' title='bbox 735 3325 764 3376; x_wconf 93' lang='lat' dir='ltr'><strong>in</strong></span> <span class='ocrx_word' id='word_1_292' title='bbox 782 3327 915 3378; x_wconf 90' lang='lat' dir='ltr'><strong>communi</strong></span> <span class='ocrx_word' id='word_1_293' title='bbox 933 3341 1020 3390; x_wconf 89' lang='lat' dir='ltr'><strong>sensu,</strong></span> <span class='ocrx_word' id='word_1_294' title='bbox 1043 3327 1071 3376; x_wconf 89' lang='lat' dir='ltr'><strong>in</strong></span> <span class='ocrx_word' id='word_1_295' title='bbox 1089 3325 1183 3377; x_wconf 86' lang='lat' dir='ltr'><strong>eadem</strong></span> <span class='ocrx_word' id='word_1_296' title='bbox 1201 3323 1264 3376; x_wconf 83' lang='lat' dir='ltr'><strong>fidei</strong></span> <span class='ocrx_word' id='word_1_297' title='bbox 1282 3323 1384 3374; x_wconf 79' lang='lat' dir='ltr'><strong>confes·</strong></span> 
     </span>
     <span class='ocr_line' id='line_1_31' title="bbox 122 3409 1385 3477; baseline 0.001 -19"><span class='ocrx_word' id='word_1_298' title='bbox 122 3410 206 3471; x_wconf 87' lang='lat' dir='ltr'><strong>sione,</strong></span> <span class='ocrx_word' id='word_1_299' title='bbox 229 3409 257 3457; x_wconf 90' lang='lat' dir='ltr'><strong>in</strong></span> <span class='ocrx_word' id='word_1_300' title='bbox 274 3414 498 3459; x_wconf 64' lang='lat' dir='ltr'><strong>adrumentorum</strong></span> <span class='ocrx_word' id='word_1_301' title='bbox 519 3411 699 3476; x_wconf 87' lang='lat' dir='ltr'><strong>perceptione,</strong></span> <span class='ocrx_word' id='word_1_302' title='bbox 723 3411 751 3462; x_wconf 94' lang='lat' dir='ltr'><strong>in</strong></span> <span class='ocrx_word' id='word_1_303' title='bbox 769 3425 801 3462; x_wconf 87' lang='lat' dir='ltr'><strong>so</strong></span> <span class='ocrx_word' id='word_1_304' title='bbox 819 3412 933 3462; x_wconf 84' lang='lat' dir='ltr'><strong>maxims</strong></span> <span class='ocrx_word' id='word_1_305' title='bbox 951 3411 1023 3477; x_wconf 90' lang='lat' dir='ltr'><strong>quod</strong></span> <span class='ocrx_word' id='word_1_306' title='bbox 1041 3417 1081 3462; x_wconf 88' lang='lat' dir='ltr'><strong>est</strong></span> <span class='ocrx_word' id='word_1_307' title='bbox 1097 3412 1207 3465; x_wconf 83' lang='lat' dir='ltr'><strong>unitatis</strong></span> <span class='ocrx_word' id='word_1_308' title='bbox 1226 3410 1385 3460; x_wconf 85' lang='lat' dir='ltr'><strong>christianae</strong></span> 
     </span>
     <span class='ocr_line' id='line_1_32' title="bbox 124 3492 1386 3560; baseline 0.002 -17"><span class='ocrx_word' id='word_1_309' title='bbox 124 3492 283 3560; x_wconf 72' lang='lat' dir='ltr'><strong>symbolum,</strong></span> <span class='ocrx_word' id='word_1_310' title='bbox 309 3492 395 3558; x_wconf 82' lang='lat' dir='ltr'><strong>qualis</strong></span> <span class='ocrx_word' id='word_1_311' title='bbox 417 3499 460 3544; x_wconf 84' lang='lat' dir='ltr'><strong>est</strong></span> <span class='ocrx_word' id='word_1_312' title='bbox 476 3495 644 3546; x_wconf 85' lang='lat' dir='ltr'><strong>eucharistia.</strong></span> <span class='ocrx_word' id='word_1_313' title='bbox 667 3500 696 3546; x_wconf 85' lang='lat' dir='ltr'><strong>st</strong></span> <span class='ocrx_word' id='word_1_314' title='bbox 712 3509 811 3546; x_wconf 77' lang='lat' dir='ltr'><strong>nomm</strong></span> <span class='ocrx_word' id='word_1_315' title='bbox 828 3498 905 3546; x_wconf 87' lang='lat' dir='ltr'><strong>ritum</strong></span> <span class='ocrx_word' id='word_1_316' title='bbox 923 3495 1049 3548; x_wconf 88' lang='lat' dir='ltr'><strong>inducere</strong></span> <span class='ocrx_word' id='word_1_317' title='bbox 1068 3497 1195 3548; x_wconf 81' lang='lat' dir='ltr'><strong>adversm</strong></span> <span class='ocrx_word' id='word_1_318' title='bbox 1220 3509 1386 3548; x_wconf 86' lang='lat' dir='ltr'><strong>communem</strong></span> 
     </span>
     <span class='ocr_line' id='line_1_33' title="bbox 123 3579 1382 3648; baseline 0.003 -20"><span class='ocrx_word' id='word_1_319' title='bbox 123 3595 203 3646; x_wconf 89' lang='lat' dir='ltr'><strong>quern</strong></span> <span class='ocrx_word' id='word_1_320' title='bbox 219 3579 342 3644; x_wconf 79' lang='lat' dir='ltr'><strong>probavit</strong></span> <span class='ocrx_word' id='word_1_321' title='bbox 359 3593 392 3629; x_wconf 90' lang='lat' dir='ltr'><strong>ac</strong></span> <span class='ocrx_word' id='word_1_322' title='bbox 409 3581 532 3632; x_wconf 74' lang='lat' dir='ltr'><strong>tenuitlt</strong></span> <span class='ocrx_word' id='word_1_323' title='bbox 545 3580 660 3632; x_wconf 86' lang='lat' dir='ltr'><strong>ecclesis</strong></span> <span class='ocrx_word' id='word_1_324' title='bbox 676 3581 781 3647; x_wconf 85' lang='lat' dir='ltr'><strong>aliaque</strong></span> <span class='ocrx_word' id='word_1_325' title='bbox 799 3581 888 3648; x_wconf 90' lang='lat' dir='ltr'><strong>plures</strong></span> <span class='ocrx_word' id='word_1_326' title='bbox 899 3587 1028 3648; x_wconf 83' lang='lat' dir='ltr'><strong>sequutae</strong></span> <span class='ocrx_word' id='word_1_327' title='bbox 1040 3589 1109 3647; x_wconf 90' lang='lat' dir='ltr'><strong>sunt,</strong></span> <span class='ocrx_word' id='word_1_328' title='bbox 1127 3582 1382 3647; x_wconf 86' lang='lat' dir='ltr'><strong>scandulumpotius</strong></span> 
     </span>
     <span class='ocr_line' id='line_1_34' title="bbox 125 3665 1387 3734; baseline 0.002 -18"><span class='ocrx_word' id='word_1_329' title='bbox 125 3669 196 3716; x_wconf 86' lang='lat' dir='ltr'><strong>esset</strong></span> <span class='ocrx_word' id='word_1_330' title='bbox 214 3679 293 3730; x_wconf 84' lang='lat' dir='ltr'><strong>qnam</strong></span> <span class='ocrx_word' id='word_1_331' title='bbox 309 3665 417 3716; x_wconf 87' lang='lat' dir='ltr'><strong>unitatis</strong></span> <span class='ocrx_word' id='word_1_332' title='bbox 435 3667 569 3727; x_wconf 85' lang='lat' dir='ltr'><strong>custodia;</strong></span> <span class='ocrx_word' id='word_1_333' title='bbox 587 3681 652 3718; x_wconf 81' lang='lat' dir='ltr'><strong>nam</strong></span> <span class='ocrx_word' id='word_1_334' title='bbox 672 3667 714 3718; x_wconf 82' lang='lat' dir='ltr'><strong>vel</strong></span> <span class='ocrx_word' id='word_1_335' title='bbox 728 3667 799 3718; x_wconf 88' lang='lat' dir='ltr'><strong>idem</strong></span> <span class='ocrx_word' id='word_1_336' title='bbox 816 3667 886 3720; x_wconf 86' lang='lat' dir='ltr'><strong>aliae</strong></span> <span class='ocrx_word' id='word_1_337' title='bbox 902 3673 1023 3734; x_wconf 88' lang='lat' dir='ltr'><strong>peterent</strong></span> <span class='ocrx_word' id='word_1_338' title='bbox 1045 3674 1092 3720; x_wconf 86' lang='lat' dir='ltr'><strong>aut</strong></span> <span class='ocrx_word' id='word_1_339' title='bbox 1111 3673 1182 3719; x_wconf 89' lang='lat' dir='ltr'><strong>certe</strong></span> <span class='ocrx_word' id='word_1_340' title='bbox 1200 3667 1251 3719; x_wconf 88' lang='lat' dir='ltr'><strong>hac</strong></span> <span class='ocrx_word' id='word_1_341' title='bbox 1268 3669 1387 3719; x_wconf 81' lang='lat' dir='ltr'><strong>novitate</strong></span> 
     </span>
     <span class='ocr_line' id='line_1_35' title="bbox 129 3749 1389 3820; baseline 0.002 -18"><span class='ocrx_word' id='word_1_342' title='bbox 129 3749 333 3814; x_wconf 79' lang='lat' dir='ltr'><strong>offenderentur,</strong></span> <span class='ocrx_word' id='word_1_343' title='bbox 356 3753 469 3802; x_wconf 81' lang='lat' dir='ltr'><strong>maxims</strong></span> <span class='ocrx_word' id='word_1_344' title='bbox 493 3768 552 3803; x_wconf 91' lang='lat' dir='ltr'><strong>cnm</strong></span> <span class='ocrx_word' id='word_1_345' title='bbox 572 3753 730 3804; x_wconf 82' lang='lat' dir='ltr'><strong>Germanica</strong></span> <span class='ocrx_word' id='word_1_346' title='bbox 747 3752 863 3805; x_wconf 86' lang='lat' dir='ltr'><strong>ecclesia</strong></span> <span class='ocrx_word' id='word_1_347' title='bbox 884 3769 938 3806; x_wconf 88' lang='lat' dir='ltr'><strong>non</strong></span> <span class='ocrx_word' id='word_1_348' title='bbox 955 3755 1034 3806; x_wconf 85' lang='lat' dir='ltr'><strong>inerit</strong></span> <span class='ocrx_word' id='word_1_349' title='bbox 1052 3753 1120 3807; x_wconf 87' lang='lat' dir='ltr'><strong>adeo</strong></span> <span class='ocrx_word' id='word_1_350' title='bbox 1137 3754 1276 3820; x_wconf 90' lang='lat' dir='ltr'><strong>praeclare</strong></span> <span class='ocrx_word' id='word_1_351' title='bbox 1294 3755 1389 3805; x_wconf 85' lang='lat' dir='ltr'><strong>merita</strong></span> 
     </span>
     <span class='ocr_line' id='line_1_36' title="bbox 125 3837 1387 3907; baseline 0.002 -20"><span class='ocrx_word' id='word_1_352' title='bbox 125 3837 160 3887; x_wconf 89' lang='lat' dir='ltr'><strong>de</strong></span> <span class='ocrx_word' id='word_1_353' title='bbox 178 3839 311 3888; x_wconf 85' lang='lat' dir='ltr'><strong>communi</strong></span> <span class='ocrx_word' id='word_1_354' title='bbox 327 3837 471 3903; x_wconf 57' lang='lat' dir='ltr'><strong>republica</strong></span> <span class='ocrx_word' id='word_1_355' title='bbox 488 3842 519 3889; x_wconf 90' lang='lat' dir='ltr'><strong>ut</strong></span> <span class='ocrx_word' id='word_1_356' title='bbox 536 3839 577 3890; x_wconf 91' lang='lat' dir='ltr'><strong>his</strong></span> <span class='ocrx_word' id='word_1_357' title='bbox 594 3839 730 3894; x_wconf 76' lang='lat' dir='ltr'><strong>favoribus</strong></span> <span class='ocrx_word' id='word_1_358' title='bbox 747 3840 865 3892; x_wconf 79' lang='lat' dir='ltr'><strong>fovenda</strong></span> <span class='ocrx_word' id='word_1_359' title='bbox 881 3842 923 3892; x_wconf 91' lang='lat' dir='ltr'><strong>sit.</strong></span> <span class='ocrx_word' id='word_1_360' title='bbox 949 3857 1004 3893; x_wconf 92' lang='lat' dir='ltr'><strong>uon</strong></span> <span class='ocrx_word' id='word_1_361' title='bbox 1021 3842 1102 3906; x_wconf 89' lang='lat' dir='ltr'><strong>igitur</strong></span> <span class='ocrx_word' id='word_1_362' title='bbox 1120 3840 1226 3907; x_wconf 88' lang='lat' dir='ltr'><strong>expedit</strong></span> <span class='ocrx_word' id='word_1_363' title='bbox 1243 3837 1387 3890; x_wconf 80' lang='lat' dir='ltr'><strong>universali</strong></span> 
     </span>
     <span class='ocr_line' id='line_1_37' title="bbox 126 3923 1389 3993; baseline 0.002 -19"><span class='ocrx_word' id='word_1_364' title='bbox 126 3923 267 3974; x_wconf 83' lang='lat' dir='ltr'><strong>ecclesiae.</strong></span> <span class='ocrx_word' id='word_1_365' title='bbox 285 3925 315 3974; x_wconf 77' lang='lat'><strong>2⁰</strong></span> <span class='ocrx_word' id='word_1_366' title='bbox 357 3923 490 3976; x_wconf 67' lang='lat' dir='ltr'><strong>attolles</strong></span> <span class='ocrx_word' id='word_1_367' title='bbox 507 3925 622 3977; x_wconf 87' lang='lat' dir='ltr'><strong>ecclesia</strong></span> <span class='ocrx_word' id='word_1_368' title='bbox 644 3926 684 3977; x_wconf 86' lang='lat' dir='ltr'><strong>bis</strong></span> <span class='ocrx_word' id='word_1_369' title='bbox 701 3927 863 3992; x_wconf 91' lang='lat' dir='ltr'><strong>temporibus</strong></span> <span class='ocrx_word' id='word_1_370' title='bbox 880 3928 1023 3993; x_wconf 75' lang='lat' dir='ltr'><strong>aegerrime</strong></span> <span class='ocrx_word' id='word_1_371' title='bbox 1046 3927 1105 3977; x_wconf 90' lang='lat' dir='ltr'><strong>tulit</strong></span> <span class='ocrx_word' id='word_1_372' title='bbox 1124 3926 1280 3978; x_wconf 83' lang='lat' dir='ltr'><strong>Germaniae</strong></span> <span class='ocrx_word' id='word_1_373' title='bbox 1297 3927 1389 3989; x_wconf 86' lang='lat' dir='ltr'><strong>minas,</strong></span> 
     </span>
     <span class='ocr_line' id='line_1_38' title="bbox 127 4009 1388 4080; baseline 0.002 -21"><span class='ocrx_word' id='word_1_374' title='bbox 127 4009 161 4060; x_wconf 88' lang='lat' dir='ltr'><strong>de</strong></span> <span class='ocrx_word' id='word_1_375' title='bbox 185 4009 260 4060; x_wconf 87' lang='lat' dir='ltr'><strong>cuius</strong></span> <span class='ocrx_word' id='word_1_376' title='bbox 282 4009 368 4062; x_wconf 88' lang='lat' dir='ltr'><strong>salute</strong></span> <span class='ocrx_word' id='word_1_377' title='bbox 397 4011 511 4062; x_wconf 88' lang='lat' dir='ltr'><strong>sollicita</strong></span> <span class='ocrx_word' id='word_1_378' title='bbox 540 4017 596 4074; x_wconf 88' lang='lat' dir='ltr'><strong>est,</strong></span> <span class='ocrx_word' id='word_1_379' title='bbox 623 4027 657 4062; x_wconf 91' lang='lat' dir='ltr'><strong>ne</strong></span> <span class='ocrx_word' id='word_1_380' title='bbox 687 4013 821 4080; x_wconf 82' lang='lat' dir='ltr'><strong>quidpiam</strong></span> <span class='ocrx_word' id='word_1_381' title='bbox 851 4014 964 4065; x_wconf 88' lang='lat' dir='ltr'><strong>ommisit</strong></span> <span class='ocrx_word' id='word_1_382' title='bbox 993 4012 1065 4079; x_wconf 90' lang='lat' dir='ltr'><strong>quod</strong></span> <span class='ocrx_word' id='word_1_383' title='bbox 1090 4014 1179 4064; x_wconf 84' lang='lat' dir='ltr'><strong>lacere</strong></span> <span class='ocrx_word' id='word_1_384' title='bbox 1206 4015 1290 4078; x_wconf 87' lang='lat' dir='ltr'><strong>ipsam</strong></span> <span class='ocrx_word' id='word_1_385' title='bbox 1313 4027 1388 4078; x_wconf 89' lang='lat' dir='ltr'><strong>opor·</strong></span> 
     </span>
     <span class='ocr_line' id='line_1_39' title="bbox 126 4095 1388 4166; baseline 0.002 -20"><span class='ocrx_word' id='word_1_386' title='bbox 126 4097 186 4149; x_wconf 88' lang='lat' dir='ltr'><strong>tuit.</strong></span> <span class='ocrx_word' id='word_1_387' title='bbox 204 4097 320 4146; x_wconf 84' lang='lat' dir='ltr'><strong>vicissim</strong></span> <span class='ocrx_word' id='word_1_388' title='bbox 343 4095 411 4148; x_wconf 87' lang='lat' dir='ltr'><strong>adeo</strong></span> <span class='ocrx_word' id='word_1_389' title='bbox 430 4103 635 4148; x_wconf 84' lang='lat' dir='ltr'><strong>consentaneum</strong></span> <span class='ocrx_word' id='word_1_390' title='bbox 661 4104 702 4148; x_wconf 86' lang='lat' dir='ltr'><strong>eet</strong></span> <span class='ocrx_word' id='word_1_391' title='bbox 717 4104 748 4148; x_wconf 89' lang='lat' dir='ltr'><strong>nt</strong></span> <span class='ocrx_word' id='word_1_392' title='bbox 770 4099 851 4166; x_wconf 90' lang='lat' dir='ltr'><strong>iiqui</strong></span> <span class='ocrx_word' id='word_1_393' title='bbox 875 4099 908 4150; x_wconf 83' lang='lat' dir='ltr'><strong>ab</strong></span> <span class='ocrx_word' id='word_1_394' title='bbox 926 4099 1028 4150; x_wconf 90' lang='lat' dir='ltr'><strong>unitate</strong></span> <span class='ocrx_word' id='word_1_395' title='bbox 1052 4099 1234 4156; x_wconf 81' lang='lat' dir='ltr'><strong>discesserant.</strong></span> <span class='ocrx_word' id='word_1_396' title='bbox 1264 4099 1287 4148; x_wconf 91' lang='lat' dir='ltr'><strong>si</strong></span> <span class='ocrx_word' id='word_1_397' title='bbox 1309 4095 1388 4149; x_wconf 90' lang='lat' dir='ltr'><strong>modo</strong></span> 
     </span>
     <span class='ocr_line' id='line_1_40' title="bbox 127 4185 1389 4252; baseline 0 -18"><span class='ocrx_word' id='word_1_398' title='bbox 127 4199 190 4235; x_wconf 83' lang='lat' dir='ltr'><strong>vere</strong></span> <span class='ocrx_word' id='word_1_399' title='bbox 214 4189 415 4249; x_wconf 82' lang='lat' dir='ltr'><strong>convertuntur,</strong></span> <span class='ocrx_word' id='word_1_400' title='bbox 447 4186 497 4237; x_wconf 91' lang='lat' dir='ltr'><strong>toti</strong></span> <span class='ocrx_word' id='word_1_401' title='bbox 519 4185 621 4252; x_wconf 87' lang='lat' dir='ltr'><strong>integro</strong></span> <span class='ocrx_word' id='word_1_402' title='bbox 650 4187 754 4250; x_wconf 88' lang='lat' dir='ltr'><strong>corpori</strong></span> <span class='ocrx_word' id='word_1_403' title='bbox 777 4186 943 4238; x_wconf 69' lang='lat' dir='ltr'><strong>mustacim</strong></span> <span class='ocrx_word' id='word_1_404' title='bbox 965 4187 1095 4252; x_wconf 87' lang='lat' dir='ltr'><strong>certisque</strong></span> <span class='ocrx_word' id='word_1_405' title='bbox 1120 4185 1280 4250; x_wconf 71' lang='lat' dir='ltr'><strong>argumentis</strong></span> <span class='ocrx_word' id='word_1_406' title='bbox 1302 4189 1389 4234; x_wconf 89' lang='lat' dir='ltr'><strong>osten·</strong></span> 
     </span>
     <span class='ocr_line' id='line_1_41' title="bbox 130 4269 1389 4337; baseline -0.002 -16"><span class='ocrx_word' id='word_1_407' title='bbox 130 4271 194 4321; x_wconf 89' lang='lat' dir='ltr'><strong>dant</strong></span> <span class='ocrx_word' id='word_1_408' title='bbox 227 4269 329 4322; x_wconf 89' lang='lat' dir='ltr'><strong>nullum</strong></span> <span class='ocrx_word' id='word_1_409' title='bbox 357 4272 460 4336; x_wconf 89' lang='lat' dir='ltr'><strong>pristini</strong></span> <span class='ocrx_word' id='word_1_410' title='bbox 490 4273 584 4322; x_wconf 86' lang='lat' dir='ltr'><strong>erroris</strong></span> <span class='ocrx_word' id='word_1_411' title='bbox 613 4272 753 4337; x_wconf 82' lang='lat' dir='ltr'><strong>vestigium</strong></span> <span class='ocrx_word' id='word_1_412' title='bbox 783 4285 941 4337; x_wconf 87' lang='lat' dir='ltr'><strong>susperesse.</strong></span> <span class='ocrx_word' id='word_1_413' title='bbox 974 4287 1034 4322; x_wconf 89' lang='lat' dir='ltr'><strong>com</strong></span> <span class='ocrx_word' id='word_1_414' title='bbox 1058 4286 1121 4322; x_wconf 83' lang='lat' dir='ltr'><strong>vero</strong></span> <span class='ocrx_word' id='word_1_415' title='bbox 1144 4270 1281 4336; x_wconf 88' lang='lat' dir='ltr'><strong>hucusque</strong></span> <span class='ocrx_word' id='word_1_416' title='bbox 1304 4271 1389 4335; x_wconf 81' lang='lat' dir='ltr'><strong>pervi-</strong></span> 
     </span>
     <span class='ocr_line' id='line_1_42' title="bbox 130 4353 1389 4424; baseline -0.002 -17"><span class='ocrx_word' id='word_1_417' title='bbox 130 4359 230 4407; x_wconf 87' lang='lat' dir='ltr'><strong>caciter</strong></span> <span class='ocrx_word' id='word_1_418' title='bbox 258 4357 417 4408; x_wconf 85' lang='lat' dir='ltr'><strong>asseruerint</strong></span> <span class='ocrx_word' id='word_1_419' title='bbox 446 4358 656 4408; x_wconf 85' lang='lat' dir='ltr'><strong>communionem</strong></span> <span class='ocrx_word' id='word_1_420' title='bbox 685 4358 734 4410; x_wconf 91' lang='lat' dir='ltr'><strong>sub</strong></span> <span class='ocrx_word' id='word_1_421' title='bbox 760 4363 872 4424; x_wconf 88' lang='lat' dir='ltr'><strong>utraque</strong></span> <span class='ocrx_word' id='word_1_422' title='bbox 889 4359 978 4424; x_wconf 87' lang='lat' dir='ltr'><strong>specie</strong></span> <span class='ocrx_word' id='word_1_423' title='bbox 1008 4357 1183 4408; x_wconf 85' lang='lat' dir='ltr'><strong>necessariam</strong></span> <span class='ocrx_word' id='word_1_424' title='bbox 1207 4371 1265 4407; x_wconf 91' lang='lat' dir='ltr'><strong>esse</strong></span> <span class='ocrx_word' id='word_1_425' title='bbox 1295 4361 1322 4406; x_wconf 91' lang='lat' dir='ltr'><strong>et</strong></span> <span class='ocrx_word' id='word_1_426' title='bbox 1344 4353 1389 4405; x_wconf 86' lang='lat' dir='ltr'><strong>sd-</strong></span> 
     </span>
     <span class='ocr_line' id='line_1_43' title="bbox 130 4439 1390 4510; baseline -0.003 -16"><span class='ocrx_word' id='word_1_427' title='bbox 130 4458 222 4494; x_wconf 82' lang='lat' dir='ltr'><strong>versus</strong></span> <span class='ocrx_word' id='word_1_428' title='bbox 240 4441 271 4494; x_wconf 80' lang='lat' dir='ltr'>R</span> <span class='ocrx_word' id='word_1_429' title='bbox 292 4443 434 4496; x_wconf 84' lang='lat' dir='ltr'><strong>eeclesiam</strong></span> <span class='ocrx_word' id='word_1_430' title='bbox 451 4442 522 4509; x_wconf 85' lang='lat' dir='ltr'><strong>qnod</strong></span> <span class='ocrx_word' id='word_1_431' title='bbox 540 4441 568 4492; x_wconf 92' lang='lat' dir='ltr'><strong>id</strong></span> <span class='ocrx_word' id='word_1_432' title='bbox 585 4444 721 4510; x_wconf 79' lang='lat' dir='ltr'><strong>negaverit</strong></span> <span class='ocrx_word' id='word_1_433' title='bbox 738 4443 904 4509; x_wconf 88' lang='lat' dir='ltr'><strong>impudenter</strong></span> <span class='ocrx_word' id='word_1_434' title='bbox 921 4444 1147 4506; x_wconf 79' lang='lat' dir='ltr'><strong>murmuraverint,</strong></span> <span class='ocrx_word' id='word_1_435' title='bbox 1170 4439 1290 4493; x_wconf 89' lang='lat' dir='ltr'><strong>simodo</strong></span> <span class='ocrx_word' id='word_1_436' title='bbox 1312 4440 1390 4492; x_wconf 87' lang='lat' dir='ltr'><strong>aliter</strong></span> 
     </span>
     <span class='ocr_line' id='line_1_44' title="bbox 130 4526 1389 4596; baseline -0.002 -17"><span class='ocrx_word' id='word_1_437' title='bbox 130 4528 232 4580; x_wconf 83' lang='lat' dir='ltr'><strong>reddire</strong></span> <span class='ocrx_word' id='word_1_438' title='bbox 254 4529 347 4580; x_wconf 89' lang='lat' dir='ltr'><strong>nolunt</strong></span> <span class='ocrx_word' id='word_1_439' title='bbox 364 4529 414 4580; x_wconf 89' lang='lat' dir='ltr'><strong>nisi</strong></span> <span class='ocrx_word' id='word_1_440' title='bbox 426 4529 510 4580; x_wconf 86' lang='lat' dir='ltr'><strong>calice</strong></span> <span class='ocrx_word' id='word_1_441' title='bbox 528 4529 646 4592; x_wconf 88' lang='lat' dir='ltr'><strong>obtento,</strong></span> <span class='ocrx_word' id='word_1_442' title='bbox 665 4544 718 4580; x_wconf 90' lang='lat' dir='ltr'><strong>non</strong></span> <span class='ocrx_word' id='word_1_443' title='bbox 743 4526 879 4581; x_wconf 79' lang='lat' dir='ltr'><strong>mediocre</strong></span> <span class='ocrx_word' id='word_1_444' title='bbox 892 4530 1027 4596; x_wconf 90' lang='lat' dir='ltr'><strong>specimen</strong></span> <span class='ocrx_word' id='word_1_445' title='bbox 1035 4543 1100 4594; x_wconf 87' lang='lat' dir='ltr'><strong>prae</strong></span> <span class='ocrx_word' id='word_1_446' title='bbox 1112 4543 1141 4579; x_wconf 91' lang='lat' dir='ltr'><strong>se</strong></span> <span class='ocrx_word' id='word_1_447' title='bbox 1152 4527 1238 4580; x_wconf 79' lang='lat' dir='ltr'><strong>terent</strong></span> <span class='ocrx_word' id='word_1_448' title='bbox 1255 4529 1282 4578; x_wconf 93' lang='lat' dir='ltr'><strong>in</strong></span> <span class='ocrx_word' id='word_1_449' title='bbox 1294 4526 1389 4578; x_wconf 84' lang='lat' dir='ltr'><strong>eadem</strong></span> 
     </span>
     <span class='ocr_line' id='line_1_45' title="bbox 133 4614 1391 4683; baseline -0.002 -17"><span class='ocrx_word' id='word_1_450' title='bbox 133 4617 264 4666; x_wconf 76' lang='lat' dir='ltr'><strong>sentent&#39;a</strong></span> <span class='ocrx_word' id='word_1_451' title='bbox 285 4617 426 4680; x_wconf 87' lang='lat' dir='ltr'><strong>persistere</strong></span> <span class='ocrx_word' id='word_1_452' title='bbox 452 4621 532 4682; x_wconf 88' lang='lat' dir='ltr'><strong>atque</strong></span> <span class='ocrx_word' id='word_1_453' title='bbox 555 4615 624 4666; x_wconf 86' lang='lat' dir='ltr'><strong>adeo</strong></span> <span class='ocrx_word' id='word_1_454' title='bbox 641 4614 785 4667; x_wconf 79' lang='lat' dir='ltr'><strong>universali</strong></span> <span class='ocrx_word' id='word_1_455' title='bbox 807 4616 946 4680; x_wconf 87' lang='lat' dir='ltr'><strong>ecclesiae,</strong></span> <span class='ocrx_word' id='word_1_456' title='bbox 973 4620 1004 4666; x_wconf 92' lang='lat' dir='ltr'><strong>ut</strong></span> <span class='ocrx_word' id='word_1_457' title='bbox 1018 4630 1069 4683; x_wconf 89' lang='lat' dir='ltr'><strong>psr</strong></span> <span class='ocrx_word' id='word_1_458' title='bbox 1086 4621 1149 4678; x_wconf 88' lang='lat' dir='ltr'><strong>erat,</strong></span> <span class='ocrx_word' id='word_1_459' title='bbox 1173 4616 1201 4664; x_wconf 91' lang='lat' dir='ltr'><strong>in</strong></span> <span class='ocrx_word' id='word_1_460' title='bbox 1219 4629 1310 4664; x_wconf 85' lang='lat' dir='ltr'><strong>eorum</strong></span> <span class='ocrx_word' id='word_1_461' title='bbox 1329 4628 1391 4664; x_wconf 93' lang='lat' dir='ltr'><strong>con-</strong></span> 
     </span>
     <span class='ocr_line' id='line_1_46' title="bbox 134 4701 1390 4766; baseline 0.002 -16"><span class='ocrx_word' id='word_1_462' title='bbox 134 4704 254 4753; x_wconf 77' lang='lat' dir='ltr'><strong>versione</strong></span> <span class='ocrx_word' id='word_1_463' title='bbox 271 4717 326 4754; x_wconf 91' lang='lat' dir='ltr'><strong>non</strong></span> <span class='ocrx_word' id='word_1_464' title='bbox 342 4701 459 4754; x_wconf 80' lang='lat' dir='ltr'><strong>satisfiet</strong></span> <span class='ocrx_word' id='word_1_465' title='bbox 478 4706 508 4753; x_wconf 64' lang='grc' dir='ltr'><strong>δ’</strong></span> <span class='ocrx_word' id='word_1_466' title='bbox 538 4716 571 4752; x_wconf 83' lang='lat' dir='ltr'><strong>ea</strong></span> <span class='ocrx_word' id='word_1_467' title='bbox 588 4702 669 4753; x_wconf 91' lang='lat' dir='ltr'><strong>debet</strong></span> <span class='ocrx_word' id='word_1_468' title='bbox 686 4717 744 4753; x_wconf 89' lang='lat' dir='ltr'><strong>ease</strong></span> <span class='ocrx_word' id='word_1_469' title='bbox 761 4705 789 4752; x_wconf 92' lang='lat' dir='ltr'><strong>in</strong></span> <span class='ocrx_word' id='word_1_470' title='bbox 806 4702 949 4753; x_wconf 82' lang='lat' dir='ltr'><strong>universali</strong></span> <span class='ocrx_word' id='word_1_471' title='bbox 961 4702 1076 4753; x_wconf 87' lang='lat' dir='ltr'><strong>ecclesia</strong></span> <span class='ocrx_word' id='word_1_472' title='bbox 1088 4703 1223 4764; x_wconf 87' lang='lat' dir='ltr'><strong>autoritas,</strong></span> <span class='ocrx_word' id='word_1_473' title='bbox 1242 4715 1274 4752; x_wconf 91' lang='lat' dir='ltr'><strong>ea</strong></span> <span class='ocrx_word' id='word_1_474' title='bbox 1286 4702 1314 4750; x_wconf 92' lang='lat' dir='ltr'><strong>in</strong></span> <span class='ocrx_word' id='word_1_475' title='bbox 1326 4715 1390 4766; x_wconf 91' lang='lat' dir='ltr'><strong>pon·</strong></span> 
     </span>
     <span class='ocr_line' id='line_1_47' title="bbox 133 4787 1391 4856; baseline -0.002 -18"><span class='ocrx_word' id='word_1_476' title='bbox 133 4787 203 4838; x_wconf 86' lang='lat' dir='ltr'><strong>titios</strong></span> <span class='ocrx_word' id='word_1_477' title='bbox 222 4789 337 4838; x_wconf 85' lang='lat' dir='ltr'><strong>omnium</strong></span> <span class='ocrx_word' id='word_1_478' title='bbox 364 4787 480 4840; x_wconf 85' lang='lat' dir='ltr'><strong>fidelium</strong></span> <span class='ocrx_word' id='word_1_479' title='bbox 497 4793 604 4854; x_wconf 84' lang='lat' dir='ltr'><strong>pastore</strong></span> <span class='ocrx_word' id='word_1_480' title='bbox 622 4789 745 4855; x_wconf 77' lang='lat' dir='ltr'><strong>gravitas,</strong></span> <span class='ocrx_word' id='word_1_481' title='bbox 769 4793 800 4839; x_wconf 89' lang='lat' dir='ltr'><strong>ut</strong></span> <span class='ocrx_word' id='word_1_482' title='bbox 816 4788 889 4856; x_wconf 87' lang='lat' dir='ltr'><strong>leges</strong></span> <span class='ocrx_word' id='word_1_483' title='bbox 907 4787 1019 4839; x_wconf 88' lang='lat' dir='ltr'><strong>subditis</strong></span> <span class='ocrx_word' id='word_1_484' title='bbox 1036 4793 1116 4854; x_wconf 83' lang='lat' dir='ltr'><strong>atque</strong></span> <span class='ocrx_word' id='word_1_485' title='bbox 1133 4789 1207 4853; x_wconf 83' lang='lat' dir='ltr'><strong>pacis</strong></span> <span class='ocrx_word' id='word_1_486' title='bbox 1226 4787 1391 4838; x_wconf 88' lang='lat' dir='ltr'><strong>conditiones</strong></span> 
     </span>
     <span class='ocr_line' id='line_1_48' title="bbox 133 4871 1392 4942; baseline -0.002 -18"><span class='ocrx_word' id='word_1_487' title='bbox 133 4873 277 4926; x_wconf 88' lang='lat' dir='ltr'><strong>rebellibus</strong></span> <span class='ocrx_word' id='word_1_488' title='bbox 286 4875 430 4940; x_wconf 86' lang='lat' dir='ltr'><strong>imponant,</strong></span> <span class='ocrx_word' id='word_1_489' title='bbox 448 4879 476 4925; x_wconf 88' lang='lat' dir='ltr'><strong>et</strong></span> <span class='ocrx_word' id='word_1_490' title='bbox 489 4889 522 4926; x_wconf 85' lang='lat' dir='ltr'><strong>es</strong></span> <span class='ocrx_word' id='word_1_491' title='bbox 533 4888 637 4940; x_wconf 88' lang='lat' dir='ltr'><strong>semper</strong></span> <span class='ocrx_word' id='word_1_492' title='bbox 649 4889 759 4926; x_wconf 83' lang='lat' dir='ltr'><strong>censura</strong></span> <span class='ocrx_word' id='word_1_493' title='bbox 777 4874 803 4928; x_wconf 79' lang='lat' dir='ltr'><strong>S.</strong></span> <span class='ocrx_word' id='word_1_494' title='bbox 816 4882 905 4942; x_wconf 79' lang='lat' dir='ltr'><strong>petrea</strong></span> <span class='ocrx_word' id='word_1_495' title='bbox 922 4877 950 4924; x_wconf 92' lang='lat' dir='ltr'><strong>in</strong></span> <span class='ocrx_word' id='word_1_496' title='bbox 961 4875 1103 4926; x_wconf 88' lang='lat' dir='ltr'><strong>redeuntes</strong></span> <span class='ocrx_word' id='word_1_497' title='bbox 1114 4875 1156 4924; x_wconf 91' lang='lat' dir='ltr'><strong>osi</strong></span> <span class='ocrx_word' id='word_1_498' title='bbox 1167 4878 1228 4924; x_wconf 91' lang='lat' dir='ltr'><strong>sunt</strong></span> <span class='ocrx_word' id='word_1_499' title='bbox 1240 4878 1270 4924; x_wconf 93' lang='lat' dir='ltr'><strong>nt</strong></span> <span class='ocrx_word' id='word_1_500' title='bbox 1281 4871 1392 4940; x_wconf 61' lang='lat' dir='ltr'><strong>pfflnm</strong></span> 
     </span>
     <span class='ocr_line' id='line_1_49' title="bbox 134 4958 1390 5028; baseline -0.002 -18"><span class='ocrx_word' id='word_1_501' title='bbox 134 4962 197 5027; x_wconf 87' lang='lat' dir='ltr'><strong>ipsis</strong></span> <span class='ocrx_word' id='word_1_502' title='bbox 215 4959 383 5028; x_wconf 85' lang='lat' dir='ltr'><strong>designarent</strong></span> <span class='ocrx_word' id='word_1_503' title='bbox 401 4966 429 5012; x_wconf 82' lang='lat' dir='ltr'><strong>st</strong></span> <span class='ocrx_word' id='word_1_504' title='bbox 445 4961 519 5013; x_wconf 85' lang='lat' dir='ltr'><strong>nulla</strong></span> <span class='ocrx_word' id='word_1_505' title='bbox 534 4963 636 5013; x_wconf 80' lang='lat' dir='ltr'><strong>ratione</strong></span> <span class='ocrx_word' id='word_1_506' title='bbox 653 4966 812 5026; x_wconf 84' lang='lat' dir='ltr'><strong>paterentur,</strong></span> <span class='ocrx_word' id='word_1_507' title='bbox 828 4966 860 5012; x_wconf 93' lang='lat' dir='ltr'><strong>nt</strong></span> <span class='ocrx_word' id='word_1_508' title='bbox 871 4965 1033 5012; x_wconf 83' lang='lat' dir='ltr'><strong>revertentes</strong></span> <span class='ocrx_word' id='word_1_509' title='bbox 1051 4958 1217 5011; x_wconf 86' lang='lat' dir='ltr'><strong>conditiones</strong></span> <span class='ocrx_word' id='word_1_510' title='bbox 1236 4963 1390 5024; x_wconf 85' lang='lat' dir='ltr'><strong>exposcant,</strong></span> 
     </span>
     <span class='ocr_line' id='line_1_50' title="bbox 134 5043 1391 5114; baseline -0.002 -17"><span class='ocrx_word' id='word_1_511' title='bbox 134 5045 181 5097; x_wconf 87' lang='lat' dir='ltr'><strong>sed</strong></span> <span class='ocrx_word' id='word_1_512' title='bbox 198 5047 332 5114; x_wconf 85' lang='lat' dir='ltr'><strong>supplices</strong></span> <span class='ocrx_word' id='word_1_513' title='bbox 350 5049 454 5100; x_wconf 79' lang='lat' dir='ltr'><strong>veniam</strong></span> <span class='ocrx_word' id='word_1_514' title='bbox 471 5053 570 5113; x_wconf 74' lang='lat' dir='ltr'><strong>petant,</strong></span> <span class='ocrx_word' id='word_1_515' title='bbox 590 5046 690 5113; x_wconf 84' lang='lat' dir='ltr'><strong>alioqui</strong></span> <span class='ocrx_word' id='word_1_516' title='bbox 712 5048 840 5100; x_wconf 86' lang='lat' dir='ltr'><strong>eiusmodi</strong></span> <span class='ocrx_word' id='word_1_517' title='bbox 853 5047 949 5100; x_wconf 74' lang='lat' dir='ltr'><strong>lenius</strong></span> <span class='ocrx_word' id='word_1_518' title='bbox 965 5047 1127 5100; x_wconf 79' lang='lat' dir='ltr'><strong>incentivum</strong></span> <span class='ocrx_word' id='word_1_519' title='bbox 1144 5047 1292 5112; x_wconf 84' lang='lat' dir='ltr'><strong>praeberet,</strong></span> <span class='ocrx_word' id='word_1_520' title='bbox 1310 5043 1391 5096; x_wconf 91' lang='lat' dir='ltr'><strong>dslin·</strong></span> 
     </span>
     <span class='ocr_line' id='line_1_51' title="bbox 120 5149 1189 5200; baseline 0.001 -10"><span class='ocrx_word' id='word_1_521' title='bbox 120 5149 455 5195; x_wconf 68' lang='lat' dir='ltr'><strong>assistataacosou.</strong></span> <span class='ocrx_word' id='word_1_522' title='bbox 1156 5151 1189 5200; x_wconf 74' lang='lat'><strong>25</strong></span> 
     </span>
    </p>
   </div>
   <div class='ocr_carea' id='block_1_8' title="bbox 0 0 1765 5826">
    <p class='ocr_par' dir='ltr' id='par_1_9' title="bbox 0 0 1765 5826">
     <span class='ocr_line' id='line_1_52' title="bbox 0 0 1765 5826; baseline 0 0"><span class='ocrx_word' id='word_1_523' title='bbox 0 0 1765 5826; x_wconf 95' lang='lat' dir='ltr'><strong> </strong></span> 
     </span>
    </p>
   </div>
  </div>
 </body>
</html>
