3498 5818
402 660 436 710 et
447 659 520 712 Oet:
538 657 569 706 lu
588 655 757 710 cardinalium
775 658 930 712 consistorio
947 657 980 710 de
996 657 1081 712 Gallis
1098 659 1265 712 vehementur
1281 663 1323 710 est
1336 663 1505 728 conquestus,
1524 659 1667 712 summane

406 762 435 798 se
452 745 486 796 ab
504 746 543 796 eis
561 745 697 811 deceptum
716 761 780 808 csse,
799 761 858 796 curn
875 745 951 796 bouis
969 745 1055 796 verbis
1074 762 1162 798 secum
1181 745 1285 798 assidcm
1305 746 1359 797 sint
1381 747 1436 808 usi,
1460 745 1575 813 deniquo
1599 762 1668 798 vero

403 837 514 882 annates
533 831 693 882 sustulerint.
729 831 789 898 Vgl.
807 831 854 884 das
874 831 944 882 (litat
961 846 1009 882 aus
1027 833 1098 882 einer
1115 832 1182 884 auch
1201 832 1283 883 achon
1305 848 1357 883 ven
1380 831 1536 883 Pullavicini
1554 835 1588 896 2,
1614 835 1669 888 239

402 917 543 968 beuututeu
561 919 720 969 instruction
744 917 789 968 des
809 919 839 972 B.
857 933 910 968 von
927 917 1035 970 Viturbo
1059 933 1118 969 vom
1142 917 1235 970 sect.
1259 922 1286 970 in
1310 918 1432 970 Ldmmer
1456 917 1514 984 (aur
1530 919 1667 970 liic-chen·

403 1002 491 1068 gcscb.
509 1004 556 1055 des
578 1006 609 1058 16
626 1005 679 1055 und
699 1005 730 1058 17
744 1003 843 1070 dets.)
864 1007 920 1058 119.
934 1033 963 1042 -
977 1003 1031 1055 Der
1043 1005 1109 1056 Plan
1127 1003 1172 1056 des
1183 1005 1293 1072 Pspstss
1310 1005 1378 1056 nach
1398 1006 1510 1071 Perugla
1527 1021 1562 1056 au
1575 1007 1669 1056 reiseu

402 1090 454 1154 gab
466 1103 500 1142 an
511 1091 570 1141 dem
582 1090 698 1142 Gerlicbt
709 1091 805 1142 Aulum
818 1091 879 1141 dens
892 1107 920 1141 er
932 1089 1027 1142 wieder
1041 1091 1098 1142 elne
1111 1089 1345 1142 Zussunuenkunit
1357 1093 1405 1142 mit
1415 1091 1474 1142 dem
1485 1091 1596 1155 Herzog
1614 1107 1668 1144 von

402 1176 525 1228 Tuscana
547 1175 634 1228 balteu
659 1176 750 1242 welle,
778 1176 893 1228 weshalb
915 1177 1002 1228 dieser
1019 1178 1082 1230 Plus
1107 1178 1152 1228 but
1177 1178 1219 1230 die
1236 1177 1316 1230 Boius
1338 1177 1501 1243 auftngebeu
1519 1177 1602 1244 (Acco
1621 1194 1666 1228 am

405 1264 436 1316 13
454 1261 544 1330 Sept).
580 1263 618 1314 Er
634 1263 718 1330 begab
736 1262 793 1314 uicb
811 1268 875 1314 statt
892 1263 985 1316 dassen
1013 1279 1056 1316 am
1081 1267 1112 1316 li
1136 1263 1194 1316 Oct.
1223 1263 1291 1316 nsnb
1315 1264 1518 1318 Civitaveocbia
1554 1263 1601 1316 Ad
1625 1265 1666 1316 xi

404 1347 453 1402 cal.
471 1349 538 1404 Nos.
556 1347 585 1400 S.
604 1348 655 1400 ΒΨ
672 1349 706 1402 ad
725 1349 819 1402 Urbem
837 1351 915 1402 rediit
932 1350 1048 1416 podagra
1067 1367 1204 1417 parumper
1226 1352 1362 1414 laborans,
1386 1353 1432 1418 qui
1449 1355 1536 1402 minen
1554 1350 1666 1402 morbus

406 1435 506 1486 nullum
523 1435 641 1502 negociis
660 1435 775 1491 eiusdem
792 1435 1005 1507 impedimentum
1022 1435 1097 1490 aliert
1115 1435 1194 1508 (Arce
1212 1453 1255 1490 am
1272 1441 1306 1493 25
1324 1437 1403 1508 Oct).

898 1633 1095 1648 m

881 1867 1119 1956 CXXXIV.

581 2086 660 2162 Der
687 2087 820 2162 ltaiaer
847 2108 893 2161 en
921 2088 1052 2164 selueru
1082 2085 1224 2164 Orator
1252 2087 1287 2162 iu
1315 2086 1428 2182 llom;

725 2240 824 2305 Prag‚
845 2245 881 2294 15
900 2241 965 2292 und
983 2243 1023 2294 20
1039 2239 1184 2292 October
1204 2241 1295 2295 1661.

600 2423 734 2480 meam.
762 2421 876 2494 mnan
889 2425 946 2478 aad
961 2423 1131 2492 Retmchrt'st
1146 2441 1202 2480 coru
1217 2423 1259 2478 15
1273 2423 1394 2478 October.

440 2599 541 2689 [Nauh
561 2601 707 2671 Hiuuveis
735 2603 795 2670 aui
820 2603 882 2670 den
909 2605 1045 2670 aweiteu
1065 2602 1188 2670 Absatz
1219 2626 1284 2670 von
1305 2602 1361 2668 Nu.
1385 2599 1522 2692 cxvss]
1542 2653 1549 2668 .
1568 2651 1597 2666 ..
1628 2623 1665 2666 ea

336 2725 414 2770 sane
429 2703 479 2770 8⁸¹
492 2705 525 2770 S.
547 2705 698 2772 familiari
720 2716 752 2772 et
773 2715 907 2794 paterna
929 2707 1146 2774 admonitione
1160 2705 1242 2790 freti,
1264 2729 1329 2773 non
1345 2704 1517 2772 admodum
1533 2704 1664 2794 quidem

339 2809 524 2875 curavimus
546 2809 768 2876 vehementem
791 2821 823 2876 et
850 2809 1013 2876 assiduam
1040 2821 1106 2876 tum
1135 2811 1236 2898 ipsius
1258 2809 1313 2876 R¹l¹
1338 2809 1508 2876 cardinalis
1536 2821 1608 2876 tuum
1625 2817 1666 2871 -et

335 2909 385 2976 R⁶¹
407 2911 527 2978 Delfini
549 2916 658 2981 nuncii
681 2913 850 3002 apostolici
872 2915 1072 2996 instantiam,
1101 2937 1164 3002 qua
1193 2914 1278 2978 hane
1305 2935 1373 2979 rem
1398 2913 1484 3000 apud
1506 2936 1570 2979 nos
1594 2935 1662 2998 ege

336 3026 423 3098 runt;
447 3028 665 3084 verumtamen
687 3019 861 3105 profiterea
883 3020 980 3084 etiam
1001 3016 1082 3086 nihil
1103 3017 1223 3084 laboris
1252 3025 1308 3082 aut
1330 3016 1426 3082 studii
1448 3017 1662 3104 praetermisi·

336 3139 415 3200 mus,
438 3131 473 3185 ut
495 3121 700 3188 nihilominus
722 3124 808 3188 viros
831 3122 964 3189 idoneos
979 3123 1194 3187 inveniremus
1211 3145 1250 3187 ac
1266 3123 1312 3186 ita
1333 3122 1505 3188 instructos
1528 3120 1661 3185 habere-

335 3241 424 3308 mus,
456 3235 489 3290 ut
511 3226 766 3315 quandocunque
794 3227 879 3292 aS⁸⁸
902 3225 934 3292 S.
968 3226 1210 3290 admoneremur
1232 3225 1273 3290 de
1293 3224 1456 3291 mittendis
1477 3223 1560 3304 illis,
1590 3245 1661 3288 mox

338 3347 409 3390 sese
431 3329 537 3394 itineri
560 3334 757 3398 committere
780 3341 811 3398 et
832 3337 921 3396 reete
942 3327 1130 3394 Tridentum
1159 3329 1319 3416 proficisci
1347 3339 1493 3416 possent,
1525 3347 1660 3414 eamque

341 3427 471 3498 obrem
496 3456 567 3499 cum
591 3433 782 3522 quibusdam
802 3435 986 3523 praecipuis
1010 3431 1201 3500 consiliariis
1223 3433 1350 3516 nostris,
1375 3455 1454 3520 quos
1482 3441 1575 3497 tanto
1597 3452 1659 3494 mu·

338 3537 408 3600 neri
429 3535 563 3604 ferendo
586 3546 619 3603 et
641 3539 877 3605 existimatione
900 3537 1120 3624 dignitateque
1142 3547 1175 3604 et
1202 3536 1373 3622 prudentia
1399 3557 1572 3622 rerumque
1605 3554 1660 3596 usu

336 3661 432 3726 pares
455 3663 525 3705 esse
547 3640 736 3724 indidemne,
757 3659 885 3708 'summa
906 3641 1073 3726 diligentia
1088 3649 1124 3706 ut
1137 3640 1338 3725 provinciam
1353 3640 1447 3704 istam
1459 3639 1659 3725 susciperent

337 3743 469 3809 tractari
490 3743 633 3810 fecimus.
662 3767 747 3810 nnnc
770 3767 845 3811 vero
873 3743 924 3809 his
953 3743 1108 3830 proximis
1138 3741 1252 3807 diebus
1281 3753 1313 3807 et
1343 3744 1527 3829 priusquam
1559 3739 1660 3804 adhue
1735 3767 1736 3780 ι

337 3845 454 3934 aliquis
476 3847 518 3914 ad
547 3848 746 3916 subeundam
775 3847 954 3914 istiusmodi
981 3844 1173 3933 legationem
1205 3845 1314 3912 induci
1343 3845 1461 3932 potuit,
1492 3844 1654 3930 praefatus

336 3951 402 4017 Ru.
421 3953 556 4018 nuncius
581 3951 630 4018 8⁸¹⁸
653 3951 685 4017 S.
715 3953 842 4018 nomine
870 3950 1023 4038 singulari
1054 3949 1193 4038 quadarn
1222 3973 1299 4014 cura
1325 3971 1521 4033 cosurgere
1545 3946 1655 4031 coepit,

336 4078 378 4120 ne
400 4055 638 4142 expeditionem
658 4066 832 4122 oratorum
863 4065 895 4120 et
924 4052 1141 4142 praelatorum
1169 4063 1353 4118 nostrorum
1382 4051 1499 4118 diutius
1529 4069 1654 4136 suspeu-

337 4159 493 4242 deremua,
526 4160 577 4226 ita⁴
599 4173 634 4226 ut
660 4169 832 4247 appareret
853 4158 918 4224 ΒΜ
942 4157 973 4223 S.
997 4156 1031 4222 id
1050 4167 1085 4222 et
1106 4159 1212 4222 animo
1236 4165 1268 4220 et
1288 4175 1403 4220 revera
1431 4153 1616 4240 peripsum
1636 4171 1654 4212 a

334 4263 429 4329 nobis
451 4266 623 4352 requirere.
648 4267 706 4330 etsi
729 4273 836 4329 autem
857 4283 915 4327 nos
938 4285 958 4326 a
979 4261 1142 4328 mittendis
1165 4258 1227 4325 illis
1251 4261 1319 4324 sine
1342 4259 1407 4324 alia
1429 4256 1477 4322 so·
1494 4255 1526 4321 S.
1550 4254 1654 4320 admo·

338 4369 459 4434 nilione
493 4371 708 4456 nequicquam
746 4367 968 4450 abhorremus,
1005 4363 1098 4433 modo
1132 4372 1262 4452 paratos
1292 4361 1484 4448 haberemus
1523 4381 1578 4425 eos
1606 4356 1654 4444 qui

337 4473 419 4538 mitti
441 4469 559 4538 debent
582 4482 614 4536 et
635 4470 825 4558 praesertim
848 4479 1007 4536 oratorem
1029 4471 1084 4556 qui
1106 4468 1178 4535 loeo
1195 4478 1227 4532 et
1240 4468 1369 4532 nomine
1384 4475 1492 4531 nostro
1508 4473 1653 4550 tauquam

337 4577 539 4663 imperatoris
561 4575 778 4642 &manorum
808 4573 944 4642 concilio
970 4574 1104 4654 intersit,
1127 4569 1285 4658 siquidem
1307 4572 1341 4634 in
1363 4577 1454 4634 tanta
1474 4568 1652 4633 idoneorum

337 4679 500 4745 hominum
522 4682 745 4767 penuriaque
770 4678 971 4757 laboramus,
1005 4678 1052 4742 uti
1080 4678 1144 4742 iam
1171 4674 1325 4755 diximus,
1358 4675 1531 4738 eustanum
1553 4685 1651 4736 sumus

336 4786 449 4851 incerti
473 4783 513 4850 de
535 4805 674 4872 persona
697 4805 779 4870 qnae
802 4792 857 4848 aut
879 4781 956 4847 velit
979 4791 1034 4845 aut
1064 4778 1168 4866 possit
1196 4789 1262 4844 tam
1292 4777 1448 4864 insignem
1477 4785 1509 4840 et
1530 4789 1651 4861 gravem

339 4889 533 4976 legationem
556 4899 644 4956 recte
660 4889 825 4964 sustinere,
844 4886 927 4975 quia
941 4872 1049 4960 tamen
1062 4907 1127 4950 non
1142 4905 1315 4973 possumus
1329 4881 1513 4948 coniectura
1524 4869 1650 4958 assequi,

336 5017 412 5060 num
435 4993 598 5082 praefatus
619 4994 755 5063 nuncius
777 4989 971 5080 apostolicus
992 5011 1051 5056 nos
1074 4977 1163 5058 iussu
1186 4997 1217 5054 et
1233 5007 1385 5078 expresso
1402 4982 1549 5050 mandato
1566 4970 1648 5044 Sug
