3512 5838
352 483 413 554 55⁸

349 672 514 742 steriorem
537 673 605 740 eius
627 674 753 762 negocii
775 685 909 765 partem,
932 697 1028 764 quam
1050 684 1196 744 utentes
1211 674 1396 763 scripsimus
1413 673 1452 740 D.
1468 674 1664 742 Varmiensis

350 775 393 841 ad
414 801 473 844 nos
495 779 624 844 miserat
646 788 678 844 et
700 779 741 845 ad
764 782 901 866 priorem
925 780 1012 846 illam
1035 779 1195 867 pertinere
1216 782 1433 858 nunciaverat,
1456 779 1498 844 D.
1513 778 1612 866 legati
1632 802 1663 844 se

348 890 444 947 antea
466 882 585 948 vidisse
607 893 773 970 negarunt.
797 885 883 950 idem
903 887 974 970 ipse
998 906 1125 972 quoque
1155 883 1196 950 D.
1224 884 1425 952 Varmiensis
1454 884 1595 950 affirmat
1615 904 1664 946 ue·

349 1007 411 1071 que
435 1007 469 1051 se
490 997 661 1072 propterea
685 987 726 1052 ad
748 1011 806 1052 nos
828 988 952 1053 misisse
975 989 1029 1071 ait,
1053 986 1140 1075 quod
1155 1011 1175 1052 a
1189 987 1231 1052 D.
1247 985 1362 1073 legatis
1379 987 1560 1075 profectum
1575 996 1664 1066 esset,

348 1088 405 1153 sed
427 1088 488 1154 hac
510 1113 637 1178 quoque
661 1093 691 1154 in
715 1115 750 1156 re
774 1114 857 1178 quae
879 1090 920 1156 ad
954 1093 1153 1178 propositum
1185 1093 1345 1178 pertinere
1377 1089 1551 1156 videbatur
1580 1111 1613 1154 se
1634 1088 1665 1152 fi·

348 1190 427 1256 delis
454 1191 514 1256 Me.
541 1193 580 1258 V.
609 1192 642 1258 S.
665 1195 828 1260 servitoris
858 1194 961 1260 officio
990 1193 1080 1279 fungi
1108 1191 1259 1276 voluisse,
1292 1215 1398 1280 neque
1433 1195 1611 1281 quicquam
1632 1213 1664 1255 se

347 1294 434 1360 aliud
458 1296 498 1360 ob
522 1296 631 1363 oculos
653 1299 852 1385 propositum
874 1297 1025 1362 habuisse
1032 1346 1041 1380 ,
1070 1319 1168 1384 quam
1190 1307 1226 1362 ut
1253 1296 1320 1361 M*
1349 1297 1389 1362 V.
1413 1296 1445 1360 S.
1476 1295 1667 1382 intelligeret

347 1398 432 1483 quod
454 1397 582 1464 aliunde
605 1399 668 1466 buc
691 1403 843 1488 scriptum
860 1403 908 1464 sit
932 1410 1106 1488 antequam
1129 1409 1235 1466 antem
1258 1401 1319 1464 Ma·
1341 1399 1381 1464 V.
1404 1398 1439 1465 S.
1459 1397 1613 1464 voluntas
1628 1419 1666 1462 ex

343 1498 443 1566 literis
466 1505 629 1591 proposita
651 1504 772 1586 fuisset,
795 1514 828 1568 et
849 1527 910 1588 ego
934 1502 1289 1591 Quinqueecclesiensis
1311 1503 1446 1590 privatis
1468 1500 1663 1588 quibusdam

345 1605 384 1670 de
407 1611 511 1678 causis
534 1609 574 1672 D.
598 1607 722 1694 legatos
746 1609 966 1674 convenissem
989 1607 1197 1694 audiremque
1221 1629 1275 1672 eos
1299 1607 1398 1694 queri,
1421 1605 1509 1692 quod
1533 1604 1606 1670 M*
1628 1605 1665 1668 V.

344 1706 375 1772 S.
400 1709 535 1776 subinde
558 1711 596 1776 de
619 1711 713 1776 huius
735 1709 863 1776 concilii
885 1733 1058 1796 progressu
1081 1712 1207 1776 sinistre
1230 1711 1419 1775 edoceretur
1440 1719 1473 1774 et
1493 1709 1559 1794 ipsi
1582 1707 1666 1795 apud

342 1833 413 1876 eam
435 1814 686 1897 traducerentur,
710 1823 839 1879 coaetus
863 1836 933 1878 sum
955 1814 1151 1900 respondere
1173 1835 1231 1880 nos
1254 1813 1315 1878 hoc
1337 1821 1480 1898 tempore
1503 1811 1585 1876 nihil
1602 1810 1663 1876 tale

341 1913 547 1994 intellexisse,
569 1940 682 1984 verum
705 1916 837 1982 credere
860 1939 910 1982 me
932 1916 1011 1981 illud
1032 1917 1083 1982 Ma
1105 1918 1145 1983 V.
1171 1915 1203 1982 S.
1226 1919 1387 2002 ingratum
1402 1914 1565 1980 accidisse
1581 1915 1666 1997 quod
1725 1903 1726 1920 ¹

342 2018 382 2084 de
411 2023 740 2086 excommunicatione
770 2022 901 2106 reginae
928 2018 1068 2106 Angliae
1096 2018 1307 2100 intellexerat,
1342 2027 1374 2082 et
1404 2017 1599 2104 praesertim
1621 2039 1664 2082 sc·

341 2123 479 2188 eandam
501 2123 584 2188 illius
608 2125 718 2210 scripti
740 2133 865 2209 partem
888 2145 984 2210 quam
1013 2145 1033 2188 a
1060 2122 1102 2187 D.
1125 2123 1315 2188 Varmiense
1343 2143 1576 2206 acceperamus
1604 2144 1665 2185 non

339 2227 479 2311 probari.
504 2249 576 2292 cum
599 2236 707 2292 autem
729 2227 770 2290 D.
794 2226 992 2292 Varmiensis
1016 2226 1194 2290 audivisset
1215 2225 1425 2311 posteriorem
1454 2224 1571 2308 scripti
1595 2246 1662 2308 pur·

338 2339 402 2394 tem
425 2329 476 2394 M‘¹
497 2330 536 2394 V.
567 2328 599 2394 S.
627 2329 772 2414 inprimis
801 2328 1016 2414 displicuisse,
1045 2328 1176 2414 indigne
1203 2329 1308 2394 ferens
1337 2326 1425 2414 quod
1452 2327 1525 2390 eius
1556 2327 1662 2412 scripti

339 2433 535 2496 mentionem
558 2454 666 2497 coram
688 2432 730 2495 D.
753 2433 867 2517 legatis
889 2431 1067 2498 intulissem
1090 2440 1122 2495 et
1150 2433 1293 2516 ipsorum
1319 2431 1463 2512 nomine,
1492 2439 1532 2494 ut
1555 2428 1660 2500 crede·

338 2535 424 2618 bam,
449 2536 490 2600 ad
509 2535 570 2632 vnoos
593 2536 725 2600 missum
749 2557 819 2600 esse
841 2534 991 2617 dicerem,
1023 2557 1095 2600 cum
1124 2536 1195 2621 ipse
1223 2534 1291 2600 sine
1312 2532 1354 2597 D.
1377 2531 1561 2618 legatorum
1584 2533 1661 2595 scitu

336 2661 371 2702 se
393 2639 544 2724 privatim
566 2639 691 2704 misisse
713 2647 922 2722 asseveraret,
946 2639 1052 2704 denuo
1076 2637 1205 2724 scripsit
1227 2637 1269 2702 ad
1284 2636 1326 2701 D.
1342 2634 1555 2723 Delphinum,
1579 2645 1615 2699 ut
1628 2655 1659 2698 se

336 2742 423 2827 apud
445 2742 520 2806 M“¹³
543 2742 582 2806 V.
606 2740 638 2808 S.
663 2752 906 2808 excusaret...
937 2741 978 2806 ad
1001 2751 1179 2806 extremum
1210 2739 1381 2826 diligenter
1406 2761 1441 2806 se
1473 2749 1659 2804 curaturum

336 2853 508 2926 asseverat,
531 2854 568 2909 ut
589 2867 627 2909 ea
649 2845 757 2911 omnia
779 2846 1020 2930 supprimantur
1041 2865 1134 2931 quae,
1152 2843 1193 2908 'ut
1225 2845 1295 2928 ipse
1317 2845 1371 2925 ait,
1393 2865 1488 2908 nemo
1512 2841 1597 2908 alius
1618 2843 1660 2906 vi·

337 2946 391 3012 dit.
414 2969 472 3012 nos
495 2969 622 3036 quoque
644 2947 730 3013 idem
753 2947 1005 3014 curabimus...

893 3140 1095 3150 *—

436 3357 516 3426 uum
540 3359 580 3426 ds
602 3359 754 3426 seandalo
776 3359 846 3424 heri
867 3359 901 3424 in
923 3360 1036 3424 maiori
1057 3358 1176 3446 templo
1199 3369 1280 3444 orto,
1303 3359 1343 3426 de
1366 3383 1430 3450 quo
1451 3360 1484 3428 S.
1498 3360 1537 3428 C.
1554 3359 1605 3427 Me
1618 3359 1654 3426 V.
1725 3383 1726 3450 ,

336 3462 466 3550 copiose
488 3464 665 3546 scribimus,
689 3465 795 3527 varies
818 3471 850 3526 et
872 3461 1016 3528 diversas
1037 3472 1164 3548 patrum
1181 3466 1446 3529 murmurationes
1467 3465 1652 3530 audiremus

334 3575 366 3631 et
386 3566 488 3656 valde
504 3576 715 3632 metueremus
737 3589 778 3631 ne
801 3589 844 3632 ex
866 3566 1027 3632 acerbatis
1050 3564 1249 3652 quorundam
1272 3569 1386 3632 animis
1409 3565 1560 3656 abruptio
1585 3588 1653 3632 cou-
1725 3579 1726 3648 ι

332 3667 396 3734 cilii
420 3671 547 3736 omnino
570 3679 764 3757 sequeretur,
788 3671 1041 3736 existimavimus
1064 3680 1245 3736 nostrarum
1267 3673 1407 3756 partium
1430 3691 1501 3734 esse
1525 3672 1556 3736 ei
1572 3667 1652 3734 mulo
1725 3649 1726 3742 l

331 3771 485 3858 singulari
507 3773 611 3838 studio
635 3795 811 3839 occurrere.
834 3773 995 3837 adivimus
1018 3773 1127 3859 itaque
1149 3772 1213 3839 hac
1233 3775 1306 3859 ipsa
1334 3773 1414 3840 hora
1443 3773 1528 3838 ΒΙΝΙΙ
1552 3773 1593 3838 D.
1617 3770 1649 3837 0.
1725 3779 1726 3820 ἲ

330 3872 565 3961 Lothuringum
589 3899 723 3961 eumque
745 3874 864 3942 hortati
886 3897 1004 3958 sumus,
1035 3886 1072 3940 ut
1093 3897 1167 3940 suas
1191 3897 1319 3964 quoque
1341 3887 1449 3963 partes
1470 3877 1651 3964 interponat

330 3976 416 4062 apud
440 3987 581 4044 oratores
605 3980 768 4065 utriusque
789 3980 874 4064 regis
898 3987 930 4042 et
951 4001 1010 4065 pro
1033 4001 1068 4044 se
1090 4001 1220 4066 quoque
1243 3979 1297 4044 det
1320 4002 1461 4065 operam,
1483 4001 1528 4044 ne
1552 3978 1647 4044 sessio

330 4078 500 4146 imminens
522 4080 730 4168 impediatur,
763 4083 885 4169 inqua
913 4081 992 4146 alias
1016 4081 1091 4148 lore
1113 4103 1279 4167 speramus
1306 4091 1341 4146 ιιι
1368 4081 1468 4149 multa
1496 4081 1591 4148 utilia
1611 4079 1647 4144 ad

330 4183 586 4250 aedificationem
614 4183 768 4250 ecclesiae
797 4186 1010 4252 decernantur
1042 4193 1074 4250 et
1100 4207 1136 4250 re
1163 4184 1299 4250 feliciter
1324 4185 1415 4250 finita
1441 4196 1646 4273 sequuturam

330 4309 401 4354 esse
423 4289 464 4354 de
486 4287 710 4354 reformatione
732 4287 875 4374 generali
896 4289 1129 4354 tractationem.
1152 4290 1275 4374 recepit
1296 4288 1426 4376 quidem
1447 4290 1518 4376 ipse
1540 4314 1576 4356 se
1589 4289 1645 4354 hoo

330 4392 487 4460 facturum
520 4401 552 4456 et
578 4414 637 4458 nos
666 4400 701 4455 ut
726 4391 811 4458 idem
839 4392 1018 4458 laceremus
1049 4388 1220 4478 diligenter
1251 4393 1383 4457 monuit
1418 4391 1546 4458 addidit
1573 4413 1643 4460 vero

329 4495 523 4560 confidenter
547 4509 580 4562 et
601 4493 660 4559 sub
683 4505 881 4560 sacramento
903 4504 940 4559 ιιι
961 4495 994 4560 id
1016 4495 1134 4559 nemini
1158 4517 1254 4583 quam
1281 4493 1342 4560 soli
1367 4495 1418 4560 M“
1441 4497 1480 4562 V.
1504 4495 1538 4562 S.
1560 4505 1642 4583 pate·

324 4596 518 4682 faceremus,
542 4619 602 4664 nec
623 4599 714 4684 prius
737 4597 815 4686 qnid
837 4608 921 4664 esset
951 4597 1061 4682 edixit,
1084 4621 1181 4687 quam
1202 4621 1263 4663 nos
1286 4597 1447 4664 silentium
1476 4602 1508 4666 ei
1529 4599 1639 4686 promi·

329 4703 479 4788 serimus3
503 4702 631 4768 tandem
655 4703 737 4767 dixit
759 4703 873 4766 summi
895 4701 1055 4788 pontificis
1079 4700 1234 4788 speciales
1258 4711 1392 4767 conatus
1414 4724 1495 4786 esse,
1518 4713 1554 4768 ut
1575 4724 1641 4768 oon·

329 4804 435 4868 cilium
458 4806 573 4870 hocin
595 4807 744 4892 proxima
765 4807 908 4870 sessione
930 4806 1148 4892 abrumpatur,
1171 4805 1213 4870 ad
1236 4805 1324 4895 quod
1344 4805 1579 4892 perfiniendam
1591 4803 1641 4870 8¹¹·
1725 4853 1726 4862 ι

329 4903 361 4970 S.
384 4931 442 4992 per
464 4908 499 4974 Ο.
522 4909 734 4974 Boremaeum
761 4908 802 4974 ad
830 4911 1013 4996 episcopum
1037 4909 1274 4975 Viterbiensem
1304 4909 1466 4975 hominem
1494 4909 1639 4976 benever-

329 5019 431 5074 satum
454 5021 486 5078 et
507 5022 634 5097 gratnm
656 5014 689 5076 in
711 5011 786 5076 aula
808 5022 841 5078 et
863 5013 952 5097 apud
974 5011 1086 5078 Gallos
1109 5013 1290 5078 autoritatis
1311 5036 1376 5080 uon
1390 5035 1513 5100 parvae
1530 5013 1634 5101 quinta
