3450 5818
335 525 397 592 856

403 715 452 766 hdr
467 712 603 765 scheuhen
633 709 729 762 werde.
758 710 824 762 zum
846 703 971 758 Sehlusss
993 709 1069 774 segte
1093 703 1139 754 der
1154 702 1250 770 Papst:
1273 701 1327 752 late
1352 699 1402 751 che
1420 697 1446 750 S.
1464 696 1513 752 δὴ
1530 697 1598 750 nl·-
1616 699 1663 750 stis

404 801 591 867 allegrameute
610 801 636 850 et
653 814 706 849 nou
724 797 779 846 curi
797 794 822 845 le
844 794 969 847 bassesre
988 791 1014 842 di
1032 792 1092 857 quei
1116 789 1223 856 maligni
1248 793 1274 839 et
1292 787 1342 838 che
1360 785 1471 853 castighi
1492 786 1593 840 colloro
1612 787 1659 837 che

404 887 525 938 fallirano
544 890 570 936 et
587 901 641 936 non
658 883 695 950 gli
712 883 846 932 haverano
865 881 984 944 rispetto.
1001 876 1078 928 Noch
1096 875 1145 926 ohe
1163 875 1326 926 Arrivabene
1343 873 1441 925 wieder
1457 875 1484 924 in
1497 871 1591 924 'luent
1609 875 1661 923 ein·

404 973 464 1037 tras,
481 973 554 1023 hatte
573 970 619 1021 der
636 971 827 1035 Hauptgogner
845 967 892 1017 des
911 963 1050 1016 cardinale
1068 962 1117 1015 aut*
1132 963 1192 1014 dem
1211 961 1311 1025 Concil,
1330 961 1378 1012 der
1395 960 1425 1012 0.
1443 959 1591 1012 simoneta
1608 959 1662 1010 sich

401 1059 448 1112 auf
464 1058 575 1110 Geheiss
594 1055 640 1108 des
659 1056 769 1122 Papstss
787 1055 836 1104 mit
852 1053 963 1104 Mantua
980 1049 1131 1101 sueonum
1149 1052 1254 1100 musaeu
1282 1047 1394 1114 (Pallav.
1412 1049 1436 1110 ὓ,
1454 1048 1513 1102 raa.
1532 1047 1606 1113 483).

935 1459 1062 1548 ΟΧΟ.

584 1686 663 1761 Der
690 1685 822 1762 Kaisar
849 1705 896 1758 an
926 1681 1060 1758 seinen
1084 1679 1227 1760 Orator
1249 1683 1284 1758 tn
1312 1680 1422 1772 llonu

827 1841 926 1908 Prag,
946 1841 977 1891 lt
995 1837 1068 1890 Juli
1086 1837 1180 1890 1562.

848 2019 1025 2078 Gondlcotea.
1052 2017 1175 2092 decept.

437 2173 476 2238 In
498 2171 681 2238 novissimis
710 2167 825 2234 litteris
852 2169 971 2234 uostris
1004 2165 1063 2232 tibi
1086 2165 1259 2232 elementer
1287 2164 1544 2252 significavimus
1572 2163 1660 2230 nobis

335 2281 451 2344 mirum
473 2275 569 2342 valde
592 2283 624 2340 et
646 2271 821 2340 absurdum
854 2296 915 2339 nee
937 2295 1004 2338 nou
1025 2295 1045 2337 a
1067 2269 1195 2337 concilii
1215 2269 1364 2336 libertate
1386 2269 1528 2336 alienum
1550 2269 1659 2353 videri,

336 2381 425 2472 quod
448 2379 615 2468 scripseris
638 2377 733 2444 isthic
754 2375 876 2444 Romae
890 2375 1012 2443 saeuum
1029 2373 1275 2464 assequendam
1295 2397 1453 2442 canonem
1469 2398 1569 2464 quem
1585 2378 1660 2462 epis·

335 2509 436 2576 copus
458 2485 638 2552 Lantiauus
661 2481 860 2566 lhidentum,
883 2491 919 2546 ut
941 2479 987 2546 ibi
1009 2503 1030 2544 a
1050 2479 1197 2567 patribus
1219 2481 1253 2546 in
1275 2479 1412 2546 concilio
1435 2478 1661 2567 publicaretur,

334 2589 516 2681 perlaturus
529 2597 622 2656 esset
647 2587 724 2674 quia
738 2595 848 2652 tamen
858 2585 920 2650 hoc
935 2586 1064 2652 nomine
1079 2585 1142 2650 iem
1158 2607 1225 2652 non
1238 2584 1375 2652 obscure
1390 2583 1433 2651 ad
1446 2607 1506 2651 nos
1519 2584 1659 2674 perlatae

335 2705 408 2762 sunt
431 2691 581 2782 querelae
604 2712 677 2757 cum
700 2713 720 2755 a
740 2692 858 2754 nostris
881 2691 914 2753 in
937 2687 1072 2754 coneilio
1097 2685 1288 2770 oratoribus,
1311 2697 1379 2754 tum
1402 2688 1444 2755 ab
1460 2689 1533 2755 aliis
1549 2699 1582 2756 et
1596 2711 1657 2754 me·

335 2801 422 2866 xime
445 2821 466 2863 a
488 2795 600 2879 Gallis,
623 2817 683 2882 pro
706 2803 815 2861 nostro
840 2815 918 2860 sane
940 2793 973 2857 in
994 2815 1063 2859 rem
1086 2791 1293 2858 christianam
1310 2793 1414 2860 studio
1427 2815 1466 2859 ae
1480 2791 1575 2859 filiali
1590 2815 1661 2878 erge

336 2903 412 2972 ΕΜ
434 2901 477 2966 D.
499 2899 537 2966 N.
565 2897 773 2965 observantia
794 2921 860 2963 non
874 2919 1045 2984 possumus
1060 2899 1325 2984 praetermittere,
1349 2897 1425 2985 quin
1450 2895 1515 2964 ΒΜ
1531 2900 1601 2964 eius
1622 2897 1657 2962 de

334 3007 397 3074 hac
418 3028 453 3072 re
475 3026 535 3092 per
556 3012 587 3069 te
608 3009 793 3068 reverenter
815 3001 1070 3072 admoneremus.
1093 3002 1203 3089 itaque
1225 3001 1284 3066 tibi
1305 2999 1445 3088 benigne
1467 3003 1658 3088 iniungimus

333 3120 377 3194 ut,
399 3111 505 3196 prima
527 3107 696 3172 occasione
725 3103 791 3170 8²⁸⁶
815 3107 884 3170 eius
906 3103 1091 3192 alloquendi
1115 3104 1248 3191 adepta,
1277 3103 1318 3170 8²¹
1340 3105 1410 3170 eins
1440 3129 1505 3194 qua
1533 3129 1596 3194 par
1615 3115 1657 3170 est

334 3212 492 3280 modestia
521 3219 553 3275 st
581 3210 762 3275 reverentia
789 3206 897 3274 verbis
927 3209 1045 3274 nostris
1074 3231 1233 3296 exponas,
1262 3231 1328 3274 non
1355 3207 1510 3275 obscenos
1543 3209 1585 3275 ad
1605 3231 1657 3273 nos

336 3338 499 3383 sermones
529 3312 670 3400 perlatos
694 3335 782 3396 esse,
811 3314 989 3402 praesentis
1013 3314 1096 3378 sacri
1126 3309 1253 3378 concilii
1275 3315 1412 3400 negocia
1443 3337 1508 3379 non
1540 3336 1578 3379 eo
1601 3333 1656 3400 quo

337 3421 492 3489 deberent
514 3417 626 3484 ordine
655 3415 848 3504 procedere,
880 3419 957 3505 quin
986 3418 1083 3484 immo
1106 3414 1180 3482 cudi
1210 3413 1305 3482 isthic
1327 3417 1364 3488 in
1382 3415 1462 3483 urbe
1485 3415 1590 3484 Roma
1612 3439 1655 3480 oa·

334 3546 435 3590 nones
457 3523 512 3610 qui
533 3530 648 3608 postea
665 3519 811 3606 patribus
834 3519 876 3586 ad
892 3519 1062 3588 concilium
1085 3519 1287 3608 apprehendi
1321 3531 1354 3587 et
1376 3519 1565 3608 publicandi
1592 3521 1653 3586 mit-

335 3635 452 3708 tuntur,
475 3633 584 3713 patres
606 3625 641 3688 in
663 3624 803 3690 ferendis
826 3625 986 3712 suffragiis
1007 3647 1073 3690 non
1094 3646 1190 3711 posse
1211 3625 1274 3690 frui
1297 3623 1392 3690 solita
1413 3635 1447 3691 et
1463 3625 1574 3691 debita
1588 3647 1653 3690 eon·

335 3731 399 3797 cilii
421 3729 578 3808 libertate,
611 3729 807 3816 quinimmo
831 3751 886 3795 eos
915 3731 970 3818 qui
994 3728 1034 3794 de
1057 3729 1283 3794 reformatione
1313 3726 1417 3816 deque
1445 3727 1518 3794 ahie
1542 3733 1652 3795 eiusce-

333 3834 421 3899 modi
442 3823 540 3900 rebus
563 3829 705 3899 dictante
729 3834 925 3899 conscientia
945 3831 1078 3900 liberius
1101 3831 1283 3921 loquantur,
1308 3833 1452 3920 graviter
1475 3831 1517 3898 ad
1540 3831 1603 3899 8⁸⁶²
1625 3831 1652 3896 S.

336 3937 454 4004 deferri
487 3959 526 4003 ao
554 3937 587 4002 iu
610 3938 679 4002 eius
710 3937 817 4004 odium
851 3947 882 4002 et
904 3935 1158 4024 indignationem
1186 3935 1320 4023 adduci3
1353 3937 1428 4004 hinc
1455 3947 1564 4004 autem
1591 3936 1651 4002 heri

336 4041 423 4129 quod
445 4041 592 4129 plerique
611 4065 678 4108 non
700 4041 803 4108 solum
826 4043 963 4114 sectarii.
994 4063 1108 4108 verum
1130 4043 1228 4106 etiam
1249 4039 1400 4108 catholici
1422 4041 1461 4106 de
1485 4061 1649 4130 progressu

337 4155 369 4210 et
391 4145 481 4210 exitu
502 4144 598 4210 huius
620 4145 748 4212 concilii
768 4167 834 4210 non
849 4143 1022 4211 admodum
1036 4144 1121 4210 bene
1135 4146 1282 4222 sentiant,
1307 4144 1384 4232 quin
1400 4146 1497 4210 etiam
1512 4145 1553 4212 de
1568 4145 1609 4211 δ’·
1623 4141 1650 4207 S.

338 4271 431 4316 secus
461 4270 559 4339 quam
580 4271 639 4314 nos
661 4247 818 4313 vellemus
847 4249 1004 4336 suspicari
1037 4249 1207 4335 incipiant,
1236 4246 1329 4312 multi
1351 4270 1429 4316 vero
1461 4271 1503 4315 ex
1525 4259 1650 4335 utraque

335 4361 426 4440 parte
448 4353 574 4418 rideant
597 4361 629 4418 et
650 4351 849 4418 detestentur
869 4351 966 4417 talem
978 4350 1177 4440 procedendi
1199 4352 1339 4418 modum.
1362 4352 1506 4419 dicentes
1523 4355 1648 4441 quoties·

336 4479 464 4545 cunque
485 4458 519 4522 in
542 4455 678 4522 concilio
701 4454 824 4544 aliquid
847 4456 889 4522 sit
902 4455 1149 4541 decernendum,
1171 4454 1206 4520 id
1219 4453 1291 4522 fieri
1304 4479 1369 4522 non
1384 4479 1481 4544 posse
1495 4459 1557 4524 nisi
1571 4457 1648 4544 prius

334 4562 446 4648 spiritu
469 4569 580 4626 sancto
594 4583 636 4626 ex
650 4558 738 4626 Urbe
753 4583 813 4648 per
825 4559 997 4648 dispositos
1020 4581 1122 4648 equos
1137 4567 1283 4626 evocato.
1306 4581 1390 4648 quae
1408 4561 1502 4626 nobis
1518 4560 1646 4648 quidem,

334 4666 389 4752 qui
412 4664 524 4729 tuendi
545 4673 578 4729 et
599 4663 805 4751 propagandi
826 4662 1027 4750 praeclarum
1049 4683 1167 4729 nomen
1184 4671 1217 4728 et
1230 4662 1420 4750 dignitatem
1436 4663 1485 4730 su.
1500 4663 1533 4730 S.
1551 4681 1645 4729 snmus

335 4766 570 4846 studiosissimi,
594 4764 790 4853 singularem
813 4765 995 4832 molestiam
1018 4765 1191 4832 attulerunt
1207 4763 1253 4830 'ac
1275 4765 1471 4833 eiuscemodi
1493 4767 1564 4831 visa
1585 4769 1646 4830 sunt

336 4895 419 4960 quae
439 4868 528 4936 nullo
551 4870 648 4936 modo
672 4869 811 4936 debeant
828 4869 893 4935 ΒΜ
906 4869 939 4936 S.
963 4868 1070 4956 celari,
1094 4870 1245 4959 quoniam
1267 4893 1464 4962 magnopere
1485 4867 1644 4938 verendum

334 4985 392 5058 est,
414 4975 477 5040 nisi
492 4973 547 5041 8²¹·
559 4973 592 5042 S.
608 4973 658 5040 his
671 4975 808 5063 querelis
819 4979 852 5042 in
868 4985 1010 5066 tempore
1028 4986 1178 5044 occurrat
1199 4997 1238 5042 ac
1260 4976 1395 5044 concilio
1411 4999 1504 5043 suam
1517 4975 1643 5042 debitam

336 5087 368 5146 et
381 5087 567 5146 cousuetam
582 5077 764 5146 libertatem
778 5079 901 5146 salvam
916 5089 949 5148 et
962 5083 1121 5170 integrum
1141 5079 1311 5170 relinquet,
1333 5079 1471 5148 neforto
1486 5075 1640 5146 concilium
