3460 5826
315 705 351 771 id
371 704 509 772 obtineri
528 716 690 795 nequeat.
707 755 741 774 ..
762 717 841 776 tunc
862 708 978 776 saltem
995 719 1167 800 unumque
1190 715 1363 802 negocium
1377 713 1473 782 simul
1487 738 1558 784 una
1573 739 1654 804 per·

314 810 519 879 ammodum
540 811 745 898 suscipietur.
772 813 806 878 in
828 835 893 901 quo
915 817 1080 902 proposito
1109 839 1149 884 ca
1170 815 1263 886 vebis
1293 821 1355 886 erit
1374 820 1544 888 retinenda
1572 843 1655 888 con·

315 915 433 980 stantia
454 923 490 981 ut
511 915 607 980 nullis
632 914 800 982 blanditiis
822 916 945 983 artibus
970 928 1028 986 aut
1050 920 1205 1010 speciosis
1226 922 1512 1010 pollicitationibus
1533 923 1585 990 ab
1611 947 1655 992 ec

314 1040 372 1084 vos
396 1018 553 1086 dimoveri
580 1020 702 1102 sinetis,
732 1020 827 1087 modo
850 1020 993 1088 debitam
1024 1031 1056 1090 et
1083 1036 1270 1093 consuetam
1299 1025 1422 1115 ubique
1449 1027 1653 1096 modestiam

316 1121 571 1188 adhibeatis...
595 1132 757 1190 caeterum
780 1127 1002 1192 existimamus
1023 1127 1117 1194 vobis
1138 1139 1212 1216 post
1233 1130 1409 1198 advemm
1422 1131 1655 1219 praelatorum

314 1223 483 1292 Gallorum
512 1228 567 1314 qui
596 1226 704 1294 adhuc
731 1227 883 1296 dicuntur
909 1232 1101 1318 exspectari,
1129 1235 1237 1300 omnia
1258 1233 1355 1322 louge
1387 1234 1536 1302 iacilima
1559 1236 1649 1302 fore.

313 1350 504 1415 cuperemus
527 1329 615 1418 quod
630 1353 716 1398 nunc
730 1355 860 1421 quoque
875 1334 1060 1420 potuissetis
1074 1335 1241 1422 impedire,
1262 1361 1305 1406 ne
1318 1341 1353 1406 in
1367 1340 1514 1426 proxime
1529 1339 1652 1406 futura

313 1433 456 1500 sessione
478 1434 654 1522 quicquam
676 1435 717 1501 de
738 1435 881 1502 articulis
904 1447 1177 1506 sacramentorum
1193 1440 1315 1508 ordinis
1330 1449 1363 1510 et
1376 1443 1577 1510 matrimonii
1594 1465 1651 1508 su·

311 1536 498 1622 adparatus,
521 1537 580 1604 scd
594 1548 806 1627 posteaquem
820 1537 914 1606 aliter
927 1541 999 1608 fieri
1013 1565 1078 1610 nou
1095 1543 1210 1628 potuit,
1231 1545 1372 1632 pestium
1380 1555 1567 1612 vestrarum
1584 1548 1650 1613 erit

311 1638 423 1706 sedulo
445 1642 575 1725 iustsre,
596 1665 638 1708 ne
660 1651 832 1730 propterea
852 1647 1025 1731 negocium
1052 1646 1289 1716 reformationis
1312 1659 1604 1738 postponatur...

880 2045 1071 2134 CCVIII.

593 2222 673 2300 Der
699 2222 831 2301 Kaisar
856 2246 904 2302 en
934 2226 996 2302 dis
1016 2222 1352 2320 Ooncilorstorec;

769 2377 869 2446 Prag‚
887 2381 905 2430 t
923 2377 1072 2432 October
1090 2380 1178 2432 less.

811 2525 990 2582 musaea.
1014 2524 1137 2597 cece.

411 2668 555 2750 Quod..
571 2717 580 2736 .
603 2669 792 2756 significatis
813 2671 931 2740 multos
953 2695 997 2740 cx
1017 2671 1163 2759 patribus
1185 2672 1356 2740 inclinatos
1370 2675 1549 2762 essequod
1563 2699 1639 2744 con·

310 2771 419 2837 cilium
441 2771 664 2860 suspendatur,
688 2773 723 2839 id
745 2796 880 2840 necesse
903 2784 952 2842 cst
973 2783 1009 2841 ut
1025 2774 1087 2842 dec
1103 2778 1348 2855 committamus,
1372 2777 1640 2866 quandoquidem

307 2877 370 2962 piis
392 2878 520 2942 monitis
550 2880 668 2944 nostis
689 2878 769 2945 nibil
790 2878 903 2966 perfici
925 2887 1047 2967 potest;
1080 2901 1140 2946 vos
1162 2888 1271 2946 tamen
1293 2891 1466 2968 propterea
1494 2906 1559 2951 non
1586 2885 1638 2951 de

307 2979 391 3046 betis
419 2983 644 3066 intermittere,
676 2983 754 3070 quin
777 2983 894 3048 acriter
922 2992 954 3049 et
975 2993 1132 3072 quantum
1160 2983 1230 3050 lieri
1259 2993 1365 3070 petest
1380 3032 1388 3050 .
1404 3031 1436 3050 ..
1460 2985 1637 3055 obsistatis.

409 3086 582 3154 Praeterea
603 3110 669 3154 non
690 3087 840 3154 lubenter
862 3090 959 3154 etiam
973 3087 1191 3154 intelleximus
1206 3088 1364 3154 hactenus
1385 3088 1550 3176 impetrari
1568 3114 1635 3157 non

307 3190 461 3280 potuisse,
484 3201 519 3256 et
541 3215 561 3257 a
582 3191 776 3258 tractatione
799 3191 986 3278 dogmatum
1009 3191 1300 3279 suspereederetur,
1328 3199 1362 3257 st
1383 3215 1447 3258 non
1469 3195 1635 3280 potuimus

308 3297 412 3362 teneri
433 3297 510 3384 quin
533 3295 574 3361 de
595 3295 656 3362 hec
677 3319 714 3363 re
736 3297 770 3362 in
791 3295 950 3362 adiunctis
973 3295 1074 3362 liten's
1096 3296 1215 3362 nostris
1234 3293 1487 3382 adlegatos...
1510 3295 1632 3385 aliquid

309 3401 564 3487 attingeremus.
582 3449 589 3464 .
608 3399 779 3468 ,volumus
803 3409 910 3466 eutem
931 3409 967 3466 ut
980 3399 1187 3466 nihilominus
1201 3399 1375 3488 negocium
1395 3399 1630 3466 reformationis

308 3505 394 3569 omni
417 3503 523 3570 studio
546 3502 764 3591 promoveatis
787 3512 820 3568 et
840 3503 994 3590 urgeatis,
1017 3512 1083 3568 tem
1107 3497 1329 3568 universaliter
1350 3524 1416 3568 uns
1437 3525 1511 3568 cum
1526 3501 1628 3569 Gallis

307 3629 366 3693 pro
382 3607 534 3674 universa
548 3607 716 3695 republica
731 3606 906 3672 christiana
921 3629 1018 3694 quarn
1034 3607 1130 3672 etiem
1145 3604 1385 3691 particulariter
1398 3628 1458 3692 pro
1473 3604 1506 3672 S.
1521 3607 1560 3672 R.
1575 3609 1629 3672 im-

307 3711 397 3797 perio
414 3719 446 3777 et
457 3712 630 3799 praecipue
641 3733 700 3798 pro
715 3711 826 3796 regnis
841 3719 873 3776 et
888 3710 1065 3794 provinciis
1080 3709 1198 3775 nostris
1210 3707 1443 3792 haereditariis,
1465 3719 1503 3776 ut
1517 3709 1627 3777 saltem
1702 3787 1703 3810 Χ

306 3811 357 3878 his
389 3837 448 3902 per
475 3813 673 3882 eiuscemodi
701 3814 928 3882 reformatione
957 3812 1183 3902 quadantenus
1211 3811 1413 3895 consulatur,
1440 3816 1627 3900 praesertim

307 3939 380 3984 cum
402 3916 437 3983 id
457 3918 564 4005 ipsum
587 3917 673 3985 Galli
701 3940 830 4008 quoque
851 3917 959 3984 facere
986 3927 1019 3984 et
1040 3916 1103 3983 sibi
1132 3939 1298 4005 regnoque
1331 3935 1389 3982 suo
1422 3937 1624 4006 nequequam

307 4019 423 4088 deesse
450 4021 609 4104 videntur,
638 4021 724 4130 quod
753 4046 796 4088 ex
817 4023 910 4090 novis
937 4019 1000 4086 illis
1021 4019 1182 4086 mandatis
1198 4067 1206 4086 .
1222 4068 1254 4086 ..
1278 4021 1356 4086 eatis
1378 4021 1548 4086 manifeste
1575 4044 1625 4107 ep·

310 4135 412 4215 peret
434 4127 519 4192 inter
541 4123 604 4192 alia
625 4149 702 4192 vero
726 4148 808 4212 quae
823 4127 857 4192 iu
872 4125 980 4208 regnis
996 4133 1094 4212 atque
1105 4123 1282 4210 provinciis
1295 4125 1414 4190 noemia
1428 4125 1624 4210 potissimum

307 4254 327 4295 a
347 4228 494 4318 patribus
515 4229 643 4296 concilii
665 4229 830 4296 emendari
852 4230 1000 4316 cupimus
1028 4228 1062 4294 in
1083 4237 1236 4294 eventum
1265 4247 1329 4314 quo
1351 4227 1535 4294 reformatio
1560 4227 1623 4292 uni·

307 4333 442 4400 versalia
464 4333 594 4399 omuino
617 4342 890 4422 postponeretur.
908 4380 915 4396 .
931 4329 1035 4398 .th
1049 4331 1149 4398 ferme
1165 4339 1257 4396 sunt:
1281 4330 1514 4398 concubinatus
1530 4328 1623 4396 ecclc

306 4437 520 4522 siasticorum‚
544 4446 630 4504 artes
652 4437 855 4518 simoniacae,
878 4435 985 4518 luxus,
1008 4433 1149 4502 malost
1171 4434 1349 4522 depravata
1369 4434 1553 4521 patrimonii
1578 4455 1621 4498 ec·

306 4541 480 4608 clesiestici
507 4563 586 4607 cura
608 4552 639 4608 et
661 4539 895 4608 administratio
924 4548 957 4604 ct
978 4537 1044 4604 alia
1064 4537 1160 4626 plura
1187 4547 1286 4625 atque
1308 4538 1452 4604 enormia
1481 4558 1621 4624 quaeque

307 4646 443 4712 crimina
453 4654 550 4733 atque
572 4643 698 4726 delicta,
723 4641 840 4729 quibus
863 4643 1047 4728 imperitum
1061 4640 1178 4729 vulgus
1194 4641 1352 4709 offensum
1366 4641 1409 4706 ab
1425 4638 1621 4708 oboedientia

306 4747 528 4816 ecclesiastica
549 4770 584 4812 se
606 4749 712 4834 ipsum
735 4747 900 4832 separavit
920 4768 959 4812 ac
980 4743 1014 4810 in
1027 4744 1097 4812 dies
1116 4747 1219 4832 magis
1233 4747 1404 4833 magisque
1418 4742 1618 4811 abalienetur.

305 4875 346 4920 ea
367 4853 484 4940 partim
505 4853 540 4918 in
561 4850 771 4920 incurrens
792 4848 887 4915 vobis
909 4847 996 4933 data,
1018 4850 1135 4938 partim
1156 4871 1234 4916 vero
1257 4847 1383 4914 inullis
1405 4847 1570 4934 scripturis
1583 4842 1617 4910 ed

303 4982 363 5027 vos
385 4955 581 5024 commissis
603 4953 836 5045 comprehense
857 4961 950 5024 sunt:
972 4952 1047 5022 iude
1070 4975 1144 5024 cum
1159 4975 1240 5050 opus
1263 4954 1323 5030 erit
1337 4950 1393 5032 illa
1410 4949 1502 5017 vobis
1516 4959 1615 5036 petere

304 5062 487 5140 licebit...
