3512 5838
360 470 420 534 611

358 665 425 724 ints
446 655 606 744 pontificis
629 654 878 739 confirmatione,
901 676 962 720 nec
983 651 1079 722 facile
1101 653 1286 722 curabimus
1309 675 1519 744 quoscunque
1549 658 1580 722 in
1600 679 1663 724 con·

358 761 491 826 trsrium
513 781 684 826 concessos
707 757 970 846 dispensationes.

457 861 509 928 De
531 861 718 950 particulari
743 861 969 928 reformatione
991 883 1164 949 regnorum
1185 869 1218 928 ot
1238 861 1478 950 provinciarum
1500 871 1665 930 nostrerum

358 967 438 1036 nihil
458 967 527 1034 scre
548 976 598 1032 cst
620 965 708 1053 quod
730 963 868 1052 emplius
891 974 1053 1053 petemus,
1085 965 1161 1052 quis
1189 964 1254 1030 ism
1276 967 1355 1032 satis
1377 964 1419 1032 de
1441 988 1482 1034 eo
1503 973 1606 1033 ectum
1625 976 1667 1034 est

358 1073 392 1138 in
414 1067 556 1136 articulis
578 1068 814 1136 reformsdonis
836 1090 941 1156 nuper
961 1067 1068 1136 isthuc
1090 1067 1281 1156 propositis,
1312 1067 1486 1136 dummodo
1513 1068 1547 1134 id
1572 1080 1668 1156 posset

359 1174 533 1242 observari.
557 1171 644 1261 quod
665 1195 741 1239 vero
765 1171 954 1258 significatis
976 1193 1035 1238 vos
1057 1193 1123 1238 non
1143 1170 1355 1258 impedituros
1369 1173 1540 1260 petitiones
1553 1183 1668 1238 nostros

360 1279 400 1346 de
412 1277 513 1344 cslioo
525 1285 559 1344 et
575 1277 725 1364 coniugio
744 1275 957 1360 secerdotum,
980 1275 1013 1342 id
1031 1274 1125 1342 nobis
1140 1276 1357 1362 gratissimum
1369 1276 1487 1342 occidit
1498 1325 1505 1339 .
1518 1323 1549 1342 ..
1570 1299 1668 1344 vernn

359 1381 446 1470 qnod
467 1381 588 1470 putatis
609 1380 694 1446 hanc
717 1380 759 1446 ob
783 1402 915 1448 censum
943 1401 1046 1446 novos
1074 1381 1313 1447 commissarios
1340 1403 1399 1468 per
1427 1402 1488 1446 nos
1519 1379 1670 1468 dengoni

356 1484 493 1568 debere,
528 1486 582 1573 qui
605 1493 639 1550 et
660 1481 795 1552 calicem
818 1491 850 1549 et
872 1483 1058 1570 coniugium
1081 1482 1289 1550 sacerdotum
1316 1505 1476 1550 unacum
1499 1481 1668 1550 oratoribus

357 1590 475 1656 nostris
496 1589 530 1654 in
553 1587 689 1654 concilio
712 1595 832 1674 petant,
856 1585 897 1652 de
920 1609 958 1652 eo
980 1583 1138 1652 nihildum
1161 1589 1240 1654 certi
1261 1607 1434 1674 possumus
1457 1595 1606 1670 statuere,
1627 1595 1668 1650 ut·

357 1714 485 1780 cunque
506 1689 698 1757 arbitremur
720 1691 818 1756 entius
842 1711 913 1757 esse
934 1691 1001 1776 peti
1022 1711 1043 1754 s
1065 1711 1188 1756 summo
1211 1689 1363 1777 pontifice
1386 1712 1483 1778 quam
1499 1713 1520 1754 e
1535 1687 1668 1756 concilio.

357 1795 414 1862 sed
436 1816 490 1861 res
513 1794 618 1860 adhuc
641 1801 691 1859 est
711 1793 746 1858 in
769 1791 999 1860 deliberatione
1028 1801 1060 1857 et
1090 1801 1301 1880 expectemus
1335 1794 1516 1882 opinionem
1545 1815 1585 1858 sc
1611 1815 1664 1858 sen

356 1900 489 1964 undam
512 1896 686 1964 electorum
708 1904 741 1962 ct
762 1895 898 1962 eliorum
920 1895 1113 1983 principum.

518 2089 567 2139 hm
587 2089 618 2138 15
637 2087 739 2154 August
756 2085 829 2137 hstto
847 2087 924 2137 Lnns
947 2101 995 2138 aus
1018 2083 1132 2152 Spsnien
1155 2085 1314 2151 Depescben
1336 2101 1398 2136 vom
1421 2089 1453 2137 111
1477 2085 1535 2138 Jnli
1564 2088 1670 2138 erhaltso

425 2174 534 2240 (Brinno
552 2175 576 2238 8,
594 2173 666 2238 489),
689 2174 716 2222 in
740 2172 826 2223 denen
852 2173 906 2223 ihm
923 2177 1001 2223 unter
1018 2171 1125 2223 enderm
1144 2169 1249 2222 betreffs
1278 2170 1324 2222 des
1342 2173 1612 2238 Ptopositionsrechts
1634 2189 1668 2240 ge

426 2260 565 2312 schrioben
582 2259 671 2310 wurde
691 2258 784 2325 (Copie
803 2261 829 2310 in
848 2257 899 2310 den
918 2257 946 2309 0.
966 2259 1021 2324 Ab:
1044 2273 1097 2309 von
1121 2257 1172 2308 deu
1191 2257 1247 2310 drei
1266 2257 1350 2308 durch
1373 2258 1426 2309 den
1453 2259 1567 2310 Nuntius
1591 2261 1669 2325 mitge-

425 2347 533 2398 thsiltsu
559 2345 741 2412 Vorecbllgen
764 2345 811 2396 der
836 2346 957 2412 Lepaten
983 2343 1037 2412 (Nr.
1058 2343 1188 2396 cccxlv
1210 2343 1390 2412 Anmerlrungl
1414 2350 1492 2412 muge
1521 2347 1570 2398 dar
1595 2345 1670 2414 Konig

424 2433 512 2484 wedsr
532 2433 583 2484 deu
600 2437 688 2482 ersten
706 2431 777 2484 noch
794 2431 846 2484 den
863 2433 974 2484 swsiten
993 2431 1180 2498 genebmigem
1203 2431 1259 2482 und
1282 2431 1351 2484 such
1374 2430 1421 2482 der
1445 2431 1526 2484 dritte
1545 2431 1668 2484 erecheins

424 2519 478 2570 ihm
496 2519 653 2586 sweideutig
670 2517 724 2570 und
742 2517 867 2580 missiich
885 2517 945 2568 weil
963 2517 1036 2570 nicht
1053 2516 1243 2568 ausdriiclrlich
1260 2518 1437 2583 versprochen
1458 2517 1548 2568 werde
1567 2517 1624 2568 dass
1637 2517 1671 2568 dis

424 2604 596 2656 Declaration
612 2605 639 2654 in
658 2603 705 2654 der
722 2604 875 2670 verisngten
892 2602 972 2654 Form
991 2601 1109 2668 erfoigen
1126 2601 1221 2654 werde.
1243 2601 1297 2654 hui
1314 2601 1405 2654 Grnnd
1413 2603 1499 2654 dieser
1516 2603 1572 2654 und
1591 2604 1672 2654 andrer

424 2689 586 2756 Weisnngen
616 2689 721 2740 schrieb
751 2705 805 2740 nun
834 2689 911 2739 Luna
939 2704 982 2740 sm
1007 2689 1038 2738 17
1069 2689 1172 2754 Augsust
1198 2689 1268 2739 anch
1292 2703 1326 2739 an
1350 2688 1402 2740 den
1421 2689 1516 2741 Ksiser
1542 2689 1592 2741 den
1615 2691 1671 2740 oben

425 2775 632 2826 beentwortsten
651 2775 725 2825 Briei
740 2775 780 2839 (C.
799 2775 833 2828 A.
853 2773 945 2841 orig).
963 2773 1021 2826 Von
1040 2775 1090 2826 den
1108 2775 1172 2824 swsi
1196 2773 1323 2825 nichoten
1341 2773 1448 2826 Briel'sn
1467 2774 1516 2827 das
1536 2775 1630 2827 Graien
1644 2791 1671 2826 sn

425 2861 578 2914 Fsrdinsnd
597 2861 684 2926 (ibid.)
712 2861 766 2912 will
784 2861 828 2912 ioh
847 2860 897 2914 den
916 2860 1003 2912 lnhsit
1026 2861 1095 2913 nsch
1119 2861 1179 2912 dem
1202 2859 1325 2912 lndorsat
1347 2862 1477 2927 angeben.
1508 2865 1544 2914 24
1567 2863 1669 2928 August:
1738 2863 1739 2879 ¹

426 2953 524 3016 qusnts
541 2949 709 3002 forimsiono
726 2949 808 3012 legati
821 2947 928 3000 concilii
942 2949 1077 3016 exegerint
1088 2949 1122 3000 ab
1136 2949 1285 3000 orstoribns
1298 2949 1444 3012 principum
1457 2949 1670 3000 considerationes

426 3051 505 3102 snper
521 3034 640 3086 srticnlis
658 3033 864 3098 reformationis3
883 3038 909 3086 et
927 3033 999 3100 qnod
1016 3034 1099 3086 velint
1116 3033 1270 3085 abbreviare
1288 3036 1444 3094 sessionem
1462 3037 1531 3102 petit
1550 3050 1669 3086 aaaron

428 3121 566 3187 providere
583 3124 614 3171 ut
631 3125 705 3170 recto
723 3127 750 3170 et
767 3121 868 3170 sincere
896 3125 991 3186 agatur
1012 3121 1039 3170 in
1057 3121 1180 3184 concilio,
1207 3125 1237 3170 ut
1254 3123 1337 3188 possit
1353 3119 1410 3172 fieri
1428 3121 1594 3184 reformetio;
1620 3135 1670 3170 con·

426 3208 489 3258 sulit
505 3207 577 3273 quod
596 3205 684 3257 sdhnc
701 3211 918 3272 promoverentur
936 3205 1046 3273 prselsti
1065 3207 1224 3259 Germaniae
1248 3213 1277 3258 nt
1299 3209 1407 3258 veniant
1430 3207 1465 3258 sd
1491 3207 1630 3258 concilium
1650 3211 1671 3256 st

427 3293 556 3344 electores
573 3293 678 3342 mittant
700 3307 762 3343 snos
784 3299 986 3359 procuratorem
1009 3293 1089 3344 mittit
1114 3296 1217 3360 copisrn
1241 3295 1273 3344 78
1298 3293 1467 3344 erticnlornm
1491 3293 1671 3344 reformationis

426 3393 493 3446 quos
512 3379 613 3444 cogitat
628 3392 776 3443 proponere
801 3380 829 3428 in
848 3379 971 3431 concilio.
999 3405 1032 3418 —·
1060 3380 1094 3430 80
1109 3379 1226 3446 August:
1250 3379 1342 3432 laudat
1363 3395 1433 3446 quse
1451 3379 1481 3432 C.
1500 3381 1562 3432 Mu·
1580 3379 1671 3444 scripsit

428 3465 575 3517 oratoribus
594 3465 648 3514 suis
666 3479 745 3530 super
763 3465 880 3516 articulis
897 3465 1105 3528 reformetionis3
1128 3466 1270 3532 pollicetur
1292 3481 1400 3532 opernm
1423 3480 1499 3518 snarn
1522 3468 1551 3518 in
1568 3465 1616 3516 hoc
1633 3477 1669 3514 ne·

426 3552 518 3618 goci03
535 3554 626 3602 nsnat
643 3564 738 3602 musas
756 3565 803 3602 cnr
819 3551 947 3604 hsctenus
972 3567 1025 3604 non
1047 3553 1214 3618 proposuerit
1231 3567 1293 3604 suss
1311 3552 1551 3616 considerstionss;
1578 3551 1670 3600 ridetur

427 3639 451 3689 ei
469 3651 557 3688 rursus
575 3635 775 3702 significandum
794 3653 852 3688 esse
869 3654 917 3705 per
935 3644 1053 3690 oratores
1077 3653 1228 3704 caesareos,
1252 3639 1323 3706 qnod
1346 3637 1390 3690 Mo
1410 3637 1436 3690 S.
1460 3655 1514 3690 non
1537 3637 1670 3704 probentur

426 3721 531 3774 srticnli
547 3722 674 3788 propositi
685 3721 748 3789 (vgi.
761 3723 903 3775 idendhsm
913 3727 979 3788 ssr;
996 3723 1076 3775 Becc.
1089 3725 1272 3790 2‚108-1133
1289 3725 1355 3777 Pell
1366 3727 1390 3788 2,
1408 3727 1467 3779 844.
1485 3725 1545 3776 871.
1563 3721 1672 3790 8911).-

425 3810 479 3862 hus
502 3808 574 3859 einer
596 3808 713 3860 Antwort
737 3809 783 3861 des
807 3811 915 3862 Ksisers
939 3825 973 3862 sn
996 3810 1072 3863 huns
1094 3826 1157 3862 vom
1175 3813 1191 3861 b
1209 3810 1282 3877 Sept.
1302 3811 1344 3879 (O.
1362 3812 1404 3876 Δ.)
1427 3810 1497 3862 bebo
1520 3809 1566 3861 ich
1588 3809 1671 3860 hervor

427 3895 488 3948 dass
506 3911 535 3946 es
551 3893 591 3946 ris
608 3893 778 3960 vergebliohe
796 3895 877 3948 Mbhe
897 3895 1054 3948 beseichnet
1072 3893 1136 3948 wird
1153 3895 1198 3948 dis
1216 3895 1361 3948 deutschen
1378 3895 1506 3948 Bisohbte
1524 3895 1595 3948 noch
1611 3891 1669 3946 oreb

427 3982 519 4036 'irient
535 3979 657 4034 einlsden
674 3995 707 4032 eu
726 3981 829 4032 wollen.
