3512 5838
430 659 458 705 et
475 655 496 704 si
515 653 575 705 dice
594 652 644 704 obe
662 653 727 705 fatte
745 654 772 705 la
789 655 906 705 sasione
923 654 1015 704 venire
1032 654 1057 704 el
1075 653 1104 705 G.
1124 655 1150 705 di
1168 655 1278 719 lerona,
1301 659 1391 723 percio
1414 657 1536 710 rodendo
1557 661 1640 726 questi
1657 663 1681 712 di

430 757 481 806 qua
494 747 585 806 questa
597 755 771 792 concor-rensc
784 739 809 790 di
821 745 914 806 queste
930 741 999 805 parti
1017 755 1034 790 a
1049 743 1191 808 vsntsggio
1209 743 1274 805 loro,
1293 759 1357 794 sono
1375 746 1401 795 in
1420 744 1563 812 ellegresss
1576 753 1680 798 esttem

431 826 565 893 pensando
582 843 629 892 per
646 833 738 893 questa
755 829 800 877 ria
816 833 893 892 poter
909 838 1007 877 serrare
1025 826 1049 877 el
1060 828 1171 879 concilio
1186 844 1236 880 con
1248 830 1397 882 moltaloro
1410 832 1680 886 imitatoresque

432 913 481 964 che
491 915 523 964 D.
536 914 613 980 Luigi
623 913 647 962 d·
653 913 730 964 Avila
747 915 845 979 partire
861 928 910 978 per
920 917 989 963 tutto
1001 913 1026 962 el
1038 927 1108 964 mese
1119 914 1146 963 di
1159 913 1303 966 Settenbre.
1314 933 1367 968 uon
1383 919 1405 968 si
1423 933 1452 968 ss
1464 918 1492 969 la
1502 934 1604 971 somma
1616 919 1680 970 della

432 1015 480 1052 sus
505 1001 682 1066 negotiatione
710 1015 785 1051 corne
810 1002 850 1052 sia
867 999 989 1058 resoluta,
1018 1015 1061 1051 ms
1087 1001 1176 1052 alcuni
1203 1002 1236 1052 de
1263 1003 1343 1054 buoni
1367 1009 1394 1054 et
1419 1003 1453 1055 de
1475 1007 1522 1070 piu
1540 1006 1681 1057 intendenti

430 1083 561 1137 m’hsnno
580 1087 652 1138 detto
672 1086 731 1137 chel
748 1100 819 1152 papa
835 1102 887 1137 non
907 1103 921 1137 e
938 1103 986 1154 per
1003 1087 1151 1140 concedere
1170 1102 1234 1140 cosa
1251 1088 1354 1153 elcana,
1379 1105 1408 1141 se
1424 1093 1509 1156 prims
1526 1091 1547 1142 il
1564 1107 1594 1142 re
1612 1092 1680 1144 Ont‘⁰

430 1189 480 1224 con
499 1173 588 1222 effetto
606 1188 660 1224 non
678 1173 704 1223 to
722 1173 807 1224 libera
824 1173 869 1224 dni
888 1175 1009 1227 concilio.
1036 1175 1055 1225 il
1073 1173 1158 1225 simile
1182 1176 1204 1225 si
1228 1175 1287 1226 dice
1306 1175 1356 1227 cbo
1372 1176 1430 1228 fers
1446 1193 1498 1228 con
1515 1178 1650 1242 Francesi,
1666 1196 1680 1230 ι

432 1259 486 1310 tale
504 1259 562 1310 chel
581 1273 658 1326 pape,
676 1259 694 1309 ii
714 1275 742 1310 re
761 1259 835 1311 Cst⁰⁰
854 1265 881 1311 et
898 1261 1038 1324 Paneuei,
1064 1261 1175 1313 lesoisto
1187 1261 1222 1313 ds
1238 1267 1314 1328 parte
1331 1263 1350 1313 il
1369 1263 1420 1314 ben
1438 1263 1558 1330 publico,
1578 1266 1679 1316 ciascun

430 1345 456 1396 di
474 1345 530 1398 loro
550 1361 629 1398 cercs
648 1346 674 1397 dt
692 1345 748 1397 sare
766 1347 912 1398 solamente
928 1346 948 1397 il
966 1363 1013 1398 sue
1031 1346 1144 1413 profitto.

900 1845 1151 1931 CCLXXV.

597 2067 676 2142 Der
702 2066 837 2140 Κείσου
863 2086 908 2140 an
937 2067 1068 2142 seinen
1099 2063 1241 2142 Orator
1267 2069 1302 2140 in
1332 2065 1444 2162 Rom3

807 2237 915 2301 wien,
937 2239 973 2288 14
991 2237 1121 2305 August
1140 2239 1229 2290 1563.

716 2419 788 2475 Areo
810 2420 846 2474 Β.
875 2418 944 2474 Scir
968 2419 1150 2492 benedidiqtee
1174 2418 1312 2491 Oripiooi.

456 2615 516 2680 Bei
528 2615 590 2682 den
606 2617 915 2704 Unterhsndlungen
927 2617 1088 2684 awiscben
1104 2617 1178 2684 dem
1193 2617 1332 2682 Nuntius
1347 2616 1415 2682 und
1429 2615 1493 2681 deu
1505 2615 1542 2680 k.
1555 2610 1671 2678 Rauen

352 2716 434 2782 uber·
449 2717 500 2782 die
512 2719 725 2808 Bestttigung
737 2721 953 2787 Maximilians
968 2721 1025 2786 bet
1036 2722 1071 2786 F.
1086 2722 1173 2786 seine
1186 2719 1280 2786 letzte
1293 2719 1478 2806 Erklttrung
1490 2715 1672 2805 ebgegeben

354 2820 420 2885 und
431 2820 510 2886 hefft
521 2821 595 2887 dass
610 2823 667 2889 der
678 2825 825 2908 Nuntius,
843 2824 993 2911 obgleieb
1007 2845 1042 2890 er
1054 2827 1099 2890 sie
1111 2825 1199 2890 nieht
1215 2823 1393 2890 annehmen
1404 2821 1523 2905 nolite,
1540 2823 1587 2886 sie
1599 2815 1672 2884 decb

354 2923 427 2990 dem
449 2925 566 3012 Papste
590 2927 751 2994 zusenden
773 2927 866 2992 wird.
888 2925 982 2992 Aueh
1005 2926 1091 2993 Areo
1114 2951 1201 2993 muse
1224 2931 1270 2994 sie
1292 2927 1357 2992 und
1372 2927 1441 2993 ihre
1456 2923 1670 3013 Begrttndung

353 3029 481 3096 konnen
504 3032 622 3097 lernen.
645 3069 687 3080 ·-
708 3031 771 3096 Die
786 3041 962 3117 genaueste
978 3030 1233 3118 Untersuehung
1249 3030 1304 3096 hat
1319 3029 1458 3117 ergeben
1476 3029 1553 3096 dass
1568 3026 1671 3094 keiner

352 3132 411 3198 der
430 3134 609 3200 Voriahren
631 3135 699 3200 sicb
718 3134 771 3200 bei
793 3133 912 3200 diesem
934 3134 1072 3201 Aulasse
1093 3135 1150 3201 des
1169 3135 1300 3201 Wortes
1321 3134 1528 3201 oboedientia
1551 3131 1670 3198 bedient

352 3235 416 3301 bat.
545 3237 639 3319 Quod
657 3259 750 3323 porro
773 3237 814 3302 ad
836 3239 1049 3303 iuramentum
1064 3241 1178 3304 attinet
1194 3238 1433 3325 praestandum,
1458 3239 1609 3324 quoniam
1631 3234 1669 3298 in-

352 3338 530 3405 dubitatum
545 3341 631 3428 epud
647 3352 678 3406 te
690 3363 760 3407 esse
773 3341 928 3426 volumus,
944 3342 1036 3408 nobis
1050 3343 1190 3407 animum
1204 3342 1325 3407 nullum
1337 3365 1424 3408 esse.
1438 3391 1465 3407 ..
1482 3364 1569 3430 quae
1580 3342 1612 3405 in
1623 3337 1668 3403 de

352 3443 553 3512 suetudinem
572 3446 680 3512 abiere
691 3468 802 3511 rursus
815 3447 847 3510 in
858 3469 951 3512 usum
962 3445 1146 3530 reeovandi,
1174 3444 1231 3512 sed
1245 3445 1277 3510 id
1291 3446 1393 3512 solum
1415 3445 1485 3512 fieri
1507 3467 1569 3510 nos
1594 3441 1668 3510 velle

350 3545 438 3632 quod
459 3571 480 3613 a
495 3598 502 3614 .
519 3597 552 3615 ..
574 3549 795 3614 Maximiliano
819 3572 880 3614 evo
904 3560 935 3615 et
958 3547 1073 3640 Oarqlo
1095 3549 1127 3614 V
1148 3550 1246 3615 fratre
1268 3559 1377 3616 nostro
1406 3549 1565 3636 nobisque
1594 3548 1665 3634 ipsis

349 3653 468 3718 factum
492 3661 550 3736 est,
573 3652 702 3740 quando
725 3652 765 3719 de
787 3675 926 3740 pemeus
947 3653 1136 3738 praesertim
1160 3653 1237 3719 dieti
1253 3652 1338 3719 Ser'm
1359 3651 1416 3718 filii
1438 3656 1551 3736 nostri,
1576 3673 1663 3740 quem

348 3758 381 3820 in
403 3757 522 3842 pietate
545 3755 720 3822 christiane
739 3757 868 3821 iusticia
889 3757 1007 3822 virtute
1023 3767 1055 3822 et
1070 3757 1157 3822 omni
1171 3767 1339 3843 praeterea
1353 3756 1522 3823 honestate
1544 3755 1663 3822 illorum

347 3869 380 3924 et
400 3861 517 3925 uostris
539 3861 683 3946 vestigiis
705 3858 910 3925 inhaesurum
927 3883 997 3926 esse
1014 3869 1138 3926 certum
1152 3859 1317 3943 habemus,
1340 3884 1427 3926 nunc
1448 3861 1490 3926 sit
1504 3861 1662 3926 tractatio:

347 3963 467 4052 siquis
490 3965 587 4050 igitur
609 3965 733 4030 iniectis
756 3965 839 4029 forte
862 3963 1021 4052 scrupulis
1046 3963 1209 4030 diversum
1232 3965 1273 4030 eb
1295 3964 1345 4029 his
1367 3964 1566 4052 persuadere
1580 3983 1660 4050 prae·

346 4069 526 4154 sumpserit,
550 4068 618 4134 eius
641 4076 677 4133 tu
699 4079 836 4134 cunutus
861 4067 1039 4134 rationibus
1062 4089 1142 4156 quas
1164 4078 1222 4133 tua
1242 4067 1301 4134 tibi
1323 4067 1494 4156 prudentia
1518 4073 1658 4155 suggeret

347 4170 576 4236 efficacissimis
598 4170 751 4238 audacter
774 4173 973 4258 comprimes
989 4182 1021 4237 et
1036 4171 1213 4238 contundes
1229 4221 1236 4236 .
1250 4221 1257 4236 .
1273 4220 1282 4236 .
1304 4171 1441 4238 nuncius
1457 4171 1590 4258 quidem
1604 4180 1658 4234 ten

348 4273 388 4339 de
410 4275 595 4340 iuramentis
618 4296 714 4362 quarn
737 4275 778 4340 de
793 4274 1188 4341 oboedientiaevoeabulo
1204 4274 1372 4342 uobiscum
1387 4298 1486 4362 agens
1502 4263 1656 4362 scripturis

347 4376 539 4464 quibusdem
562 4378 757 4444 innitebatur
780 4403 860 4466 quas
883 4381 1055 4446 summaria
1077 4389 1200 4445 tautum
1223 4378 1382 4466 quaedam
1404 4401 1475 4444 esse
1490 4401 1596 4446 rerum
1610 4375 1654 4442 ab·

347 4479 423 4546 hino
444 4481 508 4546 300
530 4491 562 4548 et
582 4481 647 4548 400
668 4483 761 4547 annis
783 4483 903 4549 Romae
925 4494 1089 4570 gestarum
1113 4485 1309 4550 coniicimus.
1332 4505 1444 4548 verum
1460 4505 1520 4550 nos
1536 4481 1589 4571 qui
1604 4479 1656 4545 slis

348 4586 547 4671 antiquitatis
569 4587 751 4652 testimonis
777 4611 842 4654 non
864 4587 1077 4668 admittimus,
1107 4599 1233 4677 praeter
1262 4611 1300 4653 ea
1330 4611 1412 4678 quae
1440 4611 1484 4655 ex
1517 4581 1654 4672 temporis

350 4690 564 4774 perpetuitate
587 4712 762 4756 consensus
784 4690 928 4777 vigorem
950 4703 1047 4758 necte
1069 4702 1152 4771 sunt,
1183 4692 1340 4758 eiusmodi
1363 4693 1535 4758 summaria
1560 4687 1650 4777 parvi·

349 4793 498 4875 fecimus3
521 4794 639 4858 etenim
661 4794 688 4858 si
711 4795 817 4859 omnia
832 4817 871 4860 ee
894 4817 977 4882 quse
992 4794 1164 4883 aliquando
1180 4796 1218 4875 inl
1228 4818 1289 4860 usu
1303 4795 1393 4862 fuere
1407 4796 1471 4861 buc
1485 4789 1651 4860 inducenda

348 4905 465 4978 essent,
488 4895 630 4961 absurde
651 4919 730 4963 sane
753 4919 850 4985 quam
872 4898 966 4984 pluro
987 4909 1019 4964 et
1040 4899 1300 4966 inconvenientis
1322 4907 1591 4987 consequerentur
1604 4942 1611 4958 ·
1625 4940 1650 4956 ··

348 4999 508 5066 suffecerit
529 4999 638 5090 itaque
660 4999 722 5068 boe
744 5011 776 5067 te
798 5000 891 5087 seire,
915 5025 954 5069 ee
977 5001 1046 5069 sola
1068 5025 1127 5070 nos
1149 5013 1184 5070 ut
1206 5025 1226 5068 a
1247 5001 1312 5070 filio
1335 5013 1445 5073 nostro
1468 5007 1650 5091 praestentur
