3532 5832
338 715 375 782 0.
398 717 468 781 eius
490 713 559 780 Me·
581 736 647 780 non
668 714 728 780 abs
751 736 786 780 re
807 713 961 798 futurum,
983 720 1020 777 ut
1040 713 1074 776 in
1094 710 1182 776 hunc
1208 731 1339 798 quoque
1360 715 1512 775 eventum
1534 705 1575 772 Sc
1599 708 1678 772 eius

338 820 448 906 opinio
471 826 504 884 et
524 819 685 884 sententia
705 816 770 883 Mt·
792 815 826 884 S.
849 815 889 892 O,
909 825 1043 884 constet.

438 921 513 989 Non
535 921 711 989 obscurum
733 931 783 988 est
803 921 922 987 multos
945 944 985 987 ac
1006 922 1116 987 varios
1138 941 1234 986 casus
1256 915 1449 985 intercidere
1471 938 1584 1005 posse,
1614 914 1679 1002 qui

337 1036 370 1091 et
389 1047 598 1114 progressum
631 1036 664 1093 et
690 1025 831 1092 hactum
860 1047 957 1114 quem
979 1023 1101 1112 alioqui
1123 1046 1166 1090 ex
1192 1021 1329 1090 concilio
1350 1023 1464 1088 merito
1488 1039 1676 1108 speramus,

337 1129 550 1197 interturbare
579 1141 708 1219 queant.
753 1128 880 1196 accedit
901 1128 1049 1194 adhaec
1077 1127 1168 1217 quod
1191 1127 1313 1194 nedum
1342 1125 1522 1192 adversarii
1549 1123 1610 1189 sed
1639 1131 1679 1187 et

337 1232 487 1300 catholici
516 1235 579 1323 ipsi
606 1233 689 1300 forte
717 1255 784 1300 non
810 1241 878 1298 tam
908 1233 992 1299 serio
1015 1231 1187 1298 concilium
1209 1227 1361 1318 generale
1381 1227 1548 1316 postulare
1570 1247 1677 1314 qnam

337 1337 378 1403 ab
403 1338 518 1404 eodem
539 1339 644 1425 magis
672 1335 848 1404 abhorrere
868 1336 1056 1421 videantur,
1087 1358 1148 1402 nec
1169 1336 1286 1400 mirum
1308 1331 1445 1422 quidem
1474 1355 1548 1398 cum
1573 1353 1676 1398 nemo

338 1441 399 1507 sibi
420 1439 559 1508 libenter
580 1442 788 1508 correctionis
811 1448 933 1506 statuat
953 1438 1119 1506 iudicium.

438 1545 482 1610 Et
502 1555 539 1610 ut
559 1547 701 1611 maxime
722 1567 775 1611 res
796 1542 954 1610 foeliciter
968 1551 1085 1630 coepta
1105 1541 1211 1622 fuerit,
1235 1549 1323 1607 certo
1343 1550 1455 1607 tamen
1477 1541 1597 1606 certius
1619 1547 1676 1604 est

336 1647 473 1715 eandem
487 1671 566 1736 prae
587 1651 636 1714 sui
658 1647 882 1736 magnitudine
903 1657 936 1713 et
956 1645 1144 1712 difficultate
1166 1647 1251 1712 intra
1266 1643 1375 1733 plures
1398 1666 1500 1710 annos
1522 1651 1674 1731 optatum

335 1751 433 1818 finem
454 1754 512 1818 vix
534 1763 789 1836 consecuturam,
823 1751 928 1817 isthac
955 1759 1064 1816 autem
1091 1749 1221 1837 prolixa
1246 1769 1338 1814 mora
1360 1745 1518 1814 ecclesiae
1540 1755 1573 1812 et
1593 1744 1673 1811 reli·

335 1857 424 1942 gioni
447 1855 625 1924 catholicae
646 1855 726 1922 nihil
748 1878 819 1922 esse
840 1877 937 1943 posse
959 1855 1181 1942 perniciosius.

439 1959 548 2042 Quum
572 1981 649 2046 ergo
672 1968 705 2025 et
726 1959 915 2024 summersi
929 1958 1107 2023 necessitas
1123 1966 1156 2022 st
1169 1977 1325 2044 praesens
1339 1953 1506 2042 religionis
1520 1953 1672 2018 interitus

337 2083 464 2128 omnem
487 2085 611 2129 moram
633 2061 818 2146 excludant,
841 2060 899 2127 8¹²¹
922 2062 991 2127 eius
1007 2059 1182 2126 clementer
1195 2059 1398 2148 perpendere
1414 2057 1611 2144 dignabitur,
1627 2078 1672 2120 an

335 2165 462 2231 interim
483 2166 646 2253 pendente
669 2166 805 2232 concilio
827 2175 897 2232 tum
918 2185 978 2253 pro
1000 2162 1158 2252 religione
1180 2163 1405 2230 conservanda
1426 2171 1496 2228 tum
1516 2159 1672 2227 ulteriore

337 2267 517 2335 defectione
539 2269 687 2336 cavenda
708 2268 832 2357 aliquid
853 2269 937 2334 firmi
960 2270 1057 2334 statui
1085 2291 1125 2334 ac
1152 2265 1206 2334 rel
1234 2268 1381 2354 inprimis
1409 2264 1488 2332 ordo
1518 2263 1671 2331 ecclesia·
1735 2285 1746 2306 ⁸

338 2373 438 2438 sticue
460 2371 675 2460 redintegrari
698 2381 731 2439 et
752 2373 923 2460 repurgari
944 2374 1057 2460 possit.

439 2475 597 2558 Quamvis
618 2499 696 2543 vero
718 2476 885 2542 fatendum
908 2477 951 2541 sit
972 2497 1099 2543 omnem
1122 2497 1251 2542 carnem
1274 2483 1460 2562 corruptam
1475 2481 1509 2539 et
1523 2495 1543 2538 a
1556 2471 1671 2559 planta

335 2579 429 2666 pedis
456 2602 560 2669 usque
582 2580 625 2646 ad
646 2583 799 2648 verticem
822 2582 938 2668 capitis
965 2602 1030 2647 non
1060 2601 1131 2646 esse
1158 2581 1193 2644 in
1218 2577 1313 2645 nobis
1342 2579 1528 2655 sanitatem,
1555 2578 1671 2664 negari

335 2693 445 2750 tamen
466 2707 532 2752 non
551 2695 661 2779 potest
693 2695 813 2750 statum
841 2683 1098 2751 ecclesiasticum
1131 2683 1233 2771 (quod
1266 2682 1360 2748 salva
1391 2681 1478 2748 illius
1511 2679 1670 2768 dignitate

337 2809 411 2853 cum
432 2790 530 2854 venia
553 2787 675 2855 dictum
699 2786 753 2875 sit)
783 2788 880 2876 longe
909 2811 980 2855 esse
1010 2787 1289 2874 corruptissimum
1317 2795 1350 2853 et
1377 2809 1398 2853 a
1419 2809 1479 2852 sua
1499 2786 1670 2872 primaeva

335 2892 533 2957 institutione
554 2893 620 2957 iarn
640 2890 768 2978 pridem
791 2891 968 2958 admodum
983 2893 1157 2958 enormiter
1172 2890 1403 2978 degenerass03
1425 2889 1460 2955 id
1476 2887 1565 2977 quod
1577 2887 1669 2975 plae-

334 2995 427 3082 rique
450 2997 554 3061 sancti
576 3004 609 3062 et
624 2995 797 3062 orthodoxi
819 3006 930 3084 patres
950 2994 1062 3061 multis
1082 2997 1252 3062 retroactis
1269 2993 1387 3061 seculis
1410 2992 1505 3060 editis
1529 2991 1669 3079 desuper

248 3103 254 3116 '
335 3095 427 3163 libris
450 3097 597 3187 adusque
618 3097 793 3164 lachrimas
816 3098 1035 3186 deplorarunt
1059 3100 1142 3166 haec
1158 3099 1288 3188 quidem
1305 3097 1495 3186 depravatio
1509 3095 1668 3162 hactenus

336 3222 401 3267 non
424 3201 582 3285 decrevit,
606 3201 664 3268 sed
686 3201 823 3269 subinde
845 3204 932 3270 vires
955 3204 1099 3270 adauxit
1123 3213 1246 3292 quanta
1267 3203 1367 3285 enhn,
1390 3199 1477 3268 bone
1499 3199 1595 3283 deus,
1618 3221 1668 3264 ec

337 3303 507 3370 elesiarum
528 3304 649 3393 ubique
671 3307 807 3371 vastitas
830 3314 862 3372 et
884 3307 1033 3394 solitudo,
1068 3308 1324 3396 quotusquisque
1348 3307 1445 3371 etiam
1470 3306 1505 3370 in
1530 3303 1669 3370 ecclesia

336 3418 423 3475 recte
444 3409 590 3495 fungitur
612 3409 719 3475 officio
743 3410 825 3476 suo?
853 3433 896 3477 an
917 3435 982 3479 non
1005 3435 1116 3478 omnes
1139 3412 1223 3498 fere,
1252 3433 1337 3499 quae
1358 3410 1502 3476 muneris
1524 3409 1575 3472 sui
1597 3416 1672 3472 sunt

336 3521 370 3579 et
391 3515 475 3579 sacri
497 3515 543 3579 eis
565 3512 717 3579 facienda
737 3515 967 3600 praescribunt
989 3538 1140 3599 canones,
1164 3539 1207 3581 ex
1227 3515 1374 3602 professo
1397 3513 1578 3601 negligunt,
1599 3534 1672 3599 pro-

334 3615 438 3683 hibita
467 3639 546 3683 vero
577 3616 734 3683 audacter
762 3617 906 3684 faciunt?
933 3642 975 3685 an
1005 3641 1071 3686 non
1099 3617 1345 3685 dissolutissime
1373 3615 1511 3682 vivunt?
1538 3639 1581 3680 an
1607 3637 1672 3680 non

333 3742 428 3787 omne
451 3721 539 3808 apud
560 3719 633 3787 illos
648 3715 770 3788 'vitium
791 3724 826 3788 in
847 3725 1018 3812 praecipiti
1040 3723 1115 3790 est?
1135 3723 1223 3788 versi
1244 3721 1370 3787 scilicet
1392 3721 1427 3784 in
1440 3718 1594 3808 laqueum
1608 3727 1671 3784 tor

335 3833 465 3891 tuosum
487 3834 520 3891 et
541 3826 575 3891 in
597 3826 746 3892 omnibus
768 3825 849 3892 locis
870 3837 1027 3914 ponentes
1044 3825 1245 3911 scandalum,
1267 3835 1305 3890 ut
1319 3821 1416 3911 paulo
1431 3821 1591 3906 meliores,
1607 3823 1671 3888 imo

258 3974 270 3996 .
333 3927 670 4013 nonnunquametiam
681 3928 808 4013 peiores
821 3926 1016 3992 adversariis
1029 3925 1278 3993 essevideantur
1288 3925 1338 4016 [l].
1355 3926 1442 4015 quod
1453 3934 1540 3992 certe
1550 3923 1670 3991 malum

333 4030 515 4114 praesentis
538 4030 698 4095 scismatis
720 4031 930 4116 praecipuam
952 4053 1085 4096 causam
1105 4031 1206 4097 fuisse
1230 4031 1401 4119 eidemque
1421 4052 1487 4096 non
1506 4029 1670 4095 mediocre

335 4131 434 4199 robur
454 4131 612 4198 hactenus
636 4131 804 4199 addidisse
832 4155 872 4198 ac
894 4134 1061 4198 incautum
1082 4131 1201 4221 vulgus
1224 4133 1268 4199 ad
1296 4155 1369 4200 eam
1391 4137 1502 4222 (quam
1524 4131 1669 4199 dolenter

334 4233 510 4320 cernimus)
534 4234 748 4302 defectionem
770 4237 979 4323 pertraxisse,
1002 4258 1055 4302 res
1076 4238 1149 4324 ipsa
1170 4236 1321 4324 loquitur.

439 4338 539 4404 Porro
563 4361 637 4404 cum
660 4337 736 4404 inde
759 4340 801 4404 sit
822 4338 1008 4424 incipienda
1029 4339 1201 4407 medicatio
1230 4339 1316 4406 unde
1337 4341 1479 4428 primum
1509 4349 1599 4406 ortus
1621 4349 1668 4405 est

334 4440 477 4525 morbus,
512 4450 638 4508 constet
659 4451 768 4507 autem
790 4463 917 4508 morum
938 4443 972 4506 in
995 4441 1080 4509 clero
1104 4445 1343 4531 corruptionem
1370 4445 1508 4532 primam
1538 4465 1666 4509 causam

334 4544 411 4610 mali
432 4545 529 4611 huius
551 4545 661 4630 fuisse,
685 4567 886 4633 consequens
908 4556 959 4611 est
979 4546 1157 4612 eorundem
1179 4549 1412 4614 correctionem
1433 4547 1572 4635 primam
1594 4569 1666 4612 cau·

335 4670 405 4714 sam
426 4649 504 4715 boni
527 4671 599 4715 esse
621 4657 781 4736 oportere.
805 4649 833 4712 si
855 4649 941 4714 enim
956 4649 1174 4721 sacerdotium
1188 4652 1351 4738 integrum
1364 4651 1471 4735 fuerit,
1493 4660 1563 4717 tota
1576 4648 1667 4716 floret

334 4752 482 4837 ecclesia,
505 4755 533 4818 si
556 4761 664 4818 autem
687 4761 873 4838 comptum
896 4753 947 4838 sit,
970 4754 1112 4818 omnium
1134 4751 1216 4820 fides
1246 4763 1279 4820 et
1304 4755 1408 4820 virtus
1434 4752 1581 4820 marcida
1610 4763 1665 4820 est.

334 4859 362 4922 si
383 4857 470 4924 enim
493 4856 646 4923 sacerdos
659 4857 715 4944 qui
729 4862 779 4920 est
794 4863 911 4920 unctus
925 4858 1121 4943 peccaverit,
1136 4857 1236 4923 faciet
1250 4866 1283 4923 et
1296 4855 1454 4945 populum
1471 4857 1664 4945 delinquere.

333 4982 440 5048 neque
463 4961 542 5025 satis
565 4969 616 5026 est
636 4957 701 5024 fids
722 4957 928 5044 catholicum,
950 4961 1020 5024 vita
1033 4983 1112 5026 vero
1127 4959 1328 5026 haereticum
1342 4982 1425 5027 esse.
1441 4970 1569 5028 constat
1583 4963 1664 5027 enim

332 5063 490 5152 populum
513 5061 567 5130 dci
587 5084 654 5129 non
675 5061 781 5127 minus
803 5061 891 5127 mala
921 5063 991 5128 vita
1018 5061 1223 5132 sacerdotum
1255 5085 1354 5152 quam
1384 5086 1489 5152 prava
1521 5065 1665 5134 doctrina
