3468 5820
306 502 367 564 tte

302 699 445 774 paterne·
460 687 655 777 replicemus
683 709 722 753 ac
743 696 927 776 repetamus
949 687 984 754 id
1006 687 1093 778 qnod
1122 687 1343 778 superioribus
1371 711 1500 780 quoque
1530 685 1637 755 literis

302 792 567 878 significavimus,
590 791 741 858 videlicet
763 792 851 880 quod
873 802 1024 858 oretenus
1048 795 1155 860 omnia
1175 795 1273 880 longe
1288 793 1395 859 acrius
1410 791 1638 860 vehementius

302 917 342 960 ao
365 897 508 962 severius
519 917 578 984 per
590 918 649 963 uos
666 904 740 963 acta
754 905 838 976 sunt,
856 895 1014 984 siquidem
1027 894 1107 963 nibil
1121 895 1219 985 plane
1233 895 1507 962 dissimulavimus
1523 918 1639 962 eorum

303 1019 386 1085 quae
406 997 459 1064 vel
473 997 698 1085 praesentibus
712 997 816 1065 turbis
832 1021 871 1064 ac
896 999 1038 1066 dissidiis
1053 1003 1087 1066 in
1102 999 1257 1087 religione
1272 1021 1404 1065 oausam
1419 1010 1451 1066 et
1465 1001 1639 1065 materiam

301 1101 519 1189 praebuerunt
539 1102 592 1169 vel
616 1103 814 1168 comestione
837 1112 869 1168 et
891 1101 1115 1172 emendatione
1137 1105 1171 1170 in
1187 1103 1274 1171 clero
1291 1113 1324 1170 et
1336 1104 1479 1170 maxime
1493 1105 1528 1168 in
1545 1103 1640 1168 curia

301 1205 448 1271 Romana
471 1227 552 1294 opus
575 1205 713 1286 babent,
744 1203 824 1272 adeo
847 1214 957 1272 utres
980 1206 1196 1291 acatholico,
1220 1207 1311 1274 salva
1335 1207 1444 1274 debita
1465 1205 1638 1288 modestis,

301 1309 422 1375 maiore
444 1309 650 1376 vehementia
672 1309 727 1396 agi
749 1333 814 1376 uon
835 1311 1003 1397 potuisset
1025 1333 1087 1378 nce
1109 1312 1156 1376 ita
1176 1311 1273 1378 facile
1296 1313 1452 1378 cessimus
1475 1310 1509 1374 in
1532 1309 1639 1375 omui-

300 1411 363 1479 bus
385 1413 462 1479 dicti
483 1411 541 1478 ΕΝ
563 1411 599 1479 Ο.
615 1411 743 1478 Moroni
755 1411 937 1500 postulatis,
961 1415 1039 1504 quin
1053 1411 1100 1480 illi
1115 1437 1312 1503 magnopere
1328 1413 1638 1494 contradiceremus,

300 1515 382 1583 adeo
404 1526 440 1582 nt
462 1517 561 1583 etiam
581 1538 646 1583 uon
670 1515 800 1582 omnino
824 1525 994 1583 contentus
1015 1525 1048 1583 et
1069 1515 1153 1584 bene
1176 1517 1360 1584 satisfactus
1382 1515 1458 1584 binc
1480 1515 1638 1582 videatur

301 1618 498 1702 discessisse,
522 1620 611 1708 quod
632 1621 753 1707 scripte
775 1621 843 1686 eius
865 1629 1110 1708 postramanuu
1128 1621 1266 1688 obscure
1282 1621 1465 1688 ostendunt.
1489 1643 1530 1686 ea
1556 1643 1638 1690 vero

301 1724 407 1789 omnia
430 1745 513 1814 quae
536 1731 686 1790 oretenus
710 1733 741 1790 et
762 1721 963 1790 familiariter
985 1723 1247 1812 confidenterque
1270 1747 1309 1790 ac
1331 1733 1455 1791 secreto
1470 1725 1561 1790 iuter
1575 1743 1637 1789 nos

301 1835 333 1892 et
361 1825 450 1892 illum
486 1835 560 1892 acte
583 1836 673 1912 suut,
704 1826 865 1892 noluimus
894 1827 1072 1894 modestiae
1102 1851 1201 1894 eausa
1229 1827 1358 1915 scriptis
1387 1825 1635 1916 comprehendi,

301 1929 379 2018 quin
402 1933 499 1996 etiam
522 1931 778 1998 existimavimus
800 1952 1007 2019 nequaquam
1031 1933 1213 2016 convenire,
1237 1953 1279 1997 ex
1302 1954 1366 2021 quo
1390 1953 1535 1998 summus
1558 1953 1638 2018 pon·

299 2035 380 2102 tifex
401 2035 507 2100 virum
529 2043 596 2100 tam
618 2034 779 2122 insignem
802 2043 838 2100 et
848 2035 1037 2121 primarium
1059 2043 1189 2124 tamque
1204 2037 1306 2102 nostri
1322 2034 1500 2101 studiosum
1517 2031 1562 2098 ad
1578 2055 1638 2097 nos

299 2139 449 2223 misisset,
473 2137 620 2204 utillum
643 2161 717 2204 cnm
739 2136 796 2204 tali
819 2161 974 2227 responso
998 2137 1230 2206 dimitteremus
1250 2141 1285 2205 in
1309 2160 1372 2230 quo
1388 2135 1434 2204 illi
1449 2137 1530 2204 nihil
1546 2160 1637 2226 pror

299 2264 354 2308 sus
377 2241 492 2308 saltem
513 2241 758 2308 benevolentiae
782 2264 881 2308 causa
904 2243 1109 2326 tribueretur,
1133 2243 1191 2309 sed
1214 2243 1322 2310 omnia
1336 2241 1521 2331 praefracte
1536 2264 1637 2328 nega·

298 2355 418 2413 rentur.
442 2369 526 2435 quae
548 2355 657 2412 tamen
679 2344 883 2432 indulgentia
904 2356 937 2413 et
957 2343 1095 2412 facilitas
1118 2355 1228 2413 nostra
1250 2355 1341 2412 tanta
1362 2369 1427 2413 uon
1448 2345 1520 2430 fuit,
1544 2354 1583 2410 nt
1605 2345 1637 2409 in

299 2472 453 2538 responso
476 2459 586 2518 nostro
610 2451 785 2538 quicquam
807 2474 866 2540 per
880 2473 941 2517 nos
957 2452 999 2516 sit
1013 2452 1182 2517 remissum
1205 2460 1261 2516 aut
1283 2472 1483 2534 conoessum,
1507 2469 1577 2538 quo
1592 2449 1637 2514 vi·

300 2552 369 2618 deri
396 2555 500 2642 possit
526 2553 580 2620 vel
610 2553 767 2620 ecclesiae
796 2555 850 2620 vel
881 2553 1029 2642 patribus
1059 2551 1187 2622 concilii
1214 2555 1268 2622 vel
1295 2554 1410 2622 ceteris
1437 2553 1576 2642 regibus
1598 2575 1637 2619 ac

299 2657 501 2745 principibus
524 2657 706 2724 christianis
721 2658 842 2724 factum
857 2679 930 2724 esse
945 2657 1187 2748 praeiudicium.
1211 2681 1286 2724 nam
1301 2667 1466 2746 utcunque
1482 2659 1636 2745 ascripto

299 2769 411 2828 nostro
434 2762 538 2850 primo
561 2759 785 2829 sustulerimus
801 2783 990 2850 expressam
1004 2764 1200 2830 mentionem
1214 2763 1450 2830 reformationis
1465 2763 1635 2828 instituen-

301 2863 362 2930 dae
385 2885 451 2930 nou
472 2863 569 2931 modo
592 2865 626 2930 in
647 2864 802 2932 membris
823 2887 937 2932 verum
960 2867 1058 2932 etiam
1079 2865 1114 2931 iu
1136 2867 1256 2954 capite,
1290 2865 1378 2956 quod
1400 2875 1448 2934 est
1469 2865 1509 2932 B.
1531 2863 1635 2932 eccle·
1719 2893 1720 2940 i

300 2968 349 3033 sia
371 2978 403 3034 et
423 2967 554 3056 praesul
577 2968 645 3034 eius
668 2967 706 3036 R.
729 2969 890 3056 pontifex,
918 2979 1027 3036 tamen
1055 2969 1252 3038 eiuscemodi
1280 2969 1382 3038 verba
1403 2969 1534 3038 fuerunt
1561 2968 1634 3034 sub-

300 3073 412 3137 stituta
434 3094 517 3160 quae
538 3072 602 3140 hoc
623 3073 731 3159 ipsum
752 3074 786 3138 iu
808 3071 991 3140 substantia
1012 3075 1159 3158 inuuunt,
1181 3074 1333 3139 nimirum
1347 3072 1436 3161 quod
1450 3073 1636 3138 necessaria

300 3177 342 3240 sit
369 3175 553 3243 reformatio
581 3175 776 3242 universalis
803 3176 844 3242 de
872 3199 956 3267 quae
984 3179 1018 3243 in
1046 3178 1186 3266 antiquis
1215 3177 1359 3244 conciliis
1387 3197 1543 3264 expressa
1576 3175 1636 3241 fuit

302 3280 431 3363 mentio,
456 3299 529 3345 oum
551 3279 757 3345 manifestum
779 3281 822 3345 sit
850 3279 990 3346 concilia
1017 3282 1150 3370 antiqua
1176 3281 1370 3348 mentionem
1399 3281 1506 3346 facere
1534 3279 1634 3346 refor-

301 3382 451 3449 mationis
473 3383 507 3447 iu
530 3383 636 3470 eapite
659 3393 692 3449 et
713 3383 876 3450 membris.
911 3381 954 3450 ad
975 3383 1057 3450 baec
1077 3409 1144 3452 non
1165 3385 1313 3452 videmus
1336 3407 1400 3474 qua
1428 3384 1557 3452 ratione
1580 3405 1633 3470 po-

301 3487 457 3552 tuerimus
479 3494 536 3551 aut
558 3485 764 3554 debuerimus
787 3510 911 3554 summo
934 3488 1078 3577 pontifici
1101 3498 1270 3578 tantopere
1293 3499 1327 3554 et
1346 3499 1412 3554 tam
1434 3487 1557 3554 obuium
1580 3485 1633 3552 ad·

301 3590 434 3673 versari,
457 3598 493 3655 ut
513 3588 635 3654 nullam
656 3612 788 3678 prorsus
811 3590 861 3658 su·
876 3591 909 3658 S.
936 3591 1127 3660 duceremus
1149 3594 1316 3676 rationem,
1339 3613 1437 3679 quam
1452 3589 1546 3656 salva
1561 3613 1633 3657 con·

301 3693 436 3760 scientia
457 3714 523 3759 uon
544 3714 716 3780 possumus
738 3696 800 3760 nisi
823 3716 882 3782 pro
904 3705 1015 3763 nostro
1038 3696 1072 3762 in
1095 3695 1316 3784 spiritualibus
1339 3695 1505 3782 superiore
1519 3717 1632 3780 recog·
1719 3697 1720 3700 ’

299 3819 434 3862 noscere
458 3805 490 3862 et
512 3798 603 3863 ouius
625 3820 705 3884 erga
726 3821 786 3864 nos
816 3807 929 3866 extant
957 3809 1005 3866 tot
1027 3809 1060 3866 et
1086 3810 1152 3866 tam
1181 3797 1350 3887 praeclara
1378 3800 1506 3887 paterni
1533 3796 1632 3863 animi

300 3901 406 3968 studia
427 3911 460 3967 et
481 3901 537 3989 qui
559 3900 699 3990 deniqne
721 3901 865 3969 irritatus
880 3912 912 3970 et
925 3903 1139 3972 exacerbatus
1155 3904 1306 3970 facillime
1322 3905 1479 3989 possetis
1493 3904 1630 3991 negocio

300 4007 549 4073 confirmationis
579 4015 611 4071 et
637 4006 881 4094 approbationis
910 4005 997 4073 Dil”¹'
1026 4007 1077 4092 V.,
1107 4008 1148 4074 de
1177 4032 1241 4097 qua
1270 4008 1367 4075 modo
1396 4029 1471 4073 eum
1493 4005 1539 4072 S‘·
1563 4008 1629 4072 eius

301 4112 415 4198 agitur,
448 4109 603 4199 plurimas
626 4119 723 4200 atque
745 4112 957 4198 gravissimas
981 4111 1188 4178 difficultates
1215 4135 1281 4181 uon
1303 4112 1427 4200 absque
1447 4119 1629 4177 nosuamm

301 4223 334 4282 et
355 4213 443 4279 Diti·
465 4213 506 4281 V.
523 4237 631 4280 rerum
654 4215 822 4301 dispendio
845 4218 998 4301 excitare,
1023 4239 1104 4305 quas
1126 4217 1272 4304 profecto
1294 4215 1357 4282 boc
1378 4215 1508 4282 turbato
1524 4235 1628 4281 rerum

302 4327 335 4384 et
355 4327 537 4405 temporum
560 4327 646 4383 statu
667 4316 764 4405 louge
786 4319 888 4385 satius
912 4329 962 4384 est
982 4341 1189 4406 praecavere,
1216 4320 1408 4408 praesertim
1436 4341 1511 4385 oum
1532 4317 1628 4385 facili·

302 4431 353 4488 tas
376 4431 408 4488 et
428 4420 630 4509 indulgentia
652 4443 717 4509 qua
739 4423 773 4487 in
796 4423 963 4508 scripturis
992 4424 1110 4490 nostris
1132 4424 1183 4488 usi
1205 4446 1315 4490 sumus
1339 4422 1496 4490 ecelesiae
1518 4433 1552 4488 et
1573 4421 1626 4486 rei·

302 4525 453 4615 publicae
477 4525 672 4592 christianae
693 4524 773 4590 nihil
788 4548 921 4612 prorsus
937 4525 1118 4594 detrimenti
1133 4527 1187 4592 vel
1202 4526 1391 4614 praeiudicii
1407 4525 1546 4592 allatura
1560 4545 1626 4590 esse

302 4629 459 4698 videatis.
484 4628 571 4717 quod
592 4639 701 4694 autem
722 4628 807 4694 Dil²¹⁰
818 4630 858 4695 V.
880 4651 939 4718 pro
962 4653 1022 4695 sua
1043 4631 1162 4697 eximia
1182 4633 1302 4718 pietate
1323 4640 1356 4696 et
1375 4629 1467 4696 filiali
1481 4651 1560 4716 erga
1572 4648 1625 4692 nos

305 4732 411 4800 studio
433 4732 576 4798 officiose
597 4741 721 4817 mouet,
750 4742 787 4798 ut
812 4743 946 4821 propter
972 4755 1086 4800 causas
1115 4757 1136 4800 a
1157 4735 1239 4800 Dil¹⁸
1261 4736 1300 4802 V.
1324 4733 1483 4822 allegatas
1511 4733 1623 4798 diutius

305 4837 359 4904 bio
380 4858 446 4902 nou
467 4837 682 4920 immoremur,
715 4837 774 4903 sed
796 4837 945 4904 omnibus
966 4838 1072 4904 modis
1094 4837 1223 4903 afflictis
1244 4837 1343 4904 rebus
1364 4837 1532 4924 religionis
1553 4835 1622 4902 infe·

303 4943 423 5008 riorum
456 4939 695 5026 provinciarum
724 4951 907 5008 comarum
940 4941 1185 5008 Austriaoarum
1225 4963 1414 5008 succurrere
1446 4939 1620 5030 dignemur,

305 5045 382 5114 ltili
404 5043 445 5111 V.
467 5050 601 5132 paterne
622 5043 813 5132 pollicemur
841 5048 962 5116 uosiia
984 5046 1146 5116 derebus
1169 5045 1279 5114 sedtrlo
1308 5050 1462 5136 oogitme,
1491 5050 1571 5117 adeo
1591 5057 1620 5112 ut
