3450 5818
1353 453 1414 516 ³05

103 637 153 704 luc
172 649 341 723 venturos,
369 642 396 705 si
426 641 623 708 continuatio
653 640 760 707 adhuc
787 641 831 707 sd
864 651 991 730 tempus
1018 640 1070 706 vel
1099 663 1203 729 usque
1224 639 1267 706 ad
1288 638 1415 707 concilii

102 743 184 808 finem
208 742 476 831 subprimmetur,
504 767 545 810 ne
567 744 675 810 verbis
698 768 757 832 per
780 744 910 814 decreta
932 745 1001 812 eius
1024 745 1142 812 mentio
1164 744 1272 828 fieret,
1295 753 1332 810 ut
1352 744 1415 810 hoc

101 867 216 912 sscrnm
238 849 410 934 negocium
433 848 521 938 quod
535 847 568 914 S.
584 848 636 913 iltl
655 848 696 914 V.
719 850 813 916 unice
836 849 926 915 cordi
948 871 1019 915 esse
1041 851 1190 930 novimus
1214 850 1247 914 in
1270 871 1329 914 suo
1343 871 1416 936 pro·

99 972 201 1034 gressu
215 972 280 1016 non
295 949 504 1038 impediretur
527 962 559 1016 et
574 951 712 1017 afflictae
729 949 924 1018 Germaniae
939 953 1042 1038 magis
1059 975 1156 1040 quam
1174 953 1289 1018 ceteris
1305 974 1415 1038 aegro-

100 1053 170 1117 tanti
192 1065 447 1134 succumeretur,
475 1057 579 1121 visum
610 1065 659 1121 est
680 1055 773 1121 nobis
795 1054 965 1139 humiliter,
987 1055 1065 1120 ΜΨΙΙ
1087 1056 1127 1122 V.
1150 1078 1211 1142 per
1230 1053 1340 1120 literas
1363 1055 1416 1120 vel

11 1209 15 1231 ,
100 1177 151 1240 per
170 1177 229 1221 noe
250 1156 317 1222 Re.
339 1157 382 1222 Ι).
404 1156 518 1245 legatis
541 1158 688 1248 adeoque
712 1157 745 1226 S.
772 1159 836 1250 ipsi
866 1156 1002 1226 concilio
1034 1159 1216 1246 significare
1244 1181 1356 1246 posse,
1381 1183 1417 1225 se

11 1250 17 1323 ἶ
100 1257 256 1326 evidentes
278 1269 311 1326 et
332 1283 450 1348 graves
471 1263 613 1326 rationes
636 1261 765 1341 habere,
791 1261 910 1350 quibua
932 1272 1102 1329 moveatur
1117 1272 1153 1327 ut
1168 1263 1416 1328 continuationis

99 1385 245 1449 expressa
265 1365 385 1430 mentio
407 1365 441 1429 in
464 1365 702 1431 conclusionem
726 1364 852 1432 concilii
875 1367 1045 1452 reiiciatur,
1074 1375 1106 1432 et
1127 1375 1195 1431 tum
1218 1365 1335 1454 quibne
1355 1389 1417 1453 par

12 1508 13 1531 r
99 1475 141 1530 est
159 1467 267 1533 verbis
291 1469 432 1533 omnium
455 1467 583 1534 concilii
606 1478 750 1536 actorum
773 1470 979 1536 cohaerentia
1001 1469 1159 1536 scribatur
1182 1479 1214 1535 et
1235 1468 1418 1556 publicetur

98 1591 162 1634 cum
184 1571 254 1657 ipsa
277 1591 406 1660 quoque
429 1575 544 1637 summi
566 1573 726 1660 pontificia
750 1574 1001 1640 confirmatione.
1024 1595 1099 1639 nam
1115 1581 1147 1639 et
1162 1598 1182 1639 a
1195 1573 1256 1638 R¹³¹⁰
1276 1573 1317 1640 D.
1333 1595 1418 1638 nun-

11 1681 12 1692 *
98 1675 141 1738 cio
162 1674 340 1762 apostolico
364 1679 418 1765 qui
441 1676 527 1764 apud
550 1676 582 1743 S.
605 1677 683 1742 Men
705 1677 745 1742 V.
769 1687 817 1742 est
839 1677 903 1742 huc
925 1679 991 1742 iam
1019 1679 1172 1764 scriptum
1196 1699 1267 1744 csse
1290 1677 1416 1761 dicitur,

97 1777 165 1842 Me.
180 1778 221 1845 V.
245 1781 311 1844 iam
333 1780 470 1868 amplius
492 1782 538 1846 ita
561 1783 741 1870 quieturam
761 1791 797 1846 ut
820 1781 1093 1847 continuationem
1114 1779 1271 1868 impedire
1287 1783 1416 1846 omnino

98 1905 156 1946 non
175 1881 264 1966 velit,
289 1883 374 1950 unde
397 1884 533 1950 fumasse
549 1883 604 1950 R¹²¹
617 1884 659 1950 D.
684 1881 783 1972 legati
798 1885 914 1950 minori
930 1883 1144 1950 sollicitudine
1159 1883 1316 1974 Hispanis
1332 1885 1417 1973 quod

100 1985 231 2053 diximus
253 1991 477 2076 promiserunt
501 1988 535 2054 id
557 1989 629 2055 ideo
652 1999 688 2054 nt
702 1988 754 2054 M*
772 1989 811 2054 V.
837 1989 1089 2076 significaremus
1111 1989 1331 2055 necessarium
1347 2011 1418 2055 esse

99 2089 252 2174 duximus,
277 2094 353 2180 quie
375 2093 446 2180 quis
469 2091 661 2158 Germaniae
684 2100 785 2158 statue
808 2091 904 2158 modo
927 2092 969 2156 sit
990 2099 1023 2156 et
1045 2115 1086 2156 an
1109 2090 1142 2156 S.
1158 2091 1225 2156 ΜΨ
1247 2091 1288 2156 V.
1311 2100 1415 2179 prote·

98 2203 210 2260 stantes
244 2194 309 2260 hnc
342 2196 496 2260 missuros
529 2195 583 2260 vel
616 2217 805 2261 emensuroe
836 2195 964 2261 omnino
998 2196 1093 2278 sciat,
1128 2217 1188 2260 nos
1221 2196 1418 2281 ignoramus.

98 2305 263 2386 utrumque
284 2307 392 2366 autem
416 2297 448 2365 S.
470 2298 533 2366 M*
547 2299 587 2365 V.
612 2299 880 2366 clementissimae
902 2298 1061 2365 voluntati
1082 2297 1283 2387 relinquitur,
1305 2309 1342 2364 ut
1363 2307 1419 2364 aut

98 2398 191 2466 libere
213 2403 379 2488 permittat
401 2399 470 2468 fieri
493 2403 648 2492 quicquid
670 2425 709 2468 ee
730 2405 763 2468 in
784 2425 820 2468 re
841 2412 952 2490 patres
974 2403 1006 2468 in
1030 2401 1166 2468 concilio
1198 2402 1419 2468 constituerint

98 2511 149 2567 aut
174 2505 206 2568 in
236 2525 311 2570 eum
338 2527 432 2594 quem
455 2504 597 2571 diximus
618 2506 750 2572 modum
774 2507 894 2573 scribut
917 2508 1092 2572 autetiam
1114 2506 1206 2571 utin
1229 2528 1267 2572 eo
1290 2507 1419 2572 omnino

98 2627 150 2691 pro
172 2605 303 2673 arbitrio
326 2630 384 2674 suo
408 2607 581 2676 clementer
603 2609 691 2698 qnod
713 2609 877 2676 videbitur
898 2609 997 2675 iaciat
1013 2659 1019 2673 .
1037 2658 1069 2674 ..

226 2799 287 2864 Vgl.
303 2799 405 2852 Pellae.
418 2803 442 2863 2,
462 2801 525 2860 ³193
543 2800 686 2852 Mcudhem
705 2802 768 2864 12⁷3
788 2801 846 2853 Doc
872 2798 943 2852 tntd.
961 2803 986 2864 9,
1005 2802 1149 2853 161-182.
1163 2827 1195 2838 -
1209 2800 1257 2851 Bei
1275 2799 1310 2852 ull
1330 2800 1420 2852 diesen

161 2884 382 2954 Verhsndlungen
400 2885 479 2954 spiclt
497 2886 543 2938 der
553 2887 630 2938 Brief
645 2887 692 2940 des
708 2887 741 2938 K.
754 2887 859 2954 Philipp
877 2902 912 2938 en
924 2887 1025 2955 Vargaa
1043 2903 1104 2938 rom
1122 2889 1156 2938 30
1167 2887 1241 2938 Mltrs
1260 2888 1317 2938 eine
1330 2901 1421 2954 grosse

161 2971 243 3023 Rolle.
279 2972 343 3024 Scin
360 2973 542 3024 wesentllcher
558 2973 647 3024 Inhalt
663 2973 728 3024 ltlsst
751 2973 808 3024 sich
831 2973 900 3024 wohl
923 2987 973 3024 ane
998 2974 1044 3026 der
1061 2975 1179 3025 Antwort
1200 2989 1261 3024 vom
1286 2973 1375 3026 auu
1393 2974 1420 3024 in

162 3057 307 3126 Dtllinger,
326 3061 350 3122 1,
368 3059 418 3112 415
436 3059 491 3112 und
508 3075 556 3111 sus
574 3059 674 3110 andern
692 3059 811 3112 Stflclrcn
832 3059 879 3112 der
901 3059 1059 3128 spenischen
1077 3059 1294 3126 correspondens
1312 3059 1419 3110 cntneh·

165 3159 229 3194 men.
265 3145 320 3196 Der
342 3143 476 3196 Wortlaut
498 3147 563 3198 uber
585 3147 619 3197 ist
641 3145 711 3198 noch
733 3145 806 3197 nicht
828 3145 953 3199 bekannt.
987 3147 1088 3197 Dsmm
1111 3146 1192 3197 thcile
1214 3145 1258 3196 ich
1281 3144 1351 3196 nach
1374 3145 1421 3195 der

164 3229 304 3298 allerdings
321 3231 395 3281 nicht
411 3231 607 3299 vollsttndigen
623 3231 704 3299 copie
722 3231 824 3283 welche
837 3231 880 3282 die
892 3231 1108 3283 Concllorstoren
1122 3231 1182 3282 dem
1194 3232 1290 3282 Keiser
1301 3231 1420 3294 candian,

164 3315 285 3383 folgende
303 3317 384 3370 Stella
407 3319 467 3370 mit:
494 3318 663 3372 Advertendo
683 3333 788 3385 empero
807 3333 825 3369 s
841 3334 873 3370 su
891 3315 1005 3370 SM...
1025 3333 1076 3384 qne
1094 3317 1117 3368 si
1134 3331 1151 3368 a
1169 3331 1230 3370 ceso
1250 3332 1327 3380 ceres
1345 3316 1420 3370 desto

164 3403 282 3466 articulo,
299 3405 326 3455 lo
345 3420 396 3472 qne
413 3421 448 3456 no
465 3419 600 3470 speramus
617 3407 645 3458 ni
664 3419 795 3468 creemus,
817 3419 866 3470 por
883 3403 923 3456 los
945 3401 1055 3470 legsdos
1079 3419 1094 3454 o
1119 3403 1232 3454 concssio
1256 3418 1285 3454 se
1308 3403 1421 3455 hiaicsse

164 3489 293 3553 novedsd,
312 3506 345 3541 cn
363 3491 425 3556 qual
443 3492 518 3558 qnier
536 3491 569 3542 de
586 3492 627 3542 las
646 3490 694 3542 dos
711 3505 832 3542 muneras
850 3491 937 3541 artibs
954 3488 1072 3554 tocades,
1091 3505 1120 3540 es
1138 3489 1233 3540 asaber
1251 3505 1266 3541 o
1285 3488 1421 3556 querendo

165 3577 260 3626 tracter
278 3575 311 3626 de
331 3576 356 3628 lo
374 3592 409 3642 ya
428 3576 607 3628 determinadc
632 3594 647 3628 o
671 3576 814 3643 qnericndo
838 3592 889 3644 que
911 3592 940 3628 se
963 3575 1152 3626 determinasse
1172 3592 1192 3640 y
1214 3579 1320 3625 vetasse
1343 3576 1421 3628 sobre

166 3667 218 3711 este
236 3661 357 3724 articulo,
376 3677 441 3729 seps
458 3679 490 3714 su
509 3661 567 3714 8⁶⁸³
585 3679 636 3730 que
655 3679 688 3714 en
707 3668 763 3714 ceto
783 3677 816 3712 en
832 3663 932 3728 niguna
949 3675 1058 3712 manere
1075 3675 1181 3711 eremos
1200 3657 1233 3710 de
1252 3663 1377 3712 convenis
1394 3663 1420 3712 ni

166 3748 264 3798 ssdstir
281 3765 299 3814 y
318 3763 369 3814 que
388 3751 441 3799 assi
458 3749 485 3799 lo
503 3751 591 3800 tienen
611 3748 761 3814 entendido,
779 3763 797 3815 y
815 3753 890 3799 estun
908 3745 1060 3798 advertidos
1078 3747 1118 3798 los
1136 3747 1223 3798 dictos
1234 3753 1356 3799 nuestros
1368 3765 1419 3800 em·

166 3834 311 3886 buadores
333 3851 352 3902 y
374 3834 496 3900 preludos
519 3849 584 3902 pera
604 3853 639 3888 no
662 3836 911 3896 nenorensem,
936 3852 954 3900 y
973 3835 1063 3886 demas
1081 3833 1157 3884 desto
1176 3833 1254 3884 meis
1271 3848 1289 3884 s
1305 3849 1337 3884 su
1354 3833 1421 3897 ΒΜ,

166 3935 265 3986 perque
284 3935 312 3974 es
329 3921 392 3974 bien
410 3937 461 3988 que
479 3920 561 3972 dende
579 3922 659 3989 luogo
677 3935 743 3988 sepe
758 3925 865 3974 nuestra
884 3921 1096 3986 determinuqicn,
1114 3934 1165 3985 que
1183 3934 1288 3986 sunque
1306 3935 1339 3971 en
1351 3927 1422 3974 estoe

163 4008 305 4073 principles
323 4007 366 4060 del
385 4009 498 4060 concilio
516 4024 545 4060 se
563 4009 598 4060 hs
614 4009 764 4075 permittido
783 4024 834 4076 que
852 4024 881 4060 se
899 4007 1016 4074 proceda
1039 4009 1092 4058 essi
1115 4007 1218 4058 debaro
1243 4007 1276 4058 de
1298 4008 1422 4058 terminos

166 4092 299 4146 dubdoscs
316 4110 334 4160 y
353 4095 505 4161 equivocos,
523 4111 574 4162 que
591 4111 626 4146 no
644 4094 731 4160 puede
750 4093 832 4146 denar
850 4093 883 4146 dc
902 4093 1051 4146 declaratae
1070 4110 1102 4144 en
1121 4093 1146 4145 cl
1164 4107 1301 4160 progresso
1321 4091 1363 4143 del
1380 4109 1422 4143 cx·

164 4185 353 4244 presumente,
377 4197 396 4248 y
419 4195 471 4248 que
492 4197 528 4234 no
551 4181 628 4234 besta
652 4196 702 4248 que
726 4197 759 4232 en
777 4179 871 4234 effe'cto
890 4196 919 4232 se
937 4181 1007 4247 haye
1023 4185 1069 4232 tan
1086 4179 1232 4232 solamente
1249 4178 1369 4232 tractedo
1389 4178 1422 4230 dc

163 4281 263 4318 nuevas
285 4268 423 4329 materias,
448 4284 466 4333 y
489 4282 541 4334 qne
565 4268 618 4318 assi
641 4266 818 4333 supplicamus
840 4281 858 4320 a
879 4282 910 4318 su
926 4266 976 4318 Bue
998 4266 1027 4318 lo
1045 4265 1141 4318 mande
1158 4265 1227 4316 tenir
1243 4264 1423 4331 prerenidoy

166 4351 293 4404 ordinsdo
311 4367 377 4418 pues
397 4358 455 4405 estc
473 4369 502 4404 es
518 4369 537 4418 y
555 4353 590 4404 hs
606 4351 664 4404 sido
682 4367 785 4419 sempre
802 4368 834 4404 eu
851 4357 939 4406 mente
955 4369 973 4419 y
992 4352 1197 4416 determination
1220 4368 1239 4416 y
1263 4367 1292 4404 ss
1310 4355 1365 4402 esto
1389 4366 1423 4400 en

164 4438 189 4489 lo
206 4455 259 4506 qne
277 4439 392 4490 consiste
411 4439 435 4490 el
452 4439 516 4492 bien
532 4456 551 4504 y
568 4423 675 4490 servitio
695 4437 729 4490 de
746 4439 773 4490 la
790 4437 901 4505 religion
917 4456 936 4504 y
954 4437 987 4489 de
1011 4438 1039 4488 ls
1059 4437 1167 4504 iglesim
1194 4452 1246 4504 quc
1269 4451 1298 4488 es
1321 4436 1347 4488 lo
1371 4452 1423 4502 que

164 4525 222 4576 sols
247 4541 266 4592 y
288 4525 507 4591 principslmente
532 4541 575 4576 me
600 4539 694 4576 muare
720 4538 737 4576 a
759 4523 867 4576 desscsr
890 4542 909 4591 y
932 4539 1057 4591 procurer
1074 4528 1131 4574 esto
1149 4524 1311 4576 iuntamente
1329 4537 1380 4574 eon
1396 4521 1424 4574 ls

166 4609 314 4663 eceterltud
332 4609 365 4662 de
383 4627 414 4664 su
431 4611 481 4664 13²·
500 4627 518 4678 y
537 4609 615 4662 deese
631 4609 657 4662 8.
675 4609 746 4662 sede.
