3498 5830
1369 530 1427 595 lll

109 705 261 776 &tionem
284 707 406 777 nedum
428 709 462 778 iu
478 707 665 798 Germania,
689 709 747 780 sed
762 713 795 778 in
810 713 962 782 universa
976 711 1145 804 republica
1160 716 1335 784 christiana
1349 717 1431 785 haee

106 813 298 882 motinuatio
320 817 466 882 excitare
489 817 600 903 possit,
623 827 655 884 et
669 817 812 882 vicissim
834 839 933 906 quam
953 840 1079 905 parum,
1101 841 1143 885 ne
1164 819 1311 888 dicamus
1332 821 1430 910 plane

103 915 167 980 ubil
188 917 347 984 utilitatis
374 919 450 986 inde
480 920 523 985 ad
551 919 718 1007 publicum
751 919 992 992 christianitatis
1025 922 1218 990 beneficium
1249 925 1430 992 rediturum

102 1019 254 1100 rideatur,
277 1045 381 1109 quum
404 1045 421 1088 e
445 1023 573 1092 diverso
595 1047 637 1092 ex
651 1024 825 1092 indictione
841 1027 917 1092 novi
930 1025 1027 1112 longe
1041 1027 1114 1114 plus
1130 1029 1291 1094 commodi
1314 1051 1431 1116 expec-

99 1124 147 1186 uri
161 1135 279 1210 queat
303 1147 411 1214 neque
431 1128 529 1194 etiam
542 1128 793 1202 existimandum
816 1151 886 1196 esse
902 1129 990 1218 quod
1004 1139 1137 1216 propter
1151 1130 1283 1197 decreta
1297 1131 1430 1198 Triden-

97 1227 174 1290 tinae
200 1227 329 1312 synodi
350 1228 414 1295 hae
435 1231 512 1296 novi
533 1230 660 1299 concilii
687 1231 861 1298 indictione
894 1241 938 1299 et·
953 1232 1170 1299 celebratione
1192 1232 1247 1300 ΒΜ
1265 1233 1306 1300 D.
1330 1235 1370 1299 N.
1399 1245 1431 1301 et

97 1339 225 1396 amatae
256 1331 456 1418 apostolieae
483 1333 570 1400 sedis
597 1333 746 1420 dignitati
775 1345 809 1400 et
830 1337 1012 1404 auctoritati
1041 1338 1210 1424 quippiam
1232 1338 1431 1432 detrahatur,

96 1457 223 1529 exque
249 1459 318 1504 non
339 1435 401 1503 erit
427 1458 560 1503 neeesse
588 1436 720 1504 decreta
740 1437 796 1504 illa
817 1437 870 1504 vel
897 1439 1080 1526 approbare
1107 1449 1140 1506 et
1168 1441 1356 1508 confirmem
1378 1442 1431 1508 vel

97 1545 261 1612 humare
284 1551 317 1608 et
339 1563 478 1610 cassare.

190 1647 276 1712 Huc
310 1667 441 1735 quoque
475 1645 631 1712 accedere
664 1645 753 1733 quod
785 1645 873 1713 haud
905 1647 1004 1714 dubie
1032 1650 1151 1716 caeteri
1184 1671 1314 1738 quoque
1335 1668 1430 1737 reges

96 1753 262 1839 principes
278 1773 318 1816 ac
339 1757 525 1836 potentatus
548 1748 743 1816 christianae
764 1749 964 1836 reipublicae
984 1774 1050 1818 non
1072 1753 1136 1818 sint
1157 1751 1379 1840 improbaturi,
1402 1756 1430 1818 si

97 1855 146 1920 S*
167 1857 247 1921 eius
268 1877 392 1920 novum
413 1854 521 1939 potius
543 1852 714 1919 concilium
734 1853 886 1940 generale
908 1853 1070 1938 indixerit,
1094 1879 1191 1944 quam
1214 1857 1241 1922 si
1263 1858 1430 1944 antiquum

96 1958 140 2023 bis
172 1959 386 2046 inauspicato
409 1967 559 2044 coeptum
582 1958 769 2024 continuare
791 1957 938 2043 voluerit,
968 1961 1120 2046 quoniam
1148 1968 1181 2025 et
1201 1961 1264 2047 ipsi
1285 1958 1350 2025 tale
1372 1983 1428 2048 po·

96 2065 153 2128 tius
176 2061 358 2130 concilium
381 2060 537 2128 celebrari
560 2061 800 2144 desiderabunt,
824 2085 866 2128 ex
888 2085 952 2150 quo
967 2073 1075 2128 certus
1091 2074 1124 2129 et
1139 2065 1290 2150 copiosus
1305 2064 1430 2130 fructus

102 2168 228 2254 sperari
251 2167 364 2253 possit,
387 2166 433 2230 ita
447 2164 535 2252 quod
557 2167 742 2232 coniectura
764 2167 893 2252 assequi
915 2188 1113 2254 nequeamus
1136 2166 1179 2232 ad
1194 2166 1273 2254 quid
1288 2165 1345 2232 δ”·
1362 2169 1431 2232 eius

101 2273 132 2336 in
153 2271 224 2338 hoc
245 2293 306 2336 suo
321 2269 487 2357 proposito
501 2279 566 2334 tam
583 2267 750 2334 obfirmate
765 2269 927 2354 persistat,
949 2271 1138 2356 praesertim
1153 2291 1227 2334 cum
1242 2293 1306 2336 non
1327 2270 1430 2336 solum

101 2376 141 2442 Se
159 2377 232 2442 eiras
247 2385 286 2440 ut
299 2375 408 2460 potius
427 2373 549 2439 indicet
563 2395 683 2438 novum
705 2371 875 2439 concilium
897 2373 1033 2439 suadeat
1053 2372 1185 2460 publica
1200 2382 1232 2439 et
1254 2374 1431 2440 communis

95 2481 220 2546 utilitas
240 2479 341 2544 totius
362 2474 560 2562 reipublicae
582 2475 785 2558 christianae,
812 2498 910 2563 quam
937 2475 978 2542 8⁸¹
1001 2477 1070 2544 eius
1099 2479 1318 2564 maximopere
1341 2477 1430 2543 cordi

94 2607 164 2651 ease
187 2581 294 2672 probe
316 2581 445 2662 scimus,
468 2579 527 2646 sed
548 2581 621 2667 ipsa
642 2601 772 2668 quoque
794 2579 1036 2647 evidentissima
1056 2582 1249 2664 necessitas,
1284 2578 1431 2668 adeoque

95 2687 300 2776 praescripta
314 2686 396 2752 ratio
411 2685 509 2750 officii
524 2687 573 2750 sui
588 2685 758 2772 pastoralis
773 2684 807 2751 id
828 2686 1049 2772 maximopere
1070 2687 1224 2772 requirat,
1248 2707 1322 2750 cum
1344 2694 1431 2750 certe

99 2800 223 2858 constet
259 2790 293 2854 in
326 2787 461 2856 concilio
487 2787 725 2855 constantiensi
758 2790 921 2876 expressis
953 2788 1062 2854 verbis
1089 2788 1296 2856 coustitutum
1329 2788 1428 2853 fnisse

96 2893 222 2960 decimo
247 2915 379 2980 quoque
400 2915 484 2960 anno
506 2891 659 2978 generale
681 2902 713 2962 et
735 2893 976 2959 oecumenicum
1000 2893 1172 2958 concilium
1195 2891 1352 2959 celebrari
1374 2889 1427 2957 de·

99 2998 185 3084 bere,
208 2996 300 3085 quod
322 2997 477 3083 temporis
499 2996 645 3083 spacium
666 2997 767 3062 ferme
788 2997 852 3064 iam
875 2995 1022 3084 elapsum
1044 3004 1094 3062 est
1115 2995 1157 3062 ab
1180 2994 1234 3062 illo
1257 3017 1427 3082 annoque

99 3113 298 3188 postremum
320 3099 491 3169 concilium
514 3109 665 3189 coeptum
686 3101 747 3166 luit
767 3100 913 3166 Tridenti
936 3098 1100 3166 celebrari.

200 3206 376 3274 Caeterum
403 3229 477 3272 cum
505 3205 835 3272 animadverteremus
864 3206 897 3270 in
924 3227 963 3270 eo
992 3204 1152 3292 colloquio
1181 3203 1326 3290 inprimis
1353 3225 1426 3269 con·

99 3309 312 3376 hunctionem
332 3312 429 3375 istam
444 3311 551 3396 urgeri
566 3331 691 3397 nosque
706 3311 736 3374 ei
750 3310 878 3374 venisse
900 3311 933 3372 in
955 3308 1180 3394 suspicionem,
1203 3305 1292 3394 quod
1313 3329 1334 3372 a
1354 3329 1427 3373 ecn-

99 3411 172 3480 cilio
186 3412 437 3480 abhorreremus
452 3423 485 3479 et
499 3413 587 3501 quod
609 3413 643 3478 id
658 3412 829 3479 dumtaxat
850 3411 1062 3494 studeremus,
1085 3420 1121 3476 ut
1142 3413 1337 3498 interpositis
1359 3411 1428 3480 tali-

98 3513 159 3580 bus
187 3515 433 3582 difficultatibus
455 3519 523 3582 eius
548 3537 756 3602 progressum
781 3516 992 3598 retardemus,
1014 3524 1144 3580 nostrae
1165 3537 1243 3580 saue
1264 3518 1427 3581 conscien-

99 3618 165 3684 tiae
187 3627 221 3685 et
242 3620 443 3684 auctoritatis
465 3619 680 3684 iudicavimus
705 3621 858 3684 interesse
881 3630 918 3684 ut
938 3617 983 3683 illi
1006 3619 1147 3684 animum
1169 3627 1314 3685 nostrum
1336 3641 1426 3705 aper·
1546 3638 1555 3656 ·

100 3722 162 3788 tius
184 3720 433 3808 expliearemus,
457 3721 656 3788 ostendendo
678 3745 737 3788 nos
760 3745 824 3787 non
845 3724 892 3786 ita
906 3723 1050 3810 privatos
1072 3745 1143 3787 esse
1166 3723 1253 3787 omni
1276 3743 1372 3787 sensu
1394 3731 1426 3787 et

100 3823 230 3908 iudicio,
252 3834 290 3890 ut
308 3824 466 3892 vellemus
487 3826 605 3891 nostris
628 3824 769 3891 consiliis
784 3848 825 3890 ac
838 3825 1063 3892 difficultatum
1078 3834 1111 3890 et
1125 3824 1425 3911 impedimentorum

99 3926 347 4014 allegationibus
368 3937 434 3994 tam
456 3929 546 4015 pium
568 3937 600 3994 et
620 3936 687 3992 tam
710 3927 909 3994 salutiferum
931 3949 1013 4014 opus
1033 3927 1200 4014 impedire.
1229 3949 1304 3992 nam
1326 3929 1424 3993 etiam

100 4031 126 4094 si
147 4029 240 4096 nulla
265 4032 386 4117 pietate
416 4040 473 4096 aut
499 4031 776 4098 commiseratione
805 4032 985 4118 praesentis
1013 4030 1206 4096 calamitatis
1232 4029 1427 4118 populorum

100 4131 345 4200 christianorum
367 4143 400 4200 et
421 4133 560 4200 afflictae
581 4134 744 4220 religionis
772 4157 1048 4200 commoveremur
1073 4155 1180 4221 neque
1207 4132 1301 4199 nobis
1329 4156 1427 4199 curae

100 4246 185 4302 esset
205 4235 260 4302 vel
281 4235 393 4304 divina
413 4236 517 4324 gloria
537 4237 589 4304 vel
610 4236 698 4302 salus
713 4236 845 4323 publica
859 4239 951 4302 cuim
966 4239 1077 4321 simus,
1100 4236 1188 4324 quod
1204 4235 1326 4324 absque
1341 4257 1427 4301 arro

100 4341 212 4426 gantis
233 4339 357 4406 dietum
379 4339 590 4426 intelligatur,
624 4340 866 4422 studiosissimi,
899 4341 1028 4427 privata
1055 4349 1162 4406 tamen
1184 4339 1306 4405 utilitas
1329 4348 1426 4427 atque

101 4443 277 4510 necessitas
298 4452 409 4510 noema
431 4445 544 4510 merito
566 4466 626 4509 nos
647 4443 823 4527 induceret,
846 4453 882 4510 ut
902 4443 938 4508 id
954 4465 1037 4530 opus
1057 4443 1208 4509 manibus
1223 4441 1425 4529 pedibusque

102 4549 196 4612 enixe
218 4544 394 4612 iuvandum
422 4569 462 4612 ac
488 4546 744 4634 promovendum
772 4547 1019 4634 susciperemus.
1053 4548 1126 4633 quis
1154 4566 1295 4634 namque
1321 4546 1426 4631 magis

103 4673 199 4738 quam
220 4671 280 4715 nos
308 4659 465 4737 appareat
492 4651 658 4737 expositus
680 4650 828 4716 omnibus
855 4650 894 4716 iia
915 4649 1009 4716 malis
1032 4671 1169 4736 quorum
1189 4649 1286 4714 finem
1309 4659 1342 4714 et
1361 4669 1427 4714 me

103 4751 207 4820 delam
236 4751 288 4818 dei
317 4751 517 4838 benignitate
545 4775 588 4818 ex
617 4751 753 4820 coneilio
781 4751 926 4839 generali
957 4760 990 4818 et
1011 4754 1219 4819 oecumenico
1242 4773 1373 4839 sperare
1394 4760 1427 4817 et

103 4865 275 4943 expectare
289 4853 408 4921 hosat?
430 4877 526 4943 quem
540 4878 592 4922 res
607 4857 670 4920 ista
689 4855 764 4944 plus
785 4864 900 4943 tangat
921 4853 1070 4922 sollicitet
1083 4855 1231 4922 molestet
1246 4864 1343 4943 atque
1356 4876 1426 4934 nos,

104 4960 157 5047 qui
177 4967 312 5046 propter
331 4966 474 5026 nostram
494 4961 529 5025 iu
550 4957 718 5026 retinenda
738 4957 894 5045 religione
915 4966 1027 5025 nostra
1041 4957 1201 5025 catholica
1215 4959 1427 5025 constantiam

104 5061 241 5146 plurima
266 5059 353 5128 mala
380 5063 528 5150 perpessi
548 5061 702 5129 fuerimus
725 5070 824 5150 atque
845 5064 942 5129 etiam
963 5083 1050 5128 nunc
1071 5064 1240 5149 patiamur,
1275 5063 1330 5148 qui
1353 5083 1426 5127 con-
