3460 5826
320 476 384 542 tte

456 663 511 716 Ans
534 663 586 714 den
608 676 864 730 vorangegsngeueu
887 657 1048 726 Depcscben
1070 657 1154 710 Meos
1177 671 1239 708 rom
1261 657 1287 706 2.
1306 655 1332 708 b.
1352 657 1384 706 12
1403 653 1569 704 December:
1597 651 1647 700 Dic

388 749 463 802 Rede
481 765 534 802 ron
551 749 655 800 Ferricr
673 749 721 814 (Le
740 747 801 799 Plat
817 749 842 812 5,
860 747 922 811 567)
940 745 987 796 bat
1005 759 1039 794 an
1057 743 1104 794 der
1122 742 1200 793 Curis
1218 757 1322 808 groseas
1339 737 1486 790 Miseiallen
1505 743 1600 806 erregt,
1619 753 1646 786 so

391 837 452 888 dass
471 836 517 886 der
532 836 615 902 Papst
632 833 684 886 den
695 833 784 900 Kbnig
801 832 887 884 bitten
905 831 992 882 lassen
1009 830 1063 881 will
1081 830 1172 880 seinen
1187 827 1317 880 Oratoren
1329 827 1484 892 Mitssignng
1495 841 1542 875 aur
1554 821 1649 874 Pflicht

389 939 423 973 au
439 921 561 974 machon.
591 921 728 972 Zwisohen
745 921 808 970 Pius
827 919 881 970 und
898 919 998 970 seinans
1016 917 1066 968 seit
1083 917 1139 967 rior
1161 915 1283 966 Wochsn
1306 913 1363 964 hier
1378 912 1528 963 weilenden
1546 908 1647 960 Bruder

388 1009 435 1060 bat
453 1007 522 1060 noch
540 1007 619 1058 keine
636 1006 726 1058 reehte
744 1005 922 1070 Aussbhnung
938 1002 1143 1070 stettgctunden.
1166 1002 1258 1053 Damit
1276 1000 1323 1051 der
1340 999 1452 1049 Familia
1470 997 1517 1048 des
1534 996 1646 1060 Pcpetes

387 1094 462 1146 nicht
478 1095 600 1145 verioren
618 1094 684 1160 gabe
711 1107 765 1144 was
783 1093 816 1142 K.
834 1091 939 1157 Philipp
959 1089 1064 1141 endlich
1088 1089 1148 1140 dem
1165 1088 1355 1140 verstorbcncn
1372 1085 1503 1150 Federigo
1527 1081 1645 1150 gewitbrt

387 1181 441 1246 het,
460 1181 581 1233 wttnscht
591 1181 653 1232 Pius
672 1179 732 1232 dass
751 1179 798 1230 der
813 1177 937 1229 cardinal
949 1177 1092 1228 Borromeo
1111 1191 1159 1228 aus
1174 1175 1234 1226 dem
1252 1171 1410 1240 geistlichsn
1422 1169 1505 1222 Stand
1522 1173 1646 1228 assuete,

388 1267 444 1320 und
461 1267 610 1334 rercpricht
632 1267 685 1318 ihm
708 1266 779 1316 buon
802 1269 870 1316 stato
896 1269 922 1314 et
939 1262 1036 1330 moglie
1061 1261 1087 1312 di
1105 1275 1170 1328 gren
1188 1261 1296 1328 qualite„
1329 1258 1400 1308 Zarai
1418 1255 1540 1306 Wochen
1558 1258 1646 1319 spatas

393 1354 447 1406 will
465 1355 535 1404 Areo
554 1353 675 1406 erfahren
692 1353 778 1403 haben
798 1352 858 1402 dass
877 1349 923 1400 der
940 1349 1022 1414 Papst
1041 1347 1159 1400 brieflich
1177 1363 1221 1398 um
1240 1345 1282 1397 die
1301 1345 1481 1408 Zustimmung
1498 1357 1531 1390 eu
1552 1343 1647 1392 diesem

386 1439 512 1506 Projeote
530 1437 643 1507 gebeton
661 1439 738 1490 habe.

875 1613 1078 1628 m

858 1837 1091 1926 CCXXIV.

572 2061 667 2136 Drus
697 2061 772 2136 und
801 2059 1033 2136 Draskorics
1062 2080 1107 2133 an
1136 2059 1209 2134 den
1240 2057 1388 2144 Κείσου

743 2207 876 2272 Tricce,
893 2208 933 2258 22
950 2206 1142 2258 December
1160 2206 1251 2258 1662.

606 2385 784 2444 arsaces
809 2386 954 2460 occino,
976 2386 1007 2442 ie
1029 2391 1117 2460 torpe:
1140 2386 1182 2441 28
1204 2383 1357 2441 December.

421 2529 614 2618 Scripsimus
636 2553 794 2620 persaepe
821 2531 901 2598 alias
924 2531 1004 2620 quid
1031 2530 1085 2597 bic
1107 2530 1148 2597 de
1171 2529 1299 2598 concilii
1326 2530 1538 2617 suspensione
1562 2528 1643 2594 dice·

318 2645 408 2700 retur
429 2657 449 2700 a
473 2635 586 2723 paucis
602 2635 803 2723 quibusdam.
826 2659 914 2702 nune
928 2657 1006 2702 vero
1023 2634 1234 2701 communiter
1247 2633 1301 2699 hic
1316 2633 1423 2721 palam
1438 2631 1480 2698 ab
1497 2631 1644 2698 omnibus

316 2739 418 2804 fertur
439 2737 567 2806 concilii
590 2741 833 2826 suspensionem
855 2739 977 2806 Romae
1007 2762 1028 2804 a
1049 2739 1104 2802 Μ’·
1126 2737 1168 2805 V.
1192 2737 1225 2804 S.
1250 2737 1428 2824 procurari,
1459 2739 1515 2825 qui
1537 2758 1643 2800 rumor

316 2843 362 2907 ita
384 2843 447 2906 iam
465 2841 639 2929 dissipatus
655 2851 704 2907 est
717 2851 754 2907 ut
767 2841 859 2908 multi
874 2841 1019 2929 episcopi
1042 2863 1150 2907 rerum
1169 2839 1211 2906 ad
1226 2839 1375 2927 hyemem
1390 2839 1641 2906 necessariarum

318 2945 548 3033 procuratione
571 2944 813 3032 supersedeant,
837 2944 926 3032 quod
949 2944 1145 3011 arbitrentur
1167 2966 1202 3009 se
1216 2952 1290 3032 post
1304 2967 1370 3010 non
1384 2946 1429 3010 ita
1443 2942 1560 3008 multos
1577 2943 1641 3008 dies

321 3046 488 3113 discedere
503 3071 608 3135 posse.
624 3049 772 3114 audimus
789 3057 876 3116 certo
894 3049 1042 3115 comitem
1058 3046 1259 3112 Fridericum
1274 3047 1470 3113 Boromeum
1485 3046 1537 3112 8³¹
1551 3045 1590 3110 D.
1604 3044 1640 3108 N.

319 3161 479 3238 nepotem,
502 3151 599 3239 paulo
623 3161 718 3218 antea
741 3175 839 3241 quam
860 3161 1048 3236 moraretur,
1072 3151 1197 3238 magnis
1220 3150 1413 3239 quibusdam
1434 3151 1515 3215 viris
1537 3150 1591 3236 qui
1614 3147 1640 3212 ei

320 3253 494 3319 adstabant
521 3254 714 3341 affirmasse,
740 3255 818 3321 ΜΝ·
840 3255 880 3322 V.
905 3254 937 3322 S.
962 3255 1089 3322 concilii
1112 3257 1354 3350 suspensionem
1379 3253 1467 3342 apud
1490 3255 1557 3318 eius
1579 3252 1638 3318 8⁸⁶⁰

319 3379 503 3445 procurare.
526 3368 670 3426 oratores
698 3357 790 3426 Ohrffl
812 3361 907 3448 regis,
938 3357 1055 3425 deinde
1083 3362 1178 3425 etiam
1207 3358 1249 3424 D.
1273 3359 1309 3426 O.
1333 3358 1529 3444 Lotaringus
1559 3356 1637 3421 idem
1700 3431 1701 3440 ἵ

320 3459 414 3526 nobis
437 3460 644 3546 affirmarunt,
674 3485 744 3529 esee
767 3464 917 3529 nimirum
940 3463 1096 3550 quosdam
1118 3465 1281 3552 principes
1304 3463 1359 3552 qui
1381 3461 1502 3528 Romae
1525 3461 1636 3525 dictam
1700 3471 1701 3520 3

322 3563 450 3629 concilii
473 3568 714 3651 suspensionem
739 3566 825 3655 apud
847 3566 923 3632 8⁰¹nn
945 3566 988 3632 D.
1003 3567 1043 3632 N.
1062 3577 1208 3654 urgeant,
1230 3569 1390 3633 neminem
1412 3576 1520 3632 tamen
1543 3564 1637 3630 nomi·

318 3675 405 3732 nant.
422 3667 561 3754 Hispani
572 3670 717 3756 episcopi
728 3670 845 3758 quibus
858 3680 953 3736 antea
969 3669 1049 3735 nihil
1065 3678 1134 3735 erat
1144 3670 1186 3735 ab
1198 3670 1260 3736 hac
1273 3670 1482 3756 suspensione
1497 3668 1632 3750 adonius,

316 3793 403 3836 nunc
418 3794 489 3836 eam
504 3771 644 3859 probare
656 3773 806 3840 videntur
821 3773 918 3862 idque
932 3783 1106 3862 propterea
1122 3773 1208 3862 quod
1222 3773 1525 3854 animadverterant,
1542 3771 1632 3836 rebus
1700 3839 1701 3846 ,

319 3875 365 3937 ita
385 3883 421 3938 ut
442 3884 591 3964 coeptum
611 3886 660 3942 est
680 3876 969 3964 progredientibus,
992 3900 1107 3966 parum
1127 3874 1213 3961 boni,
1245 3875 1321 3942 mali
1344 3899 1421 3942 vero
1445 3873 1576 3940 muitum
1598 3895 1633 3937 ex

319 3975 382 4043 hoc
398 3977 533 4046 concilio
551 3981 789 4067 expectandum
811 4005 891 4048 esse.
915 4004 1047 4047 causam
1068 3982 1133 4047 iam
1156 3989 1251 4046 antea
1268 4003 1366 4067 saepe
1388 3977 1438 4044 M‘¹
1467 3977 1508 4044 V.
1524 3977 1555 4043 S.
1567 3999 1629 4064 per·

320 4082 515 4168 scripsimus,
539 4093 692 4171 quaeest
715 4085 802 4172 quod
815 4086 998 4152 reformatio
1019 4107 1085 4152 non
1107 4084 1315 4151 vehementer
1337 4082 1491 4169 probetur
1513 4079 1631 4169 quibus·

320 4182 395 4248 dam
417 4183 506 4250 Italis
537 4186 697 4275 episcopis
714 4237 721 4252 .
738 4238 771 4255 ..

420 4285 513 4352 Multi
543 4312 585 4355 ex
613 4289 704 4355 Italis
733 4293 893 4380 episcopis
921 4288 1050 4378 publice
1079 4299 1256 4380 queruntur
1277 4297 1310 4354 et
1333 4300 1529 4372 asseverant,
1558 4288 1629 4375 prin·

319 4391 406 4478 cipes
430 4389 592 4459 cecideras
614 4393 819 4480 potissimum
846 4397 879 4461 in
902 4417 1002 4460 causa
1024 4417 1095 4460 esse
1119 4392 1205 4483 quod
1228 4394 1372 4482 episcopi
1399 4395 1432 4457 in
1455 4395 1521 4458 suis
1544 4389 1630 4458 ecele-

319 4495 374 4559 siis
396 4517 460 4562 non
470 4497 645 4581 resideant,
668 4507 700 4564 et
714 4498 797 4565 inter
819 4497 993 4566 dicendum
1008 4521 1107 4586 saepe
1122 4507 1266 4566 oratores
1282 4495 1486 4583 compellant,
1508 4505 1544 4561 ut
1557 4491 1630 4581 apud

319 4620 394 4664 suos
423 4600 560 4687 quisque
582 4602 745 4690 principes
773 4605 819 4668 ita
841 4613 918 4689 agat
944 4612 980 4667 ut
1003 4624 1063 4668 sua
1090 4604 1250 4691 episcopis
1281 4603 1416 4690 pristina
1443 4601 1579 4689 dignitas
1606 4608 1630 4662 et

319 4724 411 4766 suum
435 4704 485 4766 ius
513 4703 547 4767 in
570 4705 713 4791 ipsorum
736 4705 884 4772 dominiis
907 4716 1041 4791 constet,
1072 4709 1116 4773 ita
1137 4706 1279 4774 firturum
1308 4715 1344 4773 ut
1365 4729 1478 4774 omnes
1508 4705 1628 4772 libenter

319 4806 527 4874 residentiam
549 4810 612 4874 sint
634 4809 759 4876 facturi.

420 4909 617 4978 Conclusam
640 4923 690 4980 est
711 4915 744 4979 in
760 4913 1011 5000 congregatione
1033 4915 1178 5001 generali
1199 4914 1241 4980 ad
1256 4915 1402 4980 ultimum
1418 4914 1512 4979 huius
1527 4908 1628 4978 mensis
1700 4929 1701 4996 p

318 5011 402 5078 diem
426 5014 671 5084 deliberandum
687 5039 767 5100 esse,
791 5018 921 5107 quando
938 5021 1112 5085 sessionem
1126 5019 1197 5086 fieri
1212 5028 1368 5109 oporteat,
1392 5020 1445 5086 cui
1460 5021 1524 5086 iam
1538 5015 1626 5084 nullus
