3532 5832
935 705 1008 788 Vl.

523 931 602 1005 Der
628 926 804 1004 Oerdinel
833 946 908 1001 von
934 921 1069 998 Trient
1095 943 1142 996 ao
1170 922 1244 996 deo
1274 921 1422 1009 lteiaer;

751 1079 842 1142 Rom,
860 1079 876 1128 5
896 1075 1093 1144 September
1113 1076 1201 1126 1559.

620 1263 755 1318 Romnae.
780 1257 924 1332 cepam·
945 1257 976 1312 ta
997 1263 1087 1330 terpo:
1110 1259 1151 1312 15
1172 1255 1335 1327 September.

409 1445 548 1513 Proinde
570 1443 714 1511 eiusdem
736 1450 896 1508 oratorem
911 1437 999 1524 apud
1013 1437 1076 1502 hoc
1091 1457 1217 1502 sacrum
1234 1435 1404 1522 collegium
1419 1435 1526 1500 locum
1542 1457 1635 1500 suum

316 1575 388 1618 oum
410 1551 566 1636 dignitate
582 1557 615 1614 et
629 1547 864 1612 existimatione
880 1542 1024 1608 obtinere
1045 1541 1117 1622 feci,
1140 1562 1205 1605 uon
1227 1541 1296 1605 sine
1318 1549 1426 1604 tamen
1448 1537 1641 1603 difficultate

316 1663 450 1744 propter
477 1650 627 1718 videlicet
652 1648 806 1736 reliquiae
835 1645 992 1733 opinionis
1023 1645 1087 1708 iam
1110 1643 1166 1708 diu
1189 1641 1272 1708 male
1295 1651 1471 1728 conceptae
1494 1665 1514 1706 a
1537 1642 1640 1728 ponti-

314 1759 374 1823 fice
402 1779 489 1821 nunc
511 1753 677 1835 defuncto,
712 1773 795 1839 quae
818 1751 850 1815 in
873 1747 1058 1836 pectoribus
1082 1746 1294 1834 quommdem
1316 1743 1423 1812 adhuc
1444 1743 1638 1812 videbanbrr

317 1863 465 1926 insertae.

443 2039 585 2106 Christcph
603 2038 725 2090 Freiberr
742 2054 796 2090 von
814 2035 965 2096 1101100000,
993 2035 1059 2084 1539
1081 2033 1193 2084 Bischof
1212 2047 1266 2082 ren
1289 2031 1394 2094 Trient‚
1420 2030 1486 2080 1544
1503 2029 1640 2096 presbyter

381 2127 522 2178 cardinalis
539 2125 608 2176 tituli
626 2140 647 2176 s.
666 2124 784 2175 Caesarii
802 2125 830 2173 in
847 2123 959 2174 Palatio.

931 2556 1020 2638 Vll.

439 2775 725 2853 conventiones
753 2777 851 2850 inter
877 2773 1089 2849 cardinales
1116 2774 1152 2846 in
1181 2774 1347 2849 conclavi
1377 2774 1508 2862 initee;

768 2927 858 2991 Rom,
877 2927 1073 2994 September
1091 2929 1183 2979 1559,

481 3109 617 3164 11000000.
640 3107 788 3179 abacto-ist,
810 3111 905 3166 melote
931 3111 1031 3166 110101
1052 3127 1098 3164 om
1120 3111 1162 3163 20
1186 3109 1299 3164 October
1320 3107 1464 3163 010000ιί01.

410 3291 478 3356 Nos
500 3313 611 3356 omnes
638 3299 671 3356 et
691 3291 809 3377 singuli
832 3291 985 3378 episcopi,
1009 3289 1188 3378 presbyteri
1212 3299 1243 3355 et
1266 3291 1393 3356 diaconi
1417 3288 1450 3354 S.
1472 3289 1510 3353 R.
1534 3287 1636 3354 eccle·

309 3397 377 3459 siae
404 3393 585 3460 cardinales
612 3393 806 3480 infrascripti
827 3417 886 3481 pro
908 3394 994 3460 bono
1016 3395 1170 3480 regimine
1193 3403 1295 3458 status
1318 3394 1482 3458 Romanae
1515 3400 1548 3456 et
1568 3393 1636 3456 uni-

308 3497 443 3563 versalis
466 3496 622 3562 ecclesiae
643 3498 786 3561 iuremus
808 3507 841 3561 et
861 3498 1085 3582 promittimus,
1109 3496 1197 3585 quod
1213 3497 1239 3560 si
1256 3497 1372 3585 aliquis
1387 3518 1430 3560 ex
1444 3494 1538 3560 nobis
1553 3495 1635 3560 elec·

309 3610 361 3665 tus
383 3601 479 3665 fuerit
500 3602 534 3664 in
547 3622 676 3687 papam,
701 3601 809 3665 statim
830 3609 905 3686 post
926 3599 1114 3666 electionem
1137 3599 1178 3665 de
1201 3623 1236 3665 se
1260 3598 1455 3665 celebratam
1470 3597 1589 3663 iurabit
1605 3608 1637 3663 01

308 3705 472 3790 promittet
493 3725 574 3788 pure
597 3725 637 3766 ac
659 3702 845 3788 simpliciter
866 3713 899 3768 et
919 3703 1005 3768 bona
1026 3702 1090 3767 fide
1113 3725 1243 3767 servare
1256 3711 1289 3768 et
1303 3703 1425 3768 servari
1440 3702 1547 3767 facere
1561 3723 1635 3766 cum

309 3806 425 3872 effectu
449 3806 558 3870 omnia
585 3814 617 3870 et
643 3805 771 3891 singula
797 3806 1004 3892 infrascripta
1034 3804 1175 3891 capitula
1197 3827 1258 3870 000
1279 3827 1345 3870 000
1365 3813 1413 3868 101
1434 3803 1566 3891 publica
1587 3805 1633 3869 in·

309 3918 488 3974 strumenta
508 3907 622 3973 eadem
646 3907 789 3995 capitula
804 3909 1008 3991 continentia,
1031 3916 1111 3994 quot
1122 3917 1216 3973 crunt
1231 3906 1411 3972 cardinales
1425 3908 1460 3972 in
1477 3905 1633 3972 electione

309 4011 468 4099 pontificis
491 4019 673 4098 presentes,
696 4034 793 4075 manu
814 4012 946 4097 propria
968 4010 1107 4096 signabit
1129 4020 1161 4076 01
1182 4011 1266 4076 infra
1287 4009 1427 4074 triduum
1448 4017 1523 4096 post
1544 4032 1633 4074 coro-

309 4114 472 4180 nationem
500 4137 591 4179 suam
621 4113 711 4179 dabit
738 4123 785 4178 tot
812 4113 917 4179 bullas
946 4115 1054 4178 omnia
1079 4113 1246 4200 praedicta
1269 4112 1411 4199 capitula
1433 4113 1633 4179 continentes

309 4216 442 4304 singulis
466 4217 683 4283 cardinalibus
705 4219 738 4282 in
760 4239 820 4282 sua
842 4216 997 4282 electione
1019 4218 1253 4302 praesentibus.

411 4319 560 4406 Capitale
582 4329 690 4385 autem
713 4329 787 4384 sunt
808 4341 847 4386 ea
869 4343 953 4408 quae
977 4329 1161 4408 sequuntur,
1184 4320 1349 4386 videlicet:

411 4421 450 4486 In
471 4424 582 4508 primis
605 4424 760 4508 promittit
782 4431 814 4487 et
835 4424 919 4487 iurat
941 4446 981 4488 00
1002 4425 1166 4510 promittet
1186 4432 1218 4488 et
1232 4423 1359 4506 iurabit,
1382 4422 1469 4509 quod
1482 4421 1631 4488 omnibus

308 4525 430 4590 viribus
454 4527 519 4589 suis
542 4525 711 4591 conabitur
732 4534 765 4590 et
787 4525 913 4590 curabit
934 4527 1017 4591 inter
1038 4527 1199 4612 principes
1222 4525 1414 4591 christianos
1437 4547 1630 4590 conservare

308 4629 463 4693 unitatem
485 4637 517 4693 et
538 4649 662 4715 pacem.

408 4731 491 4796 Item
517 4731 704 4818 procurabit
734 4733 819 4796 omni
847 4730 951 4796 studio
981 4741 1012 4796 et
1039 4731 1222 4816 diligentia,
1254 4741 1374 4796 uttam
1397 4730 1629 4818 pergenerale

307 4833 477 4901 concilium
500 4856 596 4923 quam
619 4834 690 4899 aliis
705 4835 765 4898 viis
775 4834 929 4899 omnibus
943 4833 1048 4916 licitis,
1071 4835 1167 4900 immo
1183 4835 1278 4899 etiam
1293 4834 1355 4900 hoc
1366 4843 1474 4900 nostro
1486 4843 1630 4921 tempore

306 4937 496 5002 necessariis
528 4938 745 5024 exstirpentur
768 4937 919 5002 haereses
941 4947 973 5002 et
995 4936 1049 5001 alii
1072 4937 1208 5020 abusus,
1232 4939 1286 5024 qui
1308 4939 1373 5002 iam
1396 4938 1451 5003 diu
1472 4936 1629 5003 1000010-

306 5042 387 5106 siam
408 5049 441 5107 et
461 5039 693 5128 rempublicam
714 5039 921 5106 christianam
942 5041 1147 5130 irrepserunt
