3460 5826
314 491 376 556 m

416 677 513 760 Quod
536 685 643 740 autem
666 673 721 740 8²⁵·
741 673 781 738 V.
804 675 837 737 in
853 673 943 738 calce
955 671 1122 744 ,literarum
1137 693 1266 738 suarum
1283 671 1449 758 subiungit
1463 694 1542 736 sese
1560 680 1660 736 recta

312 785 440 868 integra
462 789 494 846 et
515 781 642 846 sincera
662 777 829 844 voluntate
851 787 948 864 atque
970 775 1101 841 ardenti
1122 776 1221 840 animi
1242 775 1351 842 studio
1366 798 1495 863 cupere,
1521 796 1657 862 pravas

314 882 563 951 consuetudines
579 881 739 967 abrogari,
762 901 867 946 mores
891 878 1054 945 emendari
1076 889 1109 944 et
1130 879 1238 944 omnia
1260 901 1344 967 quac
1367 879 1580 944 correctione
1605 879 1654 940 in-

315 986 425 1074 digent
446 987 648 1052 severissime
669 984 847 1064 reformari,
869 991 1045 1070 nostroque
1066 984 1100 1048 in
1122 981 1184 1048 hac
1204 1006 1240 1049 re
1263 993 1296 1047 et
1317 982 1473 1050 bonorum
1496 983 1658 1048 omnium

315 1091 368 1177 pio
390 1088 611 1176 laudabilique
632 1086 793 1152 desiderio
824 1107 863 1150 ac
893 1085 1000 1150 officio
1029 1107 1087 1152 suo
1110 1086 1349 1152 satisfacturam
1378 1110 1464 1164 esse,
1487 1089 1528 1154 id
1552 1087 1658 1152 nobis

315 1193 458 1279 profecto
481 1192 658 1256 maximam
679 1189 878 1276 voluptatem
907 1187 1014 1266 attulit
1041 1198 1074 1254 et
1101 1211 1160 1275 pro
1187 1189 1250 1256 bac
1277 1211 1337 1256 sua
1362 1192 1659 1278 praestantissima

316 1295 481 1362 voluntate
504 1293 543 1359 8²¹
566 1295 606 1358 V.
630 1294 776 1379 ingentes
800 1291 921 1378 gratias
943 1293 1078 1378 agimus,
1102 1293 1133 1358 ei
1154 1294 1270 1360 iterum
1291 1283 1388 1379 atque
1410 1295 1531 1362 iterum
1558 1315 1658 1360 sanc-

317 1401 440 1464 tissime
462 1397 687 1464 confirmantes
710 1419 749 1460 ac
772 1395 868 1460 deum
890 1396 994 1483 ipsum
1024 1417 1119 1483 quem
1146 1395 1236 1462 nulla
1265 1397 1481 1463 occultissima
1502 1397 1657 1463 hominis

318 1500 452 1568 consilia
474 1501 576 1566 latent
597 1507 761 1574 testantes,
785 1519 844 1564 nos
867 1499 900 1562 in
922 1497 985 1564 hcc
1006 1501 1157 1565 universo
1186 1501 1316 1586 negotio
1338 1501 1467 1580 concilii
1489 1511 1525 1567 et
1550 1501 1657 1566 refor-

318 1606 466 1671 mationis
488 1612 656 1689 tantopere
678 1601 825 1688 urgendo
847 1599 945 1666 nullis
968 1600 1063 1688 plane
1085 1604 1220 1689 privatis
1243 1606 1340 1668 animi
1369 1603 1585 1692 passionibus
1609 1607 1656 1668 in-

321 1708 463 1794 dulgere,
488 1705 545 1772 sed
568 1703 656 1793 quod
676 1704 770 1771 nobis
793 1705 990 1770 conscientia
1011 1715 1121 1772 nostra
1143 1708 1289 1793 suggerit
1311 1729 1445 1796 syncere
1467 1719 1502 1774 et
1516 1707 1655 1795 absque

319 1812 522 1878 simulatione
544 1831 642 1896 agere
664 1807 805 1874 scribere
832 1817 864 1876 et
887 1807 994 1874 dicere
1022 1831 1060 1874 ac
1083 1831 1120 1876 eo
1149 1820 1274 1876 tantum
1297 1821 1502 1899 spectarent
1524 1812 1656 1878 lauret

319 1914 422 2002 gloria
444 1913 545 1978 divini
577 1913 714 1976 nominis
749 1910 931 1978 celebretur
963 1921 996 1976 et
1028 1923 1240 1999 propagetur,
1275 1913 1431 1982 ecclesiae
1454 1915 1655 1998 catholicae,

319 2017 455 2086 sublatis
477 2015 617 2082 dissidiis
640 2024 671 2082 et
694 2013 864 2098 scandalis,
887 2016 1022 2101 pristina
1043 2038 1110 2102 pax
1131 2019 1239 2082 unitas
1262 2027 1294 2083 et
1316 2018 1533 2106 tranquillitas
1559 2021 1653 2086 resti-

320 2131 429 2189 tuatur
463 2128 495 2186 et
529 2119 658 2186 demum
689 2119 861 2183 universae
895 2117 1094 2205 reipublicae
1127 2119 1320 2186 christianae
1350 2145 1445 2210 quam
1466 2125 1653 2190 rectissime

321 2225 516 2307 consulatur,
540 2222 635 2290 sicuti
657 2223 690 2287 id
713 2224 819 2308 ipsum
842 2243 946 2310 nuper
969 2245 1098 2310 quoque
1120 2226 1153 2288 in
1175 2223 1276 2290 literis
1290 2230 1408 2292 nostris
1423 2250 1505 2315 quas
1521 2227 1569 2293 ad
1586 2226 1653 2292 S‘ffl

321 2329 361 2396 V.
385 2328 530 2395 dedimus
553 2325 720 2392 manifeste
742 2327 850 2392 testati
874 2347 985 2391 sumus
1000 2335 1032 2392 et
1048 2325 1113 2392 8²⁸⁰
1127 2328 1168 2392 V.
1191 2328 1277 2395 hunc
1292 2341 1415 2396 rectum
1430 2331 1533 2396 animi
1549 2331 1651 2396 nostri

322 2453 452 2496 sensum
475 2430 638 2516 cognitum
661 2440 694 2495 et
716 2439 920 2516 perspectum
947 2427 1068 2496 habere
1095 2453 1135 2496 ac
1164 2441 1300 2518 paterna
1328 2433 1531 2520 benignitate
1565 2455 1650 2500 com-

323 2535 421 2616 plecti
442 2532 539 2620 plane
562 2532 761 2600 confidimus
1473 2553 1477 2566 ·

879 3033 1087 3120 OOXLII.

631 3262 826 3358 Prospero
855 3261 994 3338 d'Arco
1021 3282 1069 3336 an
1098 3263 1171 3337 dan
1201 3261 1349 3348 Kaleon

801 3415 890 3480 Rom,
909 3419 948 3467 as
964 3417 1055 3467 usn
1080 3417 1171 3467 isca.

429 3795 539 3863 Hebbi
561 3796 591 3862 le
613 3796 726 3863 lettere
748 3796 782 3862 di
804 3797 844 3861 V.
867 3796 922 3861 Μ’·
945 3795 985 3861 de
1008 3796 1054 3882 gli
1076 3796 1095 3862 8
1119 3795 1153 3861 di
1175 3807 1289 3884 questo
1318 3807 1350 3864 et
1372 3795 1452 3862 detti
1480 3795 1513 3862 la
1535 3798 1640 3864 lettera

328 3921 388 3965 sua
409 3923 429 3964 a
450 3901 492 3966 D.
515 3900 614 3987 Luigi
637 3901 666 3965 d'
677 3900 774 3966 Avila
796 3910 828 3965 et
851 3900 973 3966 conferi
995 3921 1069 3966 seco
1091 3909 1174 3964 tutto
1197 3899 1306 3987 quello
1330 3899 1389 3965 che
1414 3899 1447 3964 la
1468 3901 1526 3966 Ml·
1548 3901 1586 3966 V.
1602 3897 1639 3961 mi

328 4013 541 4070 commetteva
563 4003 622 4069 che
646 4003 773 4068 devessi
795 4003 961 4086 conferire,
985 4011 1018 4068 et
1039 4001 1084 4089 gli
1108 4001 1192 4068 disse
1216 4002 1286 4069 chel
1309 4005 1420 4090 giorno
1446 4005 1573 4070 innansi
1593 4001 1640 4065 ha·

327 4129 411 4174 vevo
434 4107 559 4194 perlato
583 4129 644 4173 con
667 4106 699 4172 S.
724 4106 778 4190 δ”,
801 4105 834 4172 la
855 4107 951 4195 quale
974 4105 1152 4171 m’baveva
1175 4105 1262 4173 detto
1286 4107 1345 4174 che
1360 4107 1478 4173 voleva
1493 4107 1564 4174 chel
1575 4125 1637 4170 coo·

328 4209 402 4277 eilic
424 4211 504 4276 iussi
525 4211 627 4277 libero
650 4221 682 4278 et
704 4210 764 4278 che
787 4221 899 4298 queste
921 4210 1033 4298 parole
1055 4209 1313 4297 proponentibus
1335 4209 1451 4298 legatis
1467 4235 1566 4278 erano
1580 4204 1637 4274 solo

330 4323 412 4378 state
433 4323 526 4401 poste
547 4337 607 4403 per
629 4337 758 4381 servare
781 4313 800 4380 l'
808 4314 936 4399 ordine,
966 4314 1025 4381 cbc
1047 4315 1164 4380 voleva
1193 4314 1265 4380 cb’i
1293 4314 1392 4402 legati
1418 4314 1637 4403 propcncssino

329 4425 412 4482 tutto
434 4415 541 4504 quello
575 4417 624 4484 ch'
637 4441 693 4484 era
726 4419 802 4486 dato
831 4419 899 4486 loro
929 4428 977 4502 et,
1011 4441 1077 4485 non
1098 4418 1129 4485 lo
1152 4419 1377 4506 proponendo,
1410 4421 1439 4484 si
1462 4427 1636 4486 centanam

331 4519 390 4586 che
412 4520 674 4607 gl'inbasciatcri
696 4524 802 4589 istessi
826 4523 860 4588 di
882 4523 1028 4609 prencipi
1050 4523 1214 4609 potessino
1236 4545 1401 4610 proporrc.
1468 4523 1491 4588 il
1514 4522 1573 4588 che
1591 4518 1634 4582 ba·

330 4623 437 4689 vendo
459 4626 549 4691 uditc
571 4625 613 4691 D.
636 4625 733 4713 Luigi
754 4628 798 4691 mi
821 4627 907 4692 disse
930 4625 990 4692 che
1011 4649 1077 4692 non
1099 4625 1263 4692 accadeva
1284 4626 1353 4692 fare
1375 4626 1457 4692 altro
1472 4627 1573 4692 uffitic
1586 4640 1633 4687 con

331 4725 364 4792 S.
387 4725 440 4812 8²¹,
463 4728 582 4816 perche
605 4751 676 4796 csso
699 4752 819 4798 ancora
839 4729 967 4796 havera
989 4733 1043 4817 gia
1064 4751 1161 4819 sopra
1184 4740 1297 4819 questo
1325 4730 1404 4796 fatto
1432 4729 1456 4794 il
1477 4727 1632 4796 medecino

331 4830 423 4899 ch’io
446 4831 573 4900 havera
595 4833 685 4918 fatto,
708 4845 741 4900 et
763 4835 822 4901 che
845 4832 899 4900 del
919 4843 1002 4900 tutto
1024 4835 1055 4900 n'
1069 4833 1261 4900 avisarebbe
1282 4835 1323 4901 V.
1345 4834 1411 4899 M¹⁸.
1434 4835 1465 4900 io
1488 4855 1553 4898 non
1572 4823 1631 4896 rolli

332 4959 406 5003 seco
434 4959 566 5024 pessare
594 4939 651 5025 piu
681 4937 776 5021 cltre,
805 4937 924 5026 perche
954 4937 1127 5004 intendero
1157 4936 1217 5004 che
1248 4937 1335 5004 detto
1365 4936 1408 5002 D.
1438 4937 1539 5023 Luigi
1572 4931 1631 5000 altre
1707 5011 1708 5040 p

331 5039 395 5110 alla
415 5040 530 5110 liberta
552 5041 606 5112 del
628 5043 764 5112 concilio
787 5051 820 5110 et
829 5042 969 5110 reforma
990 5042 1117 5110 barcva
1132 5063 1252 5110 ancora
1266 5041 1494 5108 demandatus
1511 5040 1545 5108 S.
1559 5033 1629 5108 5³1⁰
