3532 5832
452 655 498 706 Als
515 657 626 724 Bcilage
652 660 770 710 Estratto
795 659 857 710 d'un
875 659 989 726 capitolo
1015 659 1048 710 de
1071 660 1255 712 l'instruttioue
1273 661 1317 712 del
1334 661 1360 712 S.
1379 661 1449 712 duca
1467 661 1494 712 di
1511 661 1610 712 Savoia
1628 677 1646 712 a

384 741 435 790 Μτο
449 741 476 791 di
495 743 612 809 Colegno
630 761 678 809 per
695 745 791 808 Roma,
814 746 922 811 incipit:
946 745 1033 812 doppo
1051 746 1133 797 baeer
1151 747 1254 798 baciate
1278 747 1296 798 li
1314 748 1458 798 beatissimi
1475 747 1548 812 piedi
1566 747 1593 796 di
1611 747 1644 796 N.

384 827 426 878 8¹⁸
444 836 597 896 presentare
619 831 646 882 la
667 831 763 882 lettera
787 831 961 896 credentiale3
981 832 1102 898 explicit:
1127 832 1227 883 eh'essi
1247 835 1401 884 concorrino
1420 848 1437 882 a
1454 832 1480 882 la
1498 847 1578 898 spesa
1595 833 1645 884 che

383 916 404 964 si
423 915 479 966 fara
495 933 543 982 per
561 918 588 967 la
605 917 751 968 difensione
770 923 797 968 et
813 917 908 968 liberta
931 917 987 968 loro
1007 923 1057 968 etc.
1077 946 1109 955 -
1154 918 1447 1000 Die,Hauptdepescbe
1474 935 1507 969 zu
1531 919 1578 972 der
1601 920 1644 969 die

382 1001 550 1052 Naehschriit
567 1003 668 1069 gehbit,
695 1003 768 1066 fehlt,
791 1020 820 1054 so
844 1003 905 1054 dass
929 1003 986 1055 sich
1011 1004 1058 1054 das
1076 1005 1174 1055 Datum
1201 1004 1247 1056 des
1264 1004 1410 1068 Bericbtes,
1435 1010 1503 1056 etwa
1522 1007 1554 1057 11
1572 1005 1649 1066 durii,

382 1103 431 1137 nur
448 1104 495 1140 aus
514 1089 574 1138 dem
590 1089 825 1154 Recepissedatnm
848 1090 902 1140 und
927 1090 986 1140 dem
1009 1091 1144 1174 eonstigen
1161 1090 1250 1142 lnbalt
1268 1091 1425 1142 entnebmen
1442 1091 1515 1142 lasst.
1535 1120 1567 1130 -
1585 1092 1647 1143 Von

383 1171 507 1240 Savoyen
523 1176 578 1226 und
596 1173 668 1226 Geni
683 1177 718 1226 ist
741 1175 824 1227 sehon
847 1177 898 1225 seit
923 1175 983 1226 dem
1001 1176 1075 1242 April
1098 1177 1124 1226 in
1150 1175 1201 1226 den
1218 1177 1361 1228 Bericbten
1378 1192 1426 1228 aus
1443 1177 1510 1228 Rom
1529 1177 1647 1230 vieliach

382 1260 425 1310 die
443 1261 533 1326 Rede;
561 1264 599 1312 sie
627 1263 776 1328 bestttigen
792 1263 828 1312 im
846 1261 1033 1312 wesentlicben
1056 1277 1110 1312 was
1129 1261 1204 1327 Sarpi
1222 1263 1358 1312 407—411
1383 1263 1482 1314 ersiihlt
1506 1264 1560 1314 und
1584 1262 1648 1314 dass

384 1347 446 1398 Pius
464 1348 502 1398 IV
521 1347 622 1399 damals
641 1349 671 1414 (s.
690 1349 827 1414 Bungerer
849 1348 910 1399 hiat
934 1347 970 1399 du
999 1347 1101 1399 concile
1126 1349 1158 1398 de
1177 1349 1274 1400 'l'rente
1292 1351 1316 1412 2,
1334 1349 1378 1412 21)
1403 1349 1455 1400 den
1471 1350 1572 1401 Plllnen
1598 1349 1647 1401 des

384 1433 502 1500 Herzogs
521 1437 627 1501 gilnstig
645 1436 777 1501 gestimmt
795 1449 855 1484 war.
891 1435 952 1484 Erst
978 1435 1013 1484 im
1036 1433 1164 1484 nltchsten
1182 1433 1263 1484 Jahre
1287 1434 1411 1486 urtheilte
1435 1437 1482 1487 der
1499 1437 1581 1502 Papst
1598 1452 1646 1487 an·

382 1519 442 1570 ders
464 1522 531 1571 iiber
554 1521 627 1571 diese
645 1519 775 1585 Projecte,
805 1522 854 1571 wie
878 1522 925 1570 wir
948 1534 996 1570 aus
1020 1522 1092 1570 einer
1109 1521 1249 1586 Depesche
1272 1521 1319 1571 des
1342 1522 1519 1573 kaiserlichen
1536 1523 1647 1574 Oratore

380 1622 441 1658 vom
470 1609 503 1657 22
520 1607 640 1658 Februar
664 1609 730 1659 1561
754 1606 864 1657 esseben
882 1604 996 1668 werden,
1024 1606 1066 1656 die
1093 1608 1141 1656 mit
1164 1605 1224 1656 dem
1243 1623 1294 1658 von
1313 1606 1407 1658 Ranlre
1425 1609 1522 1674 Pilpste
1542 1611 1564 1672 1,
1592 1610 1645 1658 327

381 1692 554 1758 angelilhrtcn
571 1694 695 1746 Berichte
713 1694 928 1744 llbereinstimmt
949 1721 979 1729 -
1019 1692 1074 1742 Ans
1092 1692 1192 1744 andern
1210 1693 1316 1743 Briefen
1335 1693 1447 1744 Thnrms
1465 1710 1527 1746 vom
1544 1695 1560 1744 ὂ
1578 1695 1644 1744 duni

379 1778 448 1830 habe
466 1779 510 1829 icb
528 1781 597 1830 noch
615 1779 723 1830 berver:
748 1779 808 1830 Non
825 1781 889 1828 satis
907 1779 995 1828 musti
1018 1794 1126 1843 possum
1150 1779 1317 1845 magnificum
1343 1781 1465 1830 comitem
1483 1781 1643 1844 Prosperum

379 1862 423 1930 [de
441 1863 519 1932 Areo]
538 1867 565 1914 in
582 1865 651 1916 hanc
668 1866 761 1916 urbem
779 1864 866 1914 adhuc
883 1881 937 1915 non
955 1865 1107 1930 pervenisse
1121 1903 1126 1915 .
1138 1902 1144 1914 .
1158 1900 1179 1926 .‚
1198 1881 1257 1915 cum
1276 1867 1388 1916 maxime
1407 1871 1564 1932 perurgente
1577 1882 1642 1915 con·

380 1951 468 2002 cilium
486 1951 610 2017 pontifice
629 1952 686 2002 eins
703 1951 833 2000 adventus
850 1951 1064 2015 pernecessarius
1082 1957 1165 2014 esset3
1190 1966 1251 2001 oum
1269 1953 1338 2001 enim
1356 1953 1384 2000 in
1401 1951 1451 2002 hac
1469 1952 1578 2002 materia
1597 1950 1645 2000 ali-

379 2037 442 2103 quid
459 2036 609 2089 habiturnm
629 2053 686 2088 esse
705 2037 793 2088 credo.

875 2199 979 2208 --.---
987 2200 1079 2207 --.-...

873 2431 1080 2515 XXXVI.

589 2647 709 2722 Franz
736 2671 811 2724 von
838 2649 979 2725 Thurin
1009 2671 1056 2724 ao
1086 2651 1160 2725 deo
1191 2648 1343 2738 Kaleon

791 2803 1152 2868 Rom,1oJuniloeo.

671 2986 807 3041 Heraeam
837 2986 984 3058 original,-
1009 2986 1040 3041 in
1055 2991 1145 3058 tepor
1166 2985 1276 3041 eJoli.

408 3162 467 3228 Ille
484 3165 539 3250 qui
554 3187 574 3228 a
585 3162 771 3230 Sabaudiae
787 3164 870 3230 duce
885 3166 977 3229 istius
993 3163 1209 3251 expeditionis
1225 3185 1324 3229 causa
1339 3163 1382 3227 ad
1398 3162 1461 3228 8ιοιῃ
1473 3160 1506 3228 S.
1522 3163 1643 3228 missus

306 3277 369 3351 est,
399 3266 485 3332 domi
513 3290 565 3333 me
587 3269 746 3350 convenit,
770 3279 802 3334 et
823 3268 947 3334 nullum
970 3268 1011 3334 de
1034 3266 1189 3334 Genevae
1218 3267 1425 3354 expeditione
1448 3289 1468 3330 a
1489 3266 1642 3352 pontifice

304 3371 440 3436 verbum
462 3381 539 3436 tunc
560 3372 682 3436 factum
703 3394 775 3437 esse
795 3371 872 3436 mihi
888 3371 1071 3455 affirmavit,
1095 3395 1169 3436 cum
1191 3369 1364 3436 nonnullae
1387 3371 1420 3435 in
1443 3391 1483 3434 ea
1503 3372 1642 3434 materia

305 3473 345 3540 8¹¹
366 3474 398 3540 S.
416 3474 621 3544 difficultates
637 3474 769 3541 obortae
785 3482 902 3539 essent.
930 3473 1136 3561 deindepost
1150 3473 1274 3560 aliquot
1289 3473 1358 3538 dies
1373 3474 1488 3538 iterum
1503 3473 1537 3536 in
1548 3473 1638 3559 pala-

303 3581 383 3644 tium
398 3589 533 3644 vocatus
549 3601 620 3644 sum
635 3577 689 3643 Si¹⁸
708 3576 740 3642 S.
756 3578 855 3661 iussu,
879 3601 963 3665 quae
977 3588 1151 3664 propterea
1167 3599 1201 3642 se
1216 3598 1268 3642 me
1282 3578 1317 3641 in
1330 3575 1487 3663 palatium
1502 3597 1639 3642 vocasse

304 3682 387 3748 dixit
401 3693 437 3747 ut
451 3683 528 3748 mihi
543 3683 747 3769 significaret,
761 3680 877 3748 Seri·lm
887 3679 1066 3746 Galliarum
1082 3703 1192 3767 regem
1208 3681 1295 3746 omni
1310 3679 1504 3744 auxiliorum
1519 3703 1639 3766 genere

304 3785 489 3852 Sabaudiae
512 3786 627 3850 ducem
655 3788 767 3850 iuvare
791 3785 994 3850 constituisse
1022 3784 1066 3850 ed
1088 3783 1243 3850 Genevae
1265 3785 1547 3870 expugnationem,
1577 3807 1640 3850 nec

304 3911 339 3954 se
360 3889 437 3955 huic
458 3889 656 3976 expeditioni
686 3888 800 3954 deesse
820 3911 917 3976 posse
946 3889 1068 3953 tamin
1097 3886 1226 3952 auxiliis
1255 3887 1459 3953 conferendis
1482 3909 1580 3972 quam
1603 3890 1638 3952 in

303 3995 438 4058 caeteris
460 3993 660 4079 principibus
683 3990 904 4074 adhortandis,
933 4001 969 4055 ut
989 3990 1066 4055 huic
1088 3991 1135 4056 rei
1161 3999 1327 4078 promptos
1354 4013 1425 4056 sese
1450 3991 1636 4073 exhibeant,

303 4119 377 4162 cum
398 4098 540 4162 maxime
561 4097 755 4160 iustissimae
776 4093 962 4159 Sabaudiae
991 4092 1082 4158 ducis
1104 4095 1347 4179 praetensiones
1370 4093 1431 4159 sibi
1454 4095 1635 4178 videantur,

303 4200 429 4286 sibique
451 4199 646 4264 affirmatam
669 4200 711 4264 sit
732 4199 897 4263 civitatem
919 4195 1008 4260 illem
1029 4218 1094 4262 non
1116 4195 1293 4262 admodum
1315 4196 1417 4262 multa
1446 4219 1521 4264 curn
1554 4198 1636 4264 diffi-

303 4303 422 4368 cultate
445 4305 627 4389 expugnari
648 4325 756 4390 posse.
799 4301 873 4366 ideo
895 4308 1007 4387 petere
1029 4309 1066 4364 nt
1089 4299 1129 4364 de
1151 4299 1214 4366 hae
1235 4310 1342 4365 mente
1372 4301 1544 4390 animoque
1574 4325 1634 4367 suo

301 4407 380 4471 111ωηὶ
403 4407 442 4471 V.
466 4405 502 4472 O.
525 4408 693 4474 certiorem
714 4405 895 4488 redderem,
917 4405 995 4469 ΜωιΙΙ
1012 4403 1051 4468 V.
1074 4412 1188 4490 postea
1211 4425 1251 4468 ac
1271 4403 1501 4489 Hispaniarum
1523 4427 1635 4492 regem

302 4521 512 4598 caeterosque
539 4511 702 4597 principes
730 4507 810 4596 quid
837 4509 870 4572 in
898 4506 960 4572 hac
993 4529 1028 4573 re
1061 4529 1159 4591 agere
1186 4506 1288 4572 velint
1320 4506 1564 4592 deliberaturos,
1598 4531 1634 4574 se

302 4623 387 4680 certe
403 4635 463 4678 nec
479 4612 667 4680 Sabaudiae
689 4613 764 4679 duci
786 4635 848 4678 nec
871 4613 1023 4699 cuiquam
1046 4609 1218 4676 christiano
1241 4612 1379 4698 principi
1401 4612 1487 4676 iusta
1508 4613 1632 4697 petenti

300 4740 366 4784 non
388 4739 459 4782 esse
482 4714 676 4781 defuturum.
