3512 5838
227 686 396 753 Postremo
418 686 511 753 vobis
534 690 632 753 etiam
654 688 794 774 benigne
816 687 1014 774 iniungimus
1034 694 1071 752 ut
1091 686 1153 752 ΙΨ
1175 685 1212 752 Ο.
1233 685 1369 752 Morene
1390 709 1462 752 ver·

122 788 176 855 bia
198 789 317 855 nostris
341 789 538 876 significetis,
572 812 632 856 nos
655 812 787 877 prorsus
812 789 974 854 confidere
997 810 1037 854 ae
1059 811 1118 876 pro
1139 811 1175 854 re
1198 797 1287 854 certa
1309 789 1461 876 quodam-

122 891 223 958 modo
245 902 355 958 tenere
371 892 459 982 quod
474 895 653 980 paternitas
668 894 738 956 eius
753 893 833 974 lim,
858 890 1006 956 absoluto
1030 889 1166 956 coneilio
1190 891 1298 954 statim
1320 900 1352 956 et
1374 889 1463 956 nuilla

122 996 224 1062 etiam
239 992 433 1062 brevissima
447 1019 540 1064 mora
555 997 755 1083 interposita,
772 1016 900 1060 omnem
915 1016 1050 1081 operam
1065 993 1181 1059 datura
1195 994 1245 1077 sit,
1267 1001 1304 1058 ut
1318 1015 1462 1058 summus

121 1099 282 1185 pontifex,
304 1099 340 1164 in
361 1119 441 1164 casu
463 1121 528 1187 quo
543 1097 599 1164 8²²⁸
625 1099 696 1164 eius
718 1121 738 1163 a
760 1097 855 1164 nobis
884 1105 917 1164 et
945 1097 1027 1164 ferte
1056 1096 1098 1163 ab
1126 1094 1198 1161 aliis
1225 1096 1322 1161 etiam
1343 1095 1462 1160 nostris

126 1209 160 1267 et
183 1202 269 1266 sacri
291 1200 329 1266 a
351 1202 480 1288 imperii
501 1201 704 1290 principibus
733 1223 793 1288 per
814 1209 959 1266 oratores
989 1209 1022 1265 et
1049 1200 1143 1265 aliter
1171 1197 1328 1286 requisita
1355 1197 1461 1280 fuerit,

124 1326 191 1392 qua
214 1302 254 1368 de
277 1326 314 1368 re
336 1325 505 1390 speramus
526 1325 586 1369 nes
615 1303 709 1369 brevi
732 1303 903 1369 eonsilium
927 1313 1089 1390 captiuos,
1112 1299 1193 1366 illud
1214 1323 1250 1366 re
1272 1301 1343 1387 ipsa
1365 1321 1463 1386 prae-

126 1415 191 1472 stet
214 1405 303 1495 quod
314 1407 492 1493 paternitas
509 1408 578 1472 eius
592 1407 654 1472 R...
665 1407 760 1472 nobis
782 1406 889 1472 medio
912 1406 1057 1493 episcopi
1073 1403 1307 1472 Chanadiensis
1322 1402 1465 1467 futurum

124 1507 273 1596 p'ollicita
294 1507 364 1592 fuit,
388 1509 547 1597 siquidem
571 1511 745 1575 etiamnum
767 1510 801 1574 in
823 1531 863 1574 ea
885 1511 1045 1576 sententia
1057 1508 1238 1574 firmissime
1253 1504 1464 1593 persistimus,

126 1612 156 1676 si
179 1609 235 1675 8¹¹·
258 1609 291 1676 S.
313 1611 370 1698 pia
393 1621 426 1676 et
446 1611 590 1698 benigna
611 1621 719 1676 mente
741 1613 924 1698 respexerit
944 1611 1110 1698 ingentem
1131 1610 1357 1676 necessitatem
1380 1607 1465 1673 sacri

124 1713 255 1800 imperii
284 1735 324 1778 ae
353 1734 528 1800 regnorum
558 1723 591 1778 et
620 1714 835 1780 dominiorum
864 1723 1046 1780 nostrorum
1079 1714 1190 1800 eisque
1229 1708 1466 1776 auxiliatricem

124 1837 260 1881 manum
274 1816 470 1904 praebuerit,
494 1840 532 1882 eo
555 1816 651 1883 modo
668 1839 765 1906 quem
779 1839 839 1882 nos
855 1816 993 1882 antchac
1009 1813 1048 1882 δ”
1071 1818 1139 1880 eius
1156 1812 1364 1890 ostendimus,
1379 1811 1466 1899 quod

127 1927 209 1983 tunc
236 1919 339 1984 nostri
367 1926 400 1983 et
421 1921 505 1984 sacri
534 1919 662 2006 imperii
691 1917 814 1984 subditi
842 1918 937 2005 longe
960 1915 1087 1983 facilius
1109 1919 1143 1983 in
1172 1915 1279 1983 officio
1309 1913 1467 1981 contineri

125 2019 296 2108 multaque
319 2022 407 2090 mala
428 2032 461 2088 et
483 2021 637 2089 scandala
659 2022 849 2110 praecaveri
870 2031 1031 2108 poterunt.

230 2211 324 2263 ladem
342 2212 390 2264 der
406 2213 502 2264 Kaisar
518 2211 576 2264 hier
593 2217 683 2264 suerat
700 2212 747 2264 der
764 2211 819 2262 ihm
836 2213 887 2262 scit
898 2211 1026 2264 Menalca
1043 2209 1100 2278 (ur.
1110 2209 1252 2274 cccxix)
1270 2209 1468 2278 angeratlrenen

198 2297 374 2364 Beendigrmg
389 2298 436 2350 des
446 2297 554 2351 Concita
566 2299 717 2362 beistimmt,
736 2297 832 2364 drtngt
848 2297 906 2348 sich
925 2297 968 2348 die
985 2297 1073 2363 Frage
1090 2295 1145 2360 aui,
1162 2310 1217 2348 was
1235 2295 1280 2346 itm
1298 2295 1406 2348 endlielr
1422 2294 1467 2345 be-

199 2384 301 2434 atimmt
317 2383 364 2434 hat
382 2384 474 2436 neren
501 2400 531 2436 se
549 2384 739 2436 bedeutssmen
755 2383 1079 2438 hermensassen.
1109 2383 1170 2433 Dan
1196 2383 1290 2434 beaten
1312 2378 1469 2434 Aufschluss

199 2469 256 2536 gibt
274 2469 388 2522 dartlber
405 2469 543 2537 folgenden
561 2470 682 2522 offenbar
699 2472 727 2520 in
745 2470 819 2520 dieas
836 2469 897 2520 zeii
912 2467 1038 2536 gehtrige
1057 2467 1235 2520 Schriflstttek
1252 2468 1299 2518 der
1318 2466 1348 2521 0.
1365 2466 1411 2520 Aa

265 2555 393 2608 &tiones
411 2555 509 2621 quibus
526 2555 692 2607 existimmr
709 2571 835 2622 praesens
852 2554 905 2606 hoc
923 2554 1065 2606 concilium
1082 2553 1182 2606 nullum
1194 2558 1242 2604 ant
1252 2553 1386 2604 modicum
1398 2550 1467 2601 fruc·

197 2646 255 2692 turn
272 2642 331 2693 orbi
349 2641 492 2694 christiane
511 2641 667 2705 allaturum,
694 2642 733 2692 ita
754 2646 785 2691 ut
806 2641 929 2692 videatur
952 2654 1060 2692 eausam
1083 2654 1137 2690 non
1163 2639 1274 2690 subesse
1293 2653 1341 2688 cur
1358 2636 1388 2688 0.
1406 2636 1466 2686 Mn·

200 2727 402 2780 dimetationem
419 2727 549 2793 impedire
567 2727 669 2780 debeat
698 2753 731 2766 -
758 2727 892 2792 Principio
910 2726 962 2778 loe
980 2727 1045 2778 satis
1062 2726 1183 2778 omnibus
1210 2727 1325 2786 eomtst,
1352 2721 1424 2788 qnod
1441 2721 1469 2772 in
1560 2747 1565 2758 =

201 2815 279 2866 huius
297 2813 404 2866 concilii
422 2813 531 2866 exordio
549 2815 702 2880 potissimus
720 2811 914 2879 quodammodo
937 2816 1074 2877 respectus
1091 2811 1127 2862 sd
1144 2815 1228 2862 status
1246 2813 1422 2876 protestantes
1440 2812 1470 2858 ut

199 2903 220 2952 ii
236 2903 264 2952 in
281 2899 396 2952 coneilio
417 2904 601 2965 comparerent
617 2899 725 2951 habitus
742 2898 829 2962 inerit,
847 2903 941 2964 utpote
952 2913 1000 2964 per
1012 2913 1078 2964 ques
1089 2896 1219 2949 haelenae
1231 2896 1312 2958 stetit,
1330 2893 1470 2960 quominus

200 2987 294 3054 religio
313 3001 401 3038 rursus
419 2985 454 3038 td
473 2985 590 3038 debitam
608 2985 779 3038 reduceretur
802 2983 981 3038 concordiam.
1007 2983 1047 3034 illi
1069 2998 1205 3036 veronen
1222 2982 1309 3034 solum
1326 2995 1380 3032 nou
1398 2993 1468 3030 eom·

202 3077 357 3139 paruerunt,
387 3086 479 3122 verum
502 3072 582 3124 etiam
604 3070 730 3138 plurimae
752 3071 868 3120 ratense
886 3075 1011 3136 exparte
1029 3068 1386 3132 suaaddnxeruntpropter
1404 3079 1470 3130 quas

203 3171 356 3225 comparere
373 3171 426 3208 non
443 3161 561 3222 possent.
587 3160 614 3206 et
636 3157 757 3221 quamvis
782 3154 810 3206 Ο.
835 3155 896 3206 ΜΝ
919 3154 1021 3220 atquae
1045 3169 1077 3204 ex
1100 3153 1153 3204 illis
1175 3168 1230 3204 non
1254 3151 1340 3204 selum
1358 3150 1466 3202 invetas

201 3244 392 3296 verumetiam
409 3243 562 3294 ternmadas
580 3246 708 3308 quntum
726 3242 859 3292 insecat
881 3244 1018 3306 mosem,
1041 3244 1131 3290 tamen
1159 3239 1228 3290 inter
1252 3252 1298 3289 eas
1321 3241 1383 3288 sunt
1400 3234 1469 3287 aliae

203 3329 334 3395 quaedam
352 3343 421 3396 qnae
443 3327 524 3380 talem
547 3328 664 3394 speeiem
687 3328 826 3392 aequitatis
845 3325 973 3389 obtinent,
991 3330 1022 3376 ut
1038 3327 1061 3376 si
1079 3323 1113 3376 de
1130 3323 1224 3376 isdem
1241 3324 1269 3374 in
1288 3321 1401 3374 concilio
1419 3321 1472 3372 dis·

202 3416 290 3480 putari
308 3418 433 3479 coeptum
460 3417 538 3476 emet,
568 3412 629 3462 un·
647 3411 675 3464 S.
692 3413 777 3480 mgis
803 3411 993 3478 propemedum
1019 3411 1136 3476 ipsorum
1163 3408 1365 3476 protestantium
1391 3421 1471 3474 quam

205 3499 318 3552 alienum
337 3501 382 3564 qui
398 3499 545 3550 volnissent
570 3497 754 3549 contradicere
781 3498 931 3562 opinionem
948 3499 1042 3548 secuta
1059 3494 1161 3558 fumset,
1187 3498 1323 3560 utcunque
1341 3508 1373 3544 ex
1393 3507 1425 3543 ea
1442 3508 1471 3542 re

203 3584 248 3636 lli*
269 3583 295 3636 S.
314 3586 407 3650 ingens
424 3583 526 3635 invidia
543 3583 636 3634 fuisset
654 3583 778 3634 conflata.
797 3581 894 3634 deinde
906 3582 1025 3648 episcopi
1038 3586 1066 3631 et
1076 3581 1190 3647 praelati
1202 3579 1367 3640 Germaniae⁹
1379 3592 1469 3644 quam·

202 3671 243 3722 ris
260 3670 388 3722 hactenus
407 3675 433 3720 et
450 3684 585 3722 asumma
604 3667 729 3734 pontifice
752 3673 779 3719 et
801 3683 882 3733 saepe
904 3683 938 3720 aa
955 3669 1061 3733 saepius
1085 3680 1102 3717 a
1118 3665 1168 3716 lli·
1184 3663 1211 3716 S.
1229 3663 1357 3716 admoniti
1374 3663 1471 3714 fuerint

203 3761 233 3806 nt
250 3756 294 3806 vel
312 3772 360 3822 per
376 3771 405 3806 se
423 3757 495 3822 ipses
513 3755 558 3806 rel
575 3753 670 3806 saltem
687 3769 735 3820 per
751 3757 937 3819 procuratores
954 3755 982 3802 in
1001 3751 1116 3804 concilio
1129 3755 1322 3816 comparerent,
1338 3749 1469 3802 hactenns

199 3846 288 3893 tanam
307 3855 357 3892 nee
374 3856 427 3890 uno
446 3856 497 3892 nee
515 3839 600 3892 altero
618 3838 698 3890 modo
716 3854 745 3890 sc
762 3839 911 3905 permoveri
928 3839 1001 3904 passi
1017 3840 1087 3888 aaut
1106 3835 1140 3886 de
1159 3850 1213 3902 qua
1229 3851 1259 3885 re
1276 3838 1396 3900 quamvis
1408 3835 1468 3886 W·

202 3928 229 3978 a
247 3925 307 3978 illes
325 3927 449 3976 incusare
466 3941 521 3976 non
537 3925 634 3990 possit,
657 3925 810 3990 praesertim
836 3939 895 3974 enm
918 3924 969 3989 ipsi
988 3938 1021 3974 ex
1048 3926 1145 3972 eventu
1172 3921 1266 3986 prioris
1284 3921 1390 3972 concilii
1408 3923 1472 3972 satis

201 4012 291 4064 edocti
307 4013 361 4063 sint
379 4011 413 4062 de
430 4009 550 4076 periculo
569 4010 622 4062 illis
640 4010 693 4061 hoc
712 4024 776 4060 casu
794 4010 951 4072 imminenti,
976 4023 1088 4076 eumque
1112 4008 1191 4059 etiam
1216 4008 1335 4058 recentia
1352 4007 1473 4073 exempla

200 4097 321 4151 nonnihil
339 4098 377 4148 eis
394 4097 503 4148 terroris
520 4095 650 4156 adimant,
669 4095 765 4162 quibus
782 4095 811 4145 in
829 4099 964 4160 comperto
989 4099 1031 4146 est
1056 4095 1210 4160 episcopum
1235 4091 1471 4144 Monssteriensem

201 4182 254 4236 hoe
271 4198 342 4234 anuo
360 4183 476 4247 pessime
502 4195 520 4231 a
545 4180 677 4232 nonnullis
704 4179 785 4230 fuisse
811 4183 963 4244 tractatum,
993 4180 1147 4245 episcopum
1170 4193 1234 4229 vero
1251 4177 1472 4244 Herbipolensem

203 4270 312 4335 musque
329 4267 452 4318 subditos
470 4265 619 4317 incredibili
637 4265 733 4316 damno
752 4264 876 4328 affectos,
903 4269 993 4315 umen
1011 4264 1083 4330 quod
1099 4264 1161 4315 Mn·
1178 4262 1206 4314 S.
1229 4263 1286 4314 iere
1308 4263 1367 4316 sola
1388 4267 1472 4314 totum

200 4354 304 4422 pondus
323 4369 410 4404 rerum
429 4351 621 4414 conciliarium,
640 4350 712 4418 qnod
730 4350 766 4401 ad
779 4349 947 4402 Germaniam
965 4351 1067 4414 attinet
1086 4351 1216 4400 sustinere
1234 4350 1338 4416 cogitur
1349 4347 1474 4415 quodque

202 4443 231 4491 in
248 4455 313 4492 casn
331 4439 506 4500 necessitatis,
524 4438 571 4488 ubi
589 4436 623 4488 de
641 4438 674 4487 iia
691 4437 771 4488 rebus
789 4439 919 4486 tractatur
930 4450 998 4503 quae
1011 4435 1046 4486 ad
1059 4435 1228 4486 Germaniam
1239 4436 1379 4500 pertinent,
1396 4449 1473 4484 nemo

205 4525 282 4577 adest
299 4525 344 4590 qui
362 4522 406 4574 vel
423 4523 557 4574 minimam
574 4521 786 4573 informationem
805 4521 869 4572 dare
886 4523 979 4586 pessit,
997 4520 1025 4570 id
1042 4535 1121 4586 quam
1140 4519 1281 4570 molestum
1297 4518 1342 4570 tlu
1359 4519 1385 4572 s.
1403 4520 1474 4570 acei-

205 4611 252 4662 dat
269 4624 375 4676 qaoque
392 4607 494 4674 pudere
511 4606 580 4658 iti·¹¹¹
601 4605 628 4658 S.
647 4605 798 4672 perfundat,
817 4606 898 4657 facilc
917 4607 1002 4657 cnivis
1019 4604 1213 4656 aestimandum
1230 4605 1393 4672 relinquitur.
1421 4620 1475 4655 non

204 4697 309 4762 ignorat
324 4693 385 4745 Ma.
404 4691 431 4745 S.
450 4691 557 4744 concilii
573 4689 652 4743 huius
668 4691 805 4742 indicendi
822 4692 992 4757 praecipuam
1011 4705 1116 4758 quoquc
1132 4691 1262 4742 rationem
1281 4689 1371 4754 fnisse,
1388 4694 1419 4740 ut
1430 4703 1472 4740 res

204 4781 309 4834 Galliae
326 4793 416 4831 rursus
432 4778 468 4830 ad
485 4779 623 4844 pristinum
640 4777 775 4843 religionis
793 4781 891 4828 statum
912 4776 1109 4828 reducerentur.
1126 4789 1219 4826 rerum
1235 4789 1315 4842 quarn
1334 4773 1476 4826 infeliciter

204 4871 316 4920 eventus
333 4863 507 4930 responderit,
530 4868 557 4914 et
574 4867 661 4914 utrum
678 4878 732 4914 non
749 4861 878 4915 hodierno
897 4861 941 4913 die
967 4861 1109 4928 negocium
1132 4859 1267 4927 religionis
1290 4860 1318 4909 in
1342 4857 1430 4910 Gallia
1447 4860 1475 4910 in

203 4952 290 5020 pelori
306 4954 379 5002 statu
396 4951 430 5000 sit
448 4965 527 5016 quam
545 4953 625 5001 autea
641 4947 730 5014 merit,
748 4948 777 5000 id
789 4963 831 5000 res
842 4949 900 5015 ipss
911 4947 1083 5010 demonstrat,
1100 4950 1130 4997 nt
1147 4947 1252 4998 interim
1263 4949 1385 4996 taceatur
1402 4944 1474 5010 quod

204 5051 295 5090 omnes
313 5035 449 5090 Gallorum
466 5038 586 5088 actiones
595 5034 732 5104 hecusque
743 5034 883 5088 mmdeste
900 5049 933 5088 eo
951 5033 1071 5099 tendunt,
1088 5039 1120 5086 ut
1137 5031 1244 5086 conatii
1260 5030 1339 5084 huius
1357 5030 1474 5083 auctori
