3450 5818
1319 525 1381 592 ili

194 712 253 782 Vgl.
264 713 395 767 Bucholtr
413 715 437 780 8,
455 717 516 768 4³0.
533 716 592 768 tit.
610 716 663 769 Die
681 716 750 768 oben
768 714 920 768 smarnos
937 715 1082 768 Subtemen
1095 716 1142 771 des
1153 716 1266 770 Nuntius
1283 729 1318 768 sn
1330 715 1382 768 deu

126 800 219 852 Kaisar
241 815 303 852 vom
322 803 353 852 19
372 801 437 852 Jnni
463 801 518 852 und
542 801 589 854 des
606 802 714 854 Kaisers
737 817 771 853 an
790 802 832 852 dis
850 803 970 869 Legatcn
993 819 1055 855 vom
1078 804 1112 854 30
1133 804 1198 856 Juni
1220 805 1248 854 in
1265 803 1304 854 Le
1322 802 1382 854 Plat

125 888 150 948 b,
167 888 300 950 828.351;
318 887 371 954 vgl.
389 886 486 937 Archiv
504 887 546 937 fflr
564 892 612 939 ost.
626 887 722 940 Gesch.
740 889 780 940 47.
800 888 889 939 Ueber
907 889 949 939 dic
967 889 1066 941 andern
1084 891 1112 939 in
1130 889 1176 940 der
1193 889 1316 940 Relation
1336 888 1382 938 des

124 971 236 1040 Prsgers
253 978 414 1040 angeregten
436 973 680 1040 Angelegenhsiten
703 974 766 1040 geht
788 973 940 1025 Fcrdinand
961 975 1027 1026 lrura
1051 975 1167 1042 hinweg3
1195 973 1383 1026 inchesoudere

124 1074 188 1125 mag
203 1075 231 1110 er
247 1060 306 1110 sich
322 1059 411 1110 wsder
432 1061 460 1110 in
478 1059 530 1111 den
548 1060 757 1126 Vorrangsstreit
773 1061 904 1112 swiechcn
921 1061 1018 1112 Baiem
1039 1062 1095 1113 und
1112 1061 1235 1128 Venedig
1256 1061 1383 1124 mischen,

123 1143 194 1194 noch
218 1145 263 1196 bei
281 1145 342 1196 dem
358 1147 393 1198 K.
412 1145 517 1212 Philipp
545 1146 588 1196 die
606 1145 732 1213 Sendnng
755 1146 802 1198 des
820 1147 918 1198 Graisn
936 1148 1013 1199 Luna
1035 1149 1105 1198 nach
1121 1148 1214 1198 Tricnt
1231 1148 1383 1210 betreiben3

123 1231 243 1282 insowcit
264 1234 339 1282 scine
359 1231 489 1284 Oratoren
506 1234 554 1284 mit
572 1232 623 1284 den
641 1232 769 1298 Spaniam
786 1249 819 1284 an
837 1234 1030 1286 untsrbandelrr
1047 1233 1149 1298 haben,
1168 1233 1253 1286 sollen
1270 1235 1309 1284 sic
1327 1233 1384 1284 sich

123 1330 158 1366 sn
178 1316 228 1369 den
245 1317 407 1370 Embischoi
429 1334 483 1370 von
501 1317 626 1370 Granads
643 1318 762 1370 wanden.
798 1318 882 1385 Obigc
900 1319 1041 1386 Dspeschc
1063 1321 1142 1371 nebat
1164 1318 1238 1370 ihren
1256 1317 1384 1385 Beilagen

123 1401 213 1453 words
230 1419 273 1455 am
290 1406 325 1455 29
342 1403 406 1456 luni
424 1402 557 1474 (Concept
573 1406 600 1454 in
618 1403 670 1456 den
680 1403 810 1470 Romans)
829 1404 898 1455 anch
915 1405 984 1456 Areo
1003 1405 1166 1474 mitgetheilt.

622 1579 827 1596 Ἣ

594 1809 851 1902 CLXXXV.

307 2036 414 2110 Thon
445 2035 519 2110 und
549 2028 785 2110 Draslrovics
812 2054 858 2109 eo
887 2034 959 2108 deo
990 2032 1141 2124 Kaisar3

526 2180 812 2244 uenenariorum
831 2182 921 2231 losa.

401 2344 578 2402 casneto.
603 2344 750 2416 offirma
770 2345 801 2400 a
823 2350 912 2414 ιαμ·
937 2325 956 2400 's
977 2342 1048 2398 rou.

158 2490 317 2558 Proximis
340 2489 440 2558 literis
462 2493 654 2579 scripseram
677 2513 738 2578 ego
761 2487 1117 2576 Quinqueecclesiensis
1139 2485 1189 2550 Mt·
1230 2483 1270 2549 V.
1294 2483 1326 2549 S.
1342 2483 1382 2548 de

63 2591 279 2681 theologorum
307 2595 577 2682 disputationibus
609 2607 639 2660 et
661 2595 827 2660 sententiis
859 2615 956 2680 super
982 2593 1118 2676 negocio
1151 2588 1383 2654 communionis

65 2697 120 2762 sub
142 2707 278 2785 utraque
300 2701 423 2786 specie;
446 2700 591 2764 restabat
612 2709 648 2764 ut
669 2709 778 2786 patres
802 2697 844 2762 de
866 2696 981 2762 iisdem
1003 2692 1099 2759 rebus
1121 2693 1205 2757 inter
1228 2716 1262 2758 se
1285 2691 1384 2757 disse-

65 2811 164 2866 rerent
189 2811 223 2868 et
245 2801 332 2888 quod
353 2800 519 2866 videretur
541 2801 779 2867 concluderent.
817 2799 874 2864 sed
898 2821 970 2863 cum
994 2819 1270 2884 supervacaneum
1297 2793 1384 2859 vide

65 2911 145 2968 retur
165 2903 281 2970 iisdem
304 2903 345 2970 de
366 2904 464 2970 rebus
487 2914 554 2969 tam
574 2906 705 2990 copiose
720 2911 850 2990 tamque
866 2901 1024 2967 subtiliter
1037 2902 1102 2965 iam
1118 2902 1248 2986 saepius
1264 2922 1283 2963 a
1297 2896 1384 2961 theo-

65 3000 139 3090 logis
160 3008 194 3072 in
216 3016 534 3095 utramquepartem
556 3009 746 3074 examinetis
769 3017 826 3071 aut
846 3028 947 3072 novas
970 3007 1086 3068 iterum
1108 3004 1282 3068 sententias
1299 3022 1383 3064 com·

65 3112 192 3176 monteri
222 3121 278 3176 aut
307 3111 421 3178 cadem
444 3133 530 3199 qaae
560 3109 607 3176 illi
636 3120 710 3176 ante
741 3110 899 3175 dixissent
927 3118 1082 3195 repetere,
1106 3127 1146 3171 ne
1169 3115 1294 3191 tempos
1318 3103 1385 3167 sine

64 3205 304 3298 brenehirst,
331 3215 454 3301 placuit
481 3225 518 3279 ut
539 3213 693 3300 descripti
717 3213 848 3300 quidam
872 3233 1011 3276 canones
1042 3232 1177 3297 quorum
1200 3204 1384 3294 exemplum

64 3308 107 3377 his
127 3315 313 3382 inclusimus
336 3328 594 3406 proponerentur
630 3327 662 3383 et
689 3338 786 3402 super
812 3313 875 3379 illis
904 3314 1082 3378 sententiae
1109 3318 1309 3396 rogarentur,
1339 3309 1384 3372 ita

63 3419 139 3482 enim
161 3419 257 3484 citius
286 3443 339 3487 res
360 3421 475 3486 confici
496 3441 594 3509 posse
616 3419 795 3485 videbatur.
827 3418 868 3482 de
890 3415 1016 3482 duobus
1042 3413 1106 3478 illis
1129 3411 1271 3478 articulis
1301 3432 1383 3497 quos

64 3518 131 3585 item
154 3522 394 3609 adscripsimus,
417 3525 451 3590 in
474 3525 592 3613 quibus
614 3523 711 3589 totius
734 3523 781 3586 rei
805 3520 902 3586 cardo
924 3520 1049 3583 versari
1071 3515 1207 3597 videtur,
1231 3511 1310 3580 nulli
1333 3535 1383 3577 ca·

64 3645 156 3690 nones
178 3625 277 3692 scribi
297 3637 488 3715 potuerunt;
512 3625 829 3694 animadvertebatur
852 3625 936 3688 enim
959 3622 1000 3686 de
1022 3619 1085 3685 illis
1106 3621 1213 3683 varias
1237 3639 1276 3682 ac
1301 3616 1385 3682 inter

66 3739 295 3816 repugnantes
323 3741 451 3817 patrum
476 3733 650 3796 sententias
672 3730 811 3812 futuras,
843 3734 1038 3814 quapropter
1060 3723 1140 3788 haec
1168 3744 1219 3786 res
1242 3728 1311 3785 tota
1341 3717 1383 3783 ad

66 3841 183 3912 patrum
205 3832 444 3919 diligentiorem
467 3833 631 3922 quandam
655 3833 888 3898 discussionem
909 3829 1029 3892 reiecta
1051 3835 1108 3892 est
1131 3846 1190 3888 nos
1210 3845 1287 3887 vcro
1310 3844 1384 3886 cum

65 3953 100 3998 er
120 3935 318 4003 diversorum
342 3935 544 4002 sermonibus
575 3947 608 4002 et
629 3935 788 4022 frequenti
812 3931 1038 4018 primariorum
1066 3936 1192 4015 patrum
1215 3936 1384 3990 consuetu·

65 4033 129 4102 dine
150 4039 326 4104 maximam
347 4049 474 4126 partem
496 4061 628 4126 prorsus
650 4036 729 4124 quid
742 4044 906 4123 peteretur
920 4043 976 4097 aut
992 4055 1050 4097 cur
1066 4031 1195 4096 omnino
1210 4037 1383 4116 peteretur,

66 4138 202 4224 ignorare
214 4141 476 4228 intelligeremus,
500 4154 679 4230 opportune
698 4162 757 4204 nos
772 4137 913 4202 factums
929 4135 1191 4215 existimavimus,
1215 4133 1243 4196 si
1265 4131 1384 4216 scripto

67 4243 163 4332 aliquo
184 4245 357 4310 nonnullas
379 4247 520 4312 rationes
544 4242 829 4331 complecteremur
846 4241 962 4327 quibus
978 4237 1210 4303 communionis
1226 4233 1285 4300 sub
1300 4243 1384 4299 utra-

66 4369 120 4432 que
140 4351 355 4414 necessariam
377 4373 448 4415 esse
471 4347 714 4414 concessionem
735 4341 923 4430 persuaderi
945 4363 1041 4428 posse
1055 4348 1252 4425 putaremus.
1275 4337 1384 4430 itaque

66 4454 290 4517 communicato
320 4475 392 4518 cum
414 4451 479 4516 Hm.
506 4451 549 4516 D.
571 4449 687 4537 legatis
710 4445 852 4528 consilio,
876 4443 1122 4510 admonitoriam
1144 4440 1206 4505 hoc
1228 4441 1383 4527 scriptum

66 4553 142 4637 quod
168 4554 218 4620 Mc
246 4555 286 4620 V.
308 4555 341 4623 S.
359 4556 512 4621 mittimus
541 4553 736 4620 confecimus
765 4559 798 4615 et
825 4547 866 4612 D.
889 4546 1003 4633 legatis
1025 4554 1061 4610 nt
1082 4545 1144 4631 ipsi
1165 4552 1382 4630 proponerent

66 4657 250 4724 tradidimus.

156 4763 283 4829 Interea
305 4771 413 4828 autem
434 4761 587 4847 temporis
610 4758 757 4823 dedimus
777 4777 907 4843 operam
921 4761 957 4818 ut
971 4751 1038 4816 ΙΙΙ““Ι
1057 4749 1098 4815 D.
1114 4747 1206 4814 ducis
1220 4749 1381 4813 Bavariae

70 4873 163 4931 orator
184 4867 298 4933 doctor
311 4865 514 4952 Augustinus
527 4864 762 4949 Paumgartner
781 4856 950 4926 aconcilio
967 4855 1147 4938 audiretur,
1171 4851 1380 4939 sperabamus

70 4969 141 5032 enim
161 4968 246 5034 illius
268 4970 413 5035 oratione
435 4968 480 5034 ad
501 4977 644 5033 nostram
666 4965 852 5051 petitionem
863 4958 985 5047 aliquid
1000 4957 1150 5045 ponderis
1166 4975 1380 5020 accessurum.

70 5065 106 5131 illi
125 5082 229 5138 autem
256 5071 399 5138 nondum
420 5071 506 5137 facta
535 5070 641 5135 iuerat
663 5064 792 5132 dicendi
821 5072 963 5152 potestas
991 5069 1123 5147 propter
1145 5057 1381 5123 contentionem

110 5173 214 5218 stessi
229 5186 250 5222 ι.
265 5175 294 5219 e.
307 5176 330 5220 c.
344 5175 442 5221 οοιοιιι.
1144 5179 1178 5232 23
