3512 5838
123 644 290 712 vissimae
316 637 527 714 difficultates
548 647 582 714 in
604 646 667 713 boc
689 650 760 735 ipso
781 647 1017 715 reformationis
1040 650 1177 735 negocio
1193 659 1374 734 accurrant,
1398 671 1474 738 qua-

125 757 225 814 tenus
252 749 389 817 scilicet
408 751 572 838 principes
588 750 771 824 saeculares
787 753 960 836 concernit,
983 751 1039 820 ubi
1060 750 1136 819 licet
1157 776 1216 821 nos
1231 754 1398 841 bucusque
1412 754 1474 819 for·

123 852 204 917 titer
228 855 466 938 restiterimus,
489 864 598 920 umen
622 877 738 942 operae
761 857 900 941 pretium
922 855 1038 921 fuisset
1058 879 1117 921 nos
1135 857 1233 922 etiam
1249 868 1396 922 strenuos
1419 857 1474 922 ad·

124 955 258 1022 interes
284 957 455 1024 habuisse.
481 957 628 1030 absoluto
651 961 750 1046 igitur
765 980 958 1048 quocunque
972 958 1069 1027 modo
1089 959 1324 1026 reformationis
1339 963 1474 1047 negocio

124 1067 157 1124 et
182 1058 444 1127 discedentibus
467 1059 584 1149 legatis
608 1085 682 1127 oum
704 1063 825 1128 maiore
847 1073 941 1150 parte
963 1072 1100 1149 patrum,
1123 1086 1188 1128 non
1214 1064 1374 1130 cernimus
1397 1063 1474 1151 quid

125 1172 310 1229 oratorum
335 1174 519 1232 nostrorum
552 1174 585 1230 et
605 1174 714 1232 vestra
741 1188 780 1232 ac
808 1164 1026 1252 praelatorum
1048 1165 1270 1254 Hispanorum
1292 1169 1475 1254 praesentia

123 1266 299 1351 prodesse
326 1269 437 1354 pessit,
461 1278 517 1334 sut
539 1267 581 1333 ad
603 1268 682 1357 quid
706 1291 786 1355 opus
809 1269 851 1334 sit
872 1271 906 1334 in
927 1269 1018 1335 illum
1046 1279 1196 1336 eventum
1225 1269 1292 1336 ulla
1312 1277 1473 1356 protesta-

125 1371 234 1455 tione,
263 1371 512 1438 clamitantibus
535 1371 659 1438 scilicet
673 1373 789 1459 legatis
812 1385 844 1439 et
865 1371 974 1438 multis
996 1373 1154 1461 patribus,
1171 1372 1323 1438 utinobis
1339 1373 1473 1438 relatum

125 1482 188 1557 est,
213 1497 285 1561 per
310 1499 369 1542 nos
393 1474 538 1564 aliosque
560 1498 654 1564 reges
678 1499 717 1541 ac
738 1478 901 1564 principes
923 1476 1106 1543 saeculares
1128 1486 1214 1542 stare
1230 1478 1400 1564 quominus
1423 1499 1474 1541 ca-

125 1579 259 1643 nonica
287 1588 323 1643 et
343 1579 489 1666 perfecta
510 1581 695 1644 instituatur
714 1580 910 1664 reformatio,
935 1579 991 1667 qni
1011 1581 1271 1645 reformationem
1293 1579 1473 1666 principum

125 1679 362 1747 saecularium
374 1693 440 1747 tam
451 1685 668 1749 necessariam
680 1692 725 1764 ut,
747 1683 810 1748 nisi
824 1683 890 1768 fiat,
914 1684 1059 1770 episcopi
1072 1705 1138 1748 non
1153 1685 1279 1771 possint
1292 1682 1413 1748 utiliter
1427 1705 1471 1747 re

126 1782 243 1850 sidere
272 1795 308 1851 et
330 1784 472 1851 officium
494 1809 587 1852 suum
609 1785 773 1874 pastorale
796 1787 924 1872 exequi,
947 1785 1170 1873 impediamus.

242 1887 349 1969 Quod
372 1898 479 1954 autem
501 1910 598 1976 porro
622 1889 815 1954 existimatis
839 1888 1124 1974 considerandum,
1154 1892 1208 1978 qui
1230 1889 1345 1956 modus
1368 1889 1471 1954 teneri

128 1988 264 2056 debeat
290 1994 323 2056 in
345 1991 409 2057 fine
432 1991 561 2058 concilii
582 1993 629 2056 ita
650 2001 687 2056 ut
714 1992 868 2058 baeretici
895 2015 961 2058 non
990 1992 1163 2058 videantur
1188 1993 1316 2079 penitus
1346 1991 1474 2059 excludi

128 2093 174 2157 ab
200 2094 361 2180 ecclesia,
385 2095 443 2160 sed
464 2105 501 2160 ut
522 2095 569 2160 sis
590 2094 792 2182 relinquatur
814 2093 920 2161 adbuc
942 2096 1051 2183 aliqua
1073 2105 1186 2182 aperta
1200 2098 1297 2161 ianua
1311 2094 1352 2160 ad
1368 2098 1472 2183 ipsam

128 2195 313 2282 redeundi,
336 2221 396 2264 nos
418 2200 516 2265 talem
541 2198 806 2264 deliberationem
828 2200 891 2266 hoo
912 2209 1057 2286 tempore
1078 2223 1143 2264 nou
1158 2199 1352 2264 arbitramur
1365 2221 1474 2264 neces·

130 2303 264 2366 sariam
288 2325 359 2368 esse
381 2325 442 2368 nec
465 2301 505 2367 de
528 2325 567 2367 ea
589 2323 690 2367 novos
712 2312 869 2367 tractatus
892 2302 1106 2368 instituendos
1127 2325 1207 2381 esse,
1231 2302 1347 2390 quibus
1368 2304 1473 2367 exitiis

130 2404 276 2470 concilii
299 2405 495 2472 extrahatur.
518 2426 623 2492 neque
646 2405 731 2470 enim
753 2405 932 2470 verendum
955 2414 1004 2470 est
1025 2404 1099 2470 illos
1122 2403 1381 2470 anathematibus
1405 2407 1472 2493 qui·

129 2505 199 2572 bus
225 2509 264 2573 in
286 2507 349 2574 boc
372 2506 509 2573 concilio
531 2506 690 2572 feriuntur
711 2507 864 2592 dogmata
887 2505 1022 2590 illorum,
1046 2507 1143 2572 valde
1166 2508 1396 2573 exacerbatum
1419 2510 1469 2586 iri,

133 2633 226 2698 quae
251 2609 327 2696 illis,
351 2633 435 2699 quae
458 2619 506 2676 est
527 2609 623 2675 huius
646 2610 767 2676 saeculi
789 2613 995 2696 perversitas,
1017 2611 1117 2675 risum
1132 2611 1240 2699 potius
1260 2633 1357 2699 quam
1372 2610 1472 2677 bilem

132 2713 340 2802 movebunt3
372 2737 448 2780 nam
477 2712 564 2801 quod
593 2713 635 2778 ad
657 2735 717 2778 nos
740 2723 772 2777 et
800 2713 962 2801 principes
991 2713 1184 2802 ordinesque
1206 2715 1332 2801 imperii
1355 2713 1473 2780 caue·

136 2819 267 2902 attinet,
293 2818 400 2882 sciunt
421 2819 540 2883 caeteri
563 2817 618 2904 qui
640 2839 661 2881 a
683 2815 793 2882 catu·
812 2817 967 2903 religione
982 2816 1200 2884 discesserunt
1215 2819 1380 2883 securitati
1395 2839 1472 2883 suae

134 2919 207 2985 iam
233 2923 313 2986 satis
337 2929 468 2987 cautum
499 2929 532 2986 et
561 2929 769 3007 prospectum
796 2943 869 2987 esse
896 2921 935 2986 iis
965 2921 1245 2988 constitutionibus
1275 2921 1366 3008 pacis
1389 2943 1472 3008 quae

133 3024 206 3089 iam
233 3025 358 3091 dudum
380 3025 456 3090 binc
478 3023 552 3090 inde
575 3025 608 3089 in
630 3025 765 3112 imperio
789 3027 869 3090 inita
891 3034 924 3089 et
952 3026 1153 3091 sanctissime
1181 3025 1308 3090 firmata
1333 3025 1403 3089 fuit
1432 3025 1472 3090 de

134 3129 195 3192 via
221 3138 331 3194 autem
353 3149 514 3194 armorum
537 3150 684 3193 noanon
708 3129 929 3194 existimamus
958 3128 1135 3216 quidquam
1162 3129 1196 3192 in
1224 3127 1363 3194 concilio
1389 3136 1472 3193 trac·

135 3239 247 3296 tatum
271 3233 320 3296 iri.
343 3241 375 3297 et
395 3233 503 3318 posito
527 3231 614 3318 quod
635 3230 693 3295 illa
714 3241 957 3320 proponeretur,
981 3253 1033 3296 res
1057 3240 1143 3296 certe
1164 3229 1330 3295 difficilem
1346 3252 1386 3296 ac
1399 3253 1471 3318 pro

136 3332 257 3418 lixam,
279 3337 344 3400 imo
367 3337 465 3401 etiam
487 3333 703 3421 periculosam
725 3335 992 3400 consultationem
1014 3333 1166 3399 habitura
1181 3343 1275 3412 esset,
1299 3355 1372 3399 cum
1394 3333 1472 3400 talia

138 3439 285 3525 negocia
305 3461 370 3504 non
393 3448 546 3503 maneant
568 3445 702 3521 secreta,
727 3439 945 3526 quamutique
967 3439 990 3502 ii
1012 3439 1067 3525 qui
1089 3445 1257 3524 tantopere
1279 3436 1375 3503 finem
1399 3459 1472 3504 con-

139 3541 211 3607 cilii
234 3551 351 3630 urgent
371 3540 520 3607 lubenter
542 3541 652 3608 volent
676 3541 828 3628 effugere.

249 3645 303 3711 Ad
324 3646 406 3712 haec
428 3669 493 3712 non
515 3645 646 3712 videtur
667 3645 760 3712 nobis
783 3643 871 3733 quod
894 3645 934 3711 de
955 3643 1176 3710 abbrevianda
1198 3645 1343 3711 sessione
1364 3644 1407 3710 ad
1427 3644 1471 3712 fe-

141 3761 232 3816 stum
255 3749 287 3816 S.
312 3749 445 3815 Martini
468 3751 591 3816 indicta
613 3749 825 3816 laborandum
848 3750 904 3832 sit,
935 3750 1010 3836 quia
1035 3746 1128 3814 nobis
1158 3749 1252 3814 nimis
1275 3757 1324 3813 est
1344 3747 1470 3834 brevis;

143 3853 333 3920 dubitamus
360 3854 444 3919 enim
463 3877 540 3918 num
563 3877 635 3919 cum
658 3855 697 3918 iis
721 3875 803 3940 quae
825 3875 884 3939 pro
906 3854 1098 3917 necessitate
1119 3873 1290 3938 regnorum
1304 3855 1473 3939 etprovin·

142 3959 267 4022 ciarum
291 3965 476 4022 nostrarum
500 3979 597 4044 super
619 3955 763 4022 articulis
786 3955 1022 4020 reformationis
1044 3954 1255 4041 proponenda
1269 3954 1469 4040 habebimus,

141 4059 181 4126 in
196 4069 339 4147 tempore
361 4061 523 4148 possimus
545 4081 615 4126 esse
630 4061 745 4145 parati,
768 4058 878 4146 itaque
892 4059 1040 4145 cupimus
1056 4067 1091 4122 ut
1105 4057 1288 4124 huiusmodi
1304 4057 1469 4125 abbrevia·

143 4165 266 4230 tionem
289 4163 439 4230 sessionis
461 4185 527 4228 non
550 4165 700 4249 urgeatis.
