3498 5818
335 479 396 542 248

330 684 460 750 quoque
482 663 602 730 relictis
625 665 757 731 sedibus
781 667 846 731 suis
867 666 921 732 vel
944 687 1131 752 comparere
1153 665 1206 731 vel
1228 668 1355 734 mittere
1384 669 1482 733 etiam
1510 689 1577 734 non
1605 690 1669 732 111-

331 765 431 831 deant
454 778 510 832 1111
533 791 588 833 cos
605 768 718 834 saltem
739 771 836 834 nauci
851 770 996 836 homines
1013 769 1056 834 ad
1072 768 1267 835 ebibendum
1282 769 1398 857 plenos
1413 769 1549 856 cyathos
1565 793 1672 857 quam

330 866 464 935 ferenda
485 871 519 934 in
542 871 678 936 concilio
702 871 856 958 suffragia
878 873 1019 958 aptiores
1041 873 1198 936 missuros
1221 895 1304 956 esse,
1329 875 1411 938 11011
1426 876 1506 939 etin
1522 896 1672 939 conven-

330 971 417 1036 tibus
439 971 659 1059 imperialibus
680 974 873 1062 plerumque
894 976 964 1040 fieri
988 974 1116 1040 assolet.
1139 975 1198 1040 ubi
1219 997 1298 1041 vero
1322 975 1504 1058 concilium,
1529 976 1673 1041 absente

332 1095 390 1140 seu
411 1075 560 1161 neglecta
581 1075 782 1142 nobilissima
803 1076 859 1143 illa
882 1100 921 1142 ac
943 1079 1167 1164 potentissima
1187 1081 1318 1143 natione
1333 1087 1453 1162 nostra,
1476 1077 1566 1166 quod
1583 1079 1673 1142 ratio

333 1178 463 1264 quidem
485 1177 603 1263 dictat,
633 1181 763 1246 omnino
786 1201 996 1267 progressum
1017 1179 1139 1245 habere
1168 1179 1296 1258 debeat,
1324 1180 1356 1246 S.
1380 1181 1446 1245 Mu.
1468 1181 1509 1246 V.
1531 1203 1593 1267 pro
1617 1203 1672 1244 sa·

332 1280 533 1367 pientissimo
557 1305 615 1348 suo
637 1282 757 1349 iudicio
780 1305 905 1370 proque
921 1282 1191 1348 Germanicarum
1213 1305 1321 1347 rerum
1344 1305 1409 1370 qua
1430 1282 1531 1369 pollet
1547 1285 1673 1370 peritia

335 1383 489 1470 singulari
519 1384 694 1451 clementer
716 1387 912 1469 consideret,
942 1407 1025 1474 quae
1046 1385 1179 1469 turbae,
1204 1407 1288 1473 quae
1310 1386 1438 1450 11111111
1458 1385 1555 1469 bella,
1580 1409 1673 1474 quae

334 1485 473 1573 denique
502 1488 676 1554 seditiones
707 1511 746 1555 ac
775 1511 848 1554 cum
878 1488 949 1553 aliis
983 1490 1125 1554 externis
1157 1487 1342 1553 nationibus
1377 1497 1410 1553 et
1441 1489 1672 1574 potentatibus

333 1611 437 1675 aeque
459 1589 544 1656 male
567 1613 646 1676 erga
669 1591 839 1657 ecclesiam
862 1591 985 1656 affectis
1008 1593 1264 1676 conspirationes
1285 1593 1531 1656 nocentissimae
1546 1613 1672 1677 expec-

333 1693 453 1757 tandae
476 1693 540 1758 sint
562 1703 595 1758 et
616 1715 715 1781 quam
737 1693 802 1758 levi
825 1703 962 1780 accepta
984 1695 1154 1759 occasione
1177 1693 1349 1759 concilium
1371 1695 1428 1758 vix
1450 1695 1548 1758 etiam
1569 1715 1671 1779 ccep-

333 1803 402 1858 tum
424 1796 457 1859 in
480 1797 604 1860 11111111
627 1807 858 1884 cruentamque
880 1795 1062 1882 tragediam
1085 1798 1174 1861 exire
1197 1805 1304 1883 queat,
1328 1796 1417 1882 quod
1438 1795 1560 1862 malum
1585 1795 1672 1861 deus

336 1919 429 1962 omen
452 1907 587 1964 avertat
611 1909 648 1964 ut
670 1908 778 1964 autem
800 1911 867 1963 tam
889 1898 1072 1985 periculosa
1093 1919 1202 1963 rerum
1229 1899 1363 1964 mutatio
1393 1907 1556 1977 caveatur,
1583 1899 1673 1963 arbi·

340 1999 1084 2089 1111111111011111111111111111111111111
1113 2001 1323 2066 confessionis
1346 1999 1378 2064 S.
1401 1999 1514 2065 11111.
1537 2002 1572 2064 in
1595 2023 1674 2086 pro-

337 2105 434 2168 ximis
459 2107 594 2170 comitiis
617 2105 788 2192 Augustae
818 2103 944 2170 oblatos
972 2115 1005 2168 et
1031 2127 1136 2190 nuper
1162 2127 1205 2169 ex
1233 2113 1394 2170 conventu
1424 2103 1673 2190 Numburgensi

336 2205 443 2271 denuo
465 2209 581 2273 missos
603 2208 751 2294 patribus
774 2209 808 2272 in
837 2206 973 2272 concilio
994 2207 1133 2293 proponi
1161 2227 1273 2293 posse,
1303 2228 1439 2293 quorum
1467 2218 1505 2270 11
1534 2205 1673 2292 quidam

337 2318 411 2372 suut
439 2309 680 2394 absurdissimi,
709 2312 757 2376 sic
787 2309 934 2375 nonnulli
964 2306 1006 2374 ab
1033 2310 1205 2396 aequitatis
1228 2311 1353 2375 ratione
1374 2331 1440 2375 non
1462 2309 1673 2396 usqueadeo

336 2409 446 2482 alieni.
475 2422 512 2477 ut
537 2423 666 2478 11111111
698 2414 837 2499 desuper
864 2411 977 2478 habita
1006 2412 1238 2478 deliberatione
1268 2421 1377 2500 patres
1399 2410 1619 2498 perpendant,
1646 2412 1675 2473 si

337 2535 403 2601 qua
423 2516 509 2580 iusta
530 2516 753 2582 moderatione
776 2515 906 2580 ordines
929 2513 975 2578 illi
996 2515 1030 2579 in
1053 2514 1148 2580 licitis
1172 2514 1285 2580 saltem
1306 2525 1339 2579 et
1358 2515 1502 2580 honestis
1517 2514 1673 2580 exaudiri

336 2619 516 2682 contentari
538 2641 578 2683 ac
600 2620 832 2683 mansuetiores
855 2639 935 2702 erga
960 2616 1131 2682 ecclesiam
1151 2616 1221 2682 fieri
1237 2617 1385 2705 adeoque
1400 2617 1532 2682 tandem
1546 2616 1673 2682 nedum

338 2718 381 2782 ad
403 2720 656 2807 comparendum
679 2721 712 2784 in
734 2719 889 2800 concilio,
924 2719 983 2785 sed
1016 2722 1113 2785 etiam
1146 2719 1252 2785 eidem
1274 2719 1454 2806 parendum
1478 2719 1539 2785 deo
1563 2721 1672 2807 opitu·

335 2820 422 2886 lante
443 2825 626 2909 permoveri
650 2833 792 2910 possent.

438 2924 605 2991 Postremo
628 2947 728 3013 quum
750 2925 783 2990 S.
799 2925 866 2990 ld‘u
882 2923 922 2988 V.
944 2945 1004 3011 pro
1028 2945 1153 2989 summa
1175 2947 1235 2989 sua
1255 2924 1428 3011 prudentia
1449 2924 1550 3011 proch
1575 2925 1672 2991 dolor

336 3026 462 3111 videat,
491 3049 555 3114 quo
583 3028 713 3094 turbato
745 3029 786 3093 sit
816 3037 902 3092 statu
923 3029 1075 3092 universa
1097 3027 1283 3114 respublica
1306 3027 1481 3092 christiana
1503 3049 1672 3114 quamque

337 3151 447 3194 111111
475 3153 540 3196 111
568 3154 652 3220 quae
681 3131 800 3196 Christi
827 3152 890 3195 110
917 3129 1134 3216 reipublicae,
1164 3129 1222 3193 sed
1250 3151 1333 3215 quae
1357 3133 1513 3217 cuiusque
1535 3133 1673 3217 propria

338 3242 414 3297 sunt
435 3243 592 3320 quaerant
614 3244 712 3322 atque
735 3233 817 3299 adeo
839 3232 948 3297 media
962 3231 1098 3316 legitimi
1113 3230 1300 3296 celebrandi
1315 3233 1444 3296 concilii
1457 3233 1570 3318 reique
1585 3232 1673 3298 bene

337 3337 499 3420 gerendae
527 3337 638 3425 utique
666 3336 810 3401 nondum
832 3336 910 3400 satis
934 3335 1061 3421 digesta
1082 3357 1143 3400 nec
1166 3334 1323 3419 disposita
1345 3355 1427 3417 esse,
1450 3345 1487 3400 ut
1508 3333 1604 3399 nobis
1628 3336 1672 3400 fe·

339 3435 433 3502 licem
455 3461 666 3525 progressum
690 3449 722 3502 et
744 3439 866 3504 exitum
889 3438 994 3522 magis
1017 3446 1131 3522 optare
1154 3459 1252 3524 quam
1275 3459 1407 3522 sperare
1434 3435 1543 3520 liceat,
1568 3460 1673 3524 quare

339 3538 371 3603 S.
394 3539 446 3604 Me
468 3542 508 3607 V.
530 3564 590 3627 pro
612 3551 748 3628 paterno
772 3559 916 3604 summae
939 3540 1119 3604 vocationis
1142 3539 1304 3626 officiique
1326 3541 1375 3602 sui
1398 3559 1530 3604 munere
1553 3541 1670 3604 sedulo

338 3643 465 3708 interim
493 3644 701 3728 cogitandum
730 3645 805 3720 1111,
835 3663 901 3729 qua
927 3643 1051 3706 ratione
1079 3640 1238 3728 quibusve
1265 3640 1416 3728 legitimis
1445 3663 1485 3707 ac
1508 3663 1528 3705 a
1549 3645 1671 3728 pietate

340 3744 515 3810 christiana
536 3769 602 3811 non
625 3746 738 3811 alienis
760 3745 884 3827 mediis,
908 3745 1024 3810 infecto
1048 3744 1171 3810 scilicet
1193 3767 1251 3809 seu
1271 3745 1426 3830 impedito
1442 3755 1498 3810 aut
1512 3765 1671 3832 suspenso

338 3846 450 3912 forsan
473 3847 560 3937 quod
584 3849 627 3913 dii
643 3847 836 3935 prohibeant
851 3847 996 3930 concilio,
1020 3849 1128 3931 regnis
1143 3848 1318 3932 provinciis
1335 3857 1367 3911 11
1381 3846 1671 3912 innumerabilibus

340 3950 477 4015 subditis
505 3954 586 4034 suis,
616 3974 682 4017 non
703 3951 809 4015 minus
832 3949 903 4014 aliis
926 3949 1110 4014 nationibus
1133 3949 1306 4015 schismate
1329 3971 1425 4033 aegre
1447 3947 1671 4015 laborantibus

339 4075 388 4136 ac,
412 4053 636 4120 deficientibus
657 4052 852 4140 pastoribus,
875 4053 992 4117 misere
1015 4051 1196 4117 errantibus
1220 4062 1252 4117 et
1272 4051 1485 4138 pereuntibus
1498 4062 1574 4139 post
1590 4054 1669 4118 inte·

340 4177 415 4240 gros
439 4157 569 4222 tandem
593 4155 809 4244 quadraginta
836 4177 939 4219 annos
965 4155 1137 4242 providere
1161 4177 1200 4219 11
1221 4153 1349 4221 illorum
1371 4156 1551 4219 animarum
1574 4153 1671 4218 saluti

340 4279 399 4344 pro
428 4258 546 4346 quibus
575 4258 749 4347 aliquando
779 4243 840 4324 deo
868 4257 1034 4323 reddenda
1062 4258 1124 4323 erit
1150 4257 1233 4322 ratic
1261 4259 1314 4344 pie
1341 4257 1529 4344 prospicere
1551 4254 1670 4337 valeat,

341 4361 403 4426 nisi
431 4362 513 4427 forte
542 4360 622 4426 deus
653 4361 691 4427 Ο.
714 4361 758 4426 Μ.
782 4359 814 4426 S.
838 4360 888 4425 Ml
910 4360 951 4427 V.
980 4370 1105 4424 tantum
1132 4358 1307 4447 aliquando
1336 4360 1394 4424 otii
1422 4367 1454 4424 et
1480 4359 1574 4444 pacis
1598 4381 1669 4424 con-

342 4465 474 4529 cesserit
502 4464 671 4553 eidemque
699 4464 905 4552 inspiraverit
933 4473 971 4528 11
992 4472 1138 4527 extrema
1161 4471 1296 4548 cogente
1318 4461 1511 4526 necessitate
1533 4462 1670 4546 ipsamet

342 4565 478 4631 Romam
506 4568 548 4632 ad
576 4567 686 4632 limina
708 4566 927 4653 apostolorum
948 4564 1172 4650 proficiscatur
1193 4563 1304 4650 ibique
1325 4584 1386 4649 pro
1409 4561 1511 4627 divini
1532 4563 1670 4627 nominis

342 4666 447 4754 gloria
468 4692 506 4734 ac
529 4669 668 4736 afflictae
691 4669 847 4736 ecclesiae
869 4669 1031 4754 totiusque
1054 4665 1254 4753 reipublicae
1269 4664 1465 4731 christianae
1481 4663 1585 4728 salute
1604 4683 1668 4727 rem

342 4773 376 4835 in
391 4773 578 4836 universum
593 4793 722 4838 omnem
737 4771 829 4837 brevi
844 4793 942 4835 manu
958 4768 1094 4834 feliciter
1107 4770 1257 4833 restituat
1271 4790 1311 4832 11
1326 4776 1445 4832 cuncta
1458 4767 1492 4830 in
1506 4764 1668 4832 meliorem

344 4874 489 4939 ordinem
510 4874 646 4959 redigat,
670 4873 769 4960 idque
792 4874 890 4938 etiam
911 4870 1060 4957 exemplo
1073 4869 1277 4936 Constantini
1299 4870 1409 4956 magni
1432 4877 1465 4934 et
1486 4866 1667 4947 Theodosii,

343 4979 484 5042 maxime
506 4999 583 5042 vero
606 4977 808 5064 imperatoris
830 4976 964 5040 Hemici
974 4973 1036 5056 111,
1059 4975 1114 5060 qui
1137 4983 1211 5038 ante
1230 4973 1425 5060 quingentos
1439 4970 1554 5056 viginti
1570 4989 1667 5034 annos
