<?xml version="1.0" encoding="UTF-8"?>
<!DOCTYPE html PUBLIC "-//W3C//DTD XHTML 1.0 Transitional//EN"
    "http://www.w3.org/TR/xhtml1/DTD/xhtml1-transitional.dtd">
<html xmlns="http://www.w3.org/1999/xhtml" xml:lang="en" lang="en">
 <head>
  <title>
</title>
<meta http-equiv="Content-Type" content="text/html;charset=utf-8" />
  <meta name='ocr-system' content='tesseract 3.04.00' />
  <meta name='ocr-capabilities' content='ocr_page ocr_carea ocr_par ocr_line ocrx_word'/>
</head>
<body>
  <div class='ocr_page' id='page_1' title='image "./zurgeschichtede00unkngoog/zurgeschichtede00unkngoog_0379.png"; bbox 0 0 3450 5818; ppageno 0'>
   <div class='ocr_carea' id='block_1_1' title="bbox 353 538 416 602">
    <p class='ocr_par' dir='ltr' id='par_1_1' title="bbox 353 538 416 602">
     <span class='ocr_line' id='line_1_1' title="bbox 353 538 416 602; baseline -0.016 0"><span class='ocrx_word' id='word_1_1' title='bbox 353 538 416 602; x_wconf 80' lang='lat' dir='ltr'><strong>tte</strong></span> 
     </span>
    </p>
   </div>
   <div class='ocr_carea' id='block_1_2' title="bbox 351 719 1693 1845">
    <p class='ocr_par' dir='ltr' id='par_1_2' title="bbox 352 719 1691 997">
     <span class='ocr_line' id='line_1_2' title="bbox 352 719 1691 814; baseline -0.004 -23"><span class='ocrx_word' id='word_1_2' title='bbox 352 726 459 791; x_wconf 86' lang='lat' dir='ltr'><strong>visum</strong></span> <span class='ocrx_word' id='word_1_3' title='bbox 480 725 576 790; x_wconf 81' lang='lat' dir='ltr'><strong>fuerit</strong></span> <span class='ocrx_word' id='word_1_4' title='bbox 602 721 749 810; x_wconf 87' lang='lat' dir='ltr'><strong>patribus</strong></span> <span class='ocrx_word' id='word_1_5' title='bbox 779 721 907 790; x_wconf 87' lang='lat' dir='ltr'><strong>concilii</strong></span> <span class='ocrx_word' id='word_1_6' title='bbox 937 723 1144 792; x_wconf 84' lang='lat' dir='ltr'><strong>scribendum</strong></span> <span class='ocrx_word' id='word_1_7' title='bbox 1175 749 1260 810; x_wconf 85' lang='lat' dir='ltr'><strong>esse,</strong></span> <span class='ocrx_word' id='word_1_8' title='bbox 1287 724 1324 790; x_wconf 87' lang='lat' dir='ltr'><strong>id</strong></span> <span class='ocrx_word' id='word_1_9' title='bbox 1357 723 1600 814; x_wconf 74' lang='lat' dir='ltr'><strong>quamprimum</strong></span> <span class='ocrx_word' id='word_1_10' title='bbox 1622 719 1691 786; x_wconf 84' lang='lat' dir='ltr'><strong>fieri</strong></span> 
     </span>
     <span class='ocr_line' id='line_1_3' title="bbox 353 823 1691 916; baseline -0.003 -24"><span class='ocrx_word' id='word_1_11' title='bbox 353 835 525 915; x_wconf 79' lang='lat' dir='ltr'><strong>oporteret,</strong></span> <span class='ocrx_word' id='word_1_12' title='bbox 547 837 584 893; x_wconf 93' lang='lat' dir='ltr'><strong>ut</strong></span> <span class='ocrx_word' id='word_1_13' title='bbox 604 829 639 892; x_wconf 91' lang='lat' dir='ltr'><strong>in</strong></span> <span class='ocrx_word' id='word_1_14' title='bbox 659 835 813 916; x_wconf 88' lang='lat' dir='ltr'><strong>tempore,</strong></span> <span class='ocrx_word' id='word_1_15' title='bbox 836 827 898 893; x_wconf 91' lang='lat' dir='ltr'><strong>hoc</strong></span> <span class='ocrx_word' id='word_1_16' title='bbox 921 837 971 893; x_wconf 86' lang='lat' dir='ltr'><strong>est</strong></span> <span class='ocrx_word' id='word_1_17' title='bbox 991 830 1026 894; x_wconf 91' lang='lat' dir='ltr'><strong>in</strong></span> <span class='ocrx_word' id='word_1_18' title='bbox 1039 829 1080 896; x_wconf 79' lang='lat'><strong>16</strong></span> <span class='ocrx_word' id='word_1_19' title='bbox 1102 839 1159 896; x_wconf 84' lang='lat' dir='ltr'><strong>out</strong></span> <span class='ocrx_word' id='word_1_20' title='bbox 1175 831 1215 896; x_wconf 89' lang='lat'><strong>16</strong></span> <span class='ocrx_word' id='word_1_21' title='bbox 1230 829 1356 895; x_wconf 83' lang='lat' dir='ltr'><strong>dierum</strong></span> <span class='ocrx_word' id='word_1_22' title='bbox 1374 829 1495 915; x_wconf 81' lang='lat' dir='ltr'><strong>specio,</strong></span> <span class='ocrx_word' id='word_1_23' title='bbox 1511 826 1576 894; x_wconf 57' lang='lat' dir='ltr'><strong>ll*</strong></span> <span class='ocrx_word' id='word_1_24' title='bbox 1594 825 1640 892; x_wconf 90' lang='lat' dir='ltr'><strong>V.</strong></span> <span class='ocrx_word' id='word_1_25' title='bbox 1660 823 1691 889; x_wconf 91' lang='lat' dir='ltr'><strong>S.</strong></span> 
     </span>
     <span class='ocr_line' id='line_1_4' title="bbox 355 929 705 997; baseline -0.006 0"><span class='ocrx_word' id='word_1_26' title='bbox 355 931 468 997; x_wconf 78' lang='lat' dir='ltr'><strong>literae</strong></span> <span class='ocrx_word' id='word_1_27' title='bbox 495 929 705 996; x_wconf 76' lang='lat' dir='ltr'><strong>adferrentur.</strong></span> 
     </span>
    </p>

    <p class='ocr_par' dir='ltr' id='par_1_3' title="bbox 351 1033 1693 1845">
     <span class='ocr_line' id='line_1_5' title="bbox 454 1033 1693 1124; baseline -0.003 -24"><span class='ocrx_word' id='word_1_28' title='bbox 454 1033 678 1100; x_wconf 72' lang='lat' dir='ltr'><strong>Intelleximus</strong></span> <span class='ocrx_word' id='word_1_29' title='bbox 707 1057 767 1100; x_wconf 87' lang='lat' dir='ltr'><strong>noe</strong></span> <span class='ocrx_word' id='word_1_30' title='bbox 791 1033 920 1121; x_wconf 88' lang='lat' dir='ltr'><strong>quidem</strong></span> <span class='ocrx_word' id='word_1_31' title='bbox 941 1035 1019 1100; x_wconf 67' lang='lat' dir='ltr'><strong>Mun</strong></span> <span class='ocrx_word' id='word_1_32' title='bbox 1040 1035 1080 1102; x_wconf 87' lang='lat' dir='ltr'><strong>V.</strong></span> <span class='ocrx_word' id='word_1_33' title='bbox 1104 1034 1137 1102; x_wconf 89' lang='lat' dir='ltr'><strong>S.</strong></span> <span class='ocrx_word' id='word_1_34' title='bbox 1160 1035 1404 1124; x_wconf 83' lang='lat' dir='ltr'><strong>archiepiscopo</strong></span> <span class='ocrx_word' id='word_1_35' title='bbox 1436 1033 1598 1120; x_wconf 77' lang='lat' dir='ltr'><strong>Ptagensi</strong></span> <span class='ocrx_word' id='word_1_36' title='bbox 1622 1055 1693 1119; x_wconf 81' lang='lat' dir='ltr'><strong>per</strong></span> 
     </span>
     <span class='ocr_line' id='line_1_6' title="bbox 352 1131 1693 1222; baseline -0.004 -18"><span class='ocrx_word' id='word_1_37' title='bbox 352 1139 479 1204; x_wconf 77' lang='lat' dir='ltr'><strong>misisse</strong></span> <span class='ocrx_word' id='word_1_38' title='bbox 494 1147 532 1204; x_wconf 89' lang='lat' dir='ltr'><strong>ut</strong></span> <span class='ocrx_word' id='word_1_39' title='bbox 546 1161 604 1206; x_wconf 88' lang='lat' dir='ltr'><strong>suo</strong></span> <span class='ocrx_word' id='word_1_40' title='bbox 621 1137 754 1204; x_wconf 82' lang='lat' dir='ltr'><strong>arbitrio</strong></span> <span class='ocrx_word' id='word_1_41' title='bbox 769 1147 922 1222; x_wconf 86' lang='lat' dir='ltr'><strong>uteretur,</strong></span> <span class='ocrx_word' id='word_1_42' title='bbox 938 1137 1076 1204; x_wconf 86' lang='lat' dir='ltr'><strong>velletne</strong></span> <span class='ocrx_word' id='word_1_43' title='bbox 1087 1138 1151 1204; x_wconf 90' lang='lat' dir='ltr'><strong>buc</strong></span> <span class='ocrx_word' id='word_1_44' title='bbox 1162 1148 1252 1206; x_wconf 84' lang='lat' dir='ltr'><strong>recta</strong></span> <span class='ocrx_word' id='word_1_45' title='bbox 1267 1141 1378 1204; x_wconf 85' lang='lat' dir='ltr'><strong>venire</strong></span> <span class='ocrx_word' id='word_1_46' title='bbox 1390 1159 1432 1203; x_wconf 85' lang='lat' dir='ltr'><strong>an</strong></span> <span class='ocrx_word' id='word_1_47' title='bbox 1448 1136 1491 1202; x_wconf 80' lang='lat' dir='ltr'><strong>ad</strong></span> <span class='ocrx_word' id='word_1_48' title='bbox 1505 1137 1586 1202; x_wconf 69' lang='lat' dir='ltr'><strong>M*-</strong></span> <span class='ocrx_word' id='word_1_49' title='bbox 1602 1133 1647 1199; x_wconf 91' lang='lat' dir='ltr'><strong>V.</strong></span> <span class='ocrx_word' id='word_1_50' title='bbox 1661 1131 1693 1198; x_wconf 82' lang='lat' dir='ltr'><strong>S.</strong></span> 
     </span>
     <span class='ocr_line' id='line_1_7' title="bbox 351 1239 1692 1330; baseline -0.004 -24"><span class='ocrx_word' id='word_1_51' title='bbox 351 1244 479 1308; x_wconf 87' lang='lat' dir='ltr'><strong>reverti.</strong></span> <span class='ocrx_word' id='word_1_52' title='bbox 509 1242 569 1307; x_wconf 87' lang='lat' dir='ltr'><strong>sed</strong></span> <span class='ocrx_word' id='word_1_53' title='bbox 590 1251 699 1308; x_wconf 89' lang='lat' dir='ltr'><strong>tamen</strong></span> <span class='ocrx_word' id='word_1_54' title='bbox 720 1242 827 1306; x_wconf 81' lang='lat' dir='ltr'><strong>fecere</strong></span> <span class='ocrx_word' id='word_1_55' title='bbox 853 1261 919 1310; x_wconf 89' lang='lat' dir='ltr'><strong>non</strong></span> <span class='ocrx_word' id='word_1_56' title='bbox 941 1262 1113 1328; x_wconf 78' lang='lat' dir='ltr'><strong>possumus</strong></span> <span class='ocrx_word' id='word_1_57' title='bbox 1146 1243 1223 1330; x_wconf 90' lang='lat' dir='ltr'><strong>quin</strong></span> <span class='ocrx_word' id='word_1_58' title='bbox 1245 1240 1411 1307; x_wconf 90' lang='lat' dir='ltr'><strong>humilime</strong></span> <span class='ocrx_word' id='word_1_59' title='bbox 1445 1240 1597 1306; x_wconf 86' lang='lat' dir='ltr'><strong>dicamus</strong></span> <span class='ocrx_word' id='word_1_60' title='bbox 1623 1239 1692 1302; x_wconf 82' lang='lat' dir='ltr'><strong>eius</strong></span> 
     </span>
     <span class='ocr_line' id='line_1_8' title="bbox 353 1343 1692 1434; baseline -0.004 -24"><span class='ocrx_word' id='word_1_61' title='bbox 353 1344 533 1412; x_wconf 81' lang='lat' dir='ltr'><strong>absentium</strong></span> <span class='ocrx_word' id='word_1_62' title='bbox 555 1345 605 1410; x_wconf 90' lang='lat' dir='ltr'><strong>bis</strong></span> <span class='ocrx_word' id='word_1_63' title='bbox 619 1343 817 1434; x_wconf 87' lang='lat' dir='ltr'><strong>temporibus</strong></span> <span class='ocrx_word' id='word_1_64' title='bbox 834 1343 931 1410; x_wconf 86' lang='lat' dir='ltr'><strong>velde</strong></span> <span class='ocrx_word' id='word_1_65' title='bbox 946 1343 1183 1411; x_wconf 76' lang='lat' dir='ltr'><strong>incommodam</strong></span> <span class='ocrx_word' id='word_1_66' title='bbox 1199 1353 1230 1410; x_wconf 94' lang='lat' dir='ltr'><strong>et</strong></span> <span class='ocrx_word' id='word_1_67' title='bbox 1250 1343 1350 1410; x_wconf 74' lang='lat' dir='ltr'><strong>fuisse</strong></span> <span class='ocrx_word' id='word_1_68' title='bbox 1367 1351 1400 1409; x_wconf 92' lang='lat' dir='ltr'><strong>et</strong></span> <span class='ocrx_word' id='word_1_69' title='bbox 1414 1365 1486 1408; x_wconf 85' lang='lat' dir='ltr'><strong>esse</strong></span> <span class='ocrx_word' id='word_1_70' title='bbox 1501 1343 1692 1422; x_wconf 80' lang='lat' dir='ltr'><strong>etiamnum,</strong></span> 
     </span>
     <span class='ocr_line' id='line_1_9' title="bbox 352 1443 1691 1536; baseline -0.003 -24"><span class='ocrx_word' id='word_1_71' title='bbox 352 1449 543 1536; x_wconf 85' lang='lat' dir='ltr'><strong>praesertim</strong></span> <span class='ocrx_word' id='word_1_72' title='bbox 571 1471 645 1514; x_wconf 90' lang='lat' dir='ltr'><strong>oum</strong></span> <span class='ocrx_word' id='word_1_73' title='bbox 667 1447 776 1514; x_wconf 83' lang='lat' dir='ltr'><strong>culicis</strong></span> <span class='ocrx_word' id='word_1_74' title='bbox 805 1447 971 1513; x_wconf 85' lang='lat' dir='ltr'><strong>concessio</strong></span> <span class='ocrx_word' id='word_1_75' title='bbox 1005 1449 1172 1535; x_wconf 91' lang='lat' dir='ltr'><strong>inprimis</strong></span> <span class='ocrx_word' id='word_1_76' title='bbox 1195 1448 1371 1514; x_wconf 80' lang='lat' dir='ltr'><strong>autetiam</strong></span> <span class='ocrx_word' id='word_1_77' title='bbox 1401 1467 1481 1534; x_wconf 81' lang='lat' dir='ltr'><strong>pree</strong></span> <span class='ocrx_word' id='word_1_78' title='bbox 1503 1447 1626 1511; x_wconf 86' lang='lat' dir='ltr'><strong>ceteris</strong></span> <span class='ocrx_word' id='word_1_79' title='bbox 1651 1443 1691 1508; x_wconf 85' lang='lat' dir='ltr'><strong>ad</strong></span> 
     </span>
     <span class='ocr_line' id='line_1_10' title="bbox 352 1547 1690 1639; baseline -0.002 -25"><span class='ocrx_word' id='word_1_80' title='bbox 352 1553 454 1639; x_wconf 87' lang='lat' dir='ltr'><strong>ipsius</strong></span> <span class='ocrx_word' id='word_1_81' title='bbox 478 1574 590 1618; x_wconf 86' lang='lat' dir='ltr'><strong>curam</strong></span> <span class='ocrx_word' id='word_1_82' title='bbox 611 1553 772 1638; x_wconf 88' lang='lat' dir='ltr'><strong>pertinere</strong></span> <span class='ocrx_word' id='word_1_83' title='bbox 794 1550 955 1634; x_wconf 82' lang='lat' dir='ltr'><strong>videatur,</strong></span> <span class='ocrx_word' id='word_1_84' title='bbox 978 1573 1018 1616; x_wconf 87' lang='lat' dir='ltr'><strong>sc</strong></span> <span class='ocrx_word' id='word_1_85' title='bbox 1041 1551 1190 1638; x_wconf 85' lang='lat' dir='ltr'><strong>quemvis</strong></span> <span class='ocrx_word' id='word_1_86' title='bbox 1212 1571 1278 1616; x_wconf 90' lang='lat' dir='ltr'><strong>non</strong></span> <span class='ocrx_word' id='word_1_87' title='bbox 1299 1550 1363 1615; x_wconf 93' lang='lat' dir='ltr'><strong>nisi</strong></span> <span class='ocrx_word' id='word_1_88' title='bbox 1385 1549 1488 1614; x_wconf 88' lang='lat' dir='ltr'><strong>tribus</strong></span> <span class='ocrx_word' id='word_1_89' title='bbox 1511 1547 1690 1614; x_wconf 84' lang='lat' dir='ltr'><strong>bebdoma-</strong></span> 
     </span>
     <span class='ocr_line' id='line_1_11' title="bbox 353 1649 1689 1743; baseline -0.003 -25"><span class='ocrx_word' id='word_1_90' title='bbox 353 1651 449 1719; x_wconf 90' lang='lat' dir='ltr'><strong>dibus</strong></span> <span class='ocrx_word' id='word_1_91' title='bbox 470 1655 525 1721; x_wconf 90' lang='lat' dir='ltr'><strong>hic</strong></span> <span class='ocrx_word' id='word_1_92' title='bbox 549 1657 579 1721; x_wconf 89' lang='lat' dir='ltr'><strong>ei</strong></span> <span class='ocrx_word' id='word_1_93' title='bbox 602 1656 718 1721; x_wconf 84' lang='lat' dir='ltr'><strong>adesse</strong></span> <span class='ocrx_word' id='word_1_94' title='bbox 739 1653 860 1736; x_wconf 85' lang='lat' dir='ltr'><strong>liceret,</strong></span> <span class='ocrx_word' id='word_1_95' title='bbox 887 1664 995 1720; x_wconf 86' lang='lat' dir='ltr'><strong>tamen</strong></span> <span class='ocrx_word' id='word_1_96' title='bbox 1017 1653 1080 1719; x_wconf 89' lang='lat' dir='ltr'><strong>boc</strong></span> <span class='ocrx_word' id='word_1_97' title='bbox 1101 1657 1256 1743; x_wconf 89' lang='lat' dir='ltr'><strong>temporis</strong></span> <span class='ocrx_word' id='word_1_98' title='bbox 1284 1654 1396 1741; x_wconf 86' lang='lat' dir='ltr'><strong>spacio</strong></span> <span class='ocrx_word' id='word_1_99' title='bbox 1419 1649 1596 1740; x_wconf 89' lang='lat' dir='ltr'><strong>plurimum</strong></span> <span class='ocrx_word' id='word_1_100' title='bbox 1622 1651 1689 1716; x_wconf 85' lang='lat' dir='ltr'><strong>offi-</strong></span> 
     </span>
     <span class='ocr_line' id='line_1_12' title="bbox 355 1766 637 1845; baseline 0 -23"><span class='ocrx_word' id='word_1_101' title='bbox 355 1778 428 1822; x_wconf 89' lang='lat' dir='ltr'><strong>cere</strong></span> <span class='ocrx_word' id='word_1_102' title='bbox 453 1766 563 1845; x_wconf 85' lang='lat' dir='ltr'><strong>posset</strong></span> <span class='ocrx_word' id='word_1_103' title='bbox 579 1807 587 1823; x_wconf 89' lang='lat'><strong>.</strong></span> <span class='ocrx_word' id='word_1_104' title='bbox 603 1807 611 1824; x_wconf 88' lang='lat'><strong>.</strong></span> <span class='ocrx_word' id='word_1_105' title='bbox 629 1807 637 1822; x_wconf 94' lang='lat'><strong>.</strong></span> 
     </span>
    </p>
   </div>
   <div class='ocr_carea' id='block_1_3' title="bbox 407 1961 1690 2377">
    <p class='ocr_par' dir='ltr' id='par_1_4' title="bbox 407 1961 1690 2377">
     <span class='ocr_line' id='line_1_13' title="bbox 489 1961 1687 2030; baseline -0.005 -13"><span class='ocrx_word' id='word_1_106' title='bbox 489 1963 672 2017; x_wconf 76' lang='lat' dir='ltr'><strong>Naoheehrit&#39;tc</strong></span> <span class='ocrx_word' id='word_1_107' title='bbox 691 1965 768 2016; x_wconf 80' lang='lat' dir='ltr'><strong>Eben</strong></span> <span class='ocrx_word' id='word_1_108' title='bbox 786 1963 856 2016; x_wconf 81' lang='lat' dir='ltr'><strong>lasse</strong></span> <span class='ocrx_word' id='word_1_109' title='bbox 874 1963 921 2014; x_wconf 84' lang='lat' dir='ltr'><strong>der</strong></span> <span class='ocrx_word' id='word_1_110' title='bbox 939 1963 968 2015; x_wconf 82' lang='lat'><strong>0.</strong></span> <span class='ocrx_word' id='word_1_111' title='bbox 986 1979 1040 2016; x_wconf 82' lang='lat' dir='ltr'><strong>ron</strong></span> <span class='ocrx_word' id='word_1_112' title='bbox 1057 1965 1169 2016; x_wconf 75' lang='lat' dir='ltr'><strong>Mentis</strong></span> <span class='ocrx_word' id='word_1_113' title='bbox 1186 1963 1269 2016; x_wconf 80' lang='lat' dir='ltr'><strong>durch</strong></span> <span class='ocrx_word' id='word_1_114' title='bbox 1281 1967 1372 2016; x_wconf 76' lang='lat' dir='ltr'><strong>seium</strong></span> <span class='ocrx_word' id='word_1_115' title='bbox 1385 1963 1508 2016; x_wconf 73' lang='lat' dir='ltr'><strong>Secrettr</strong></span> <span class='ocrx_word' id='word_1_116' title='bbox 1519 1977 1612 2030; x_wconf 67' lang='lat' dir='ltr'><strong>sapen,</strong></span> <span class='ocrx_word' id='word_1_117' title='bbox 1626 1961 1687 2011; x_wconf 74' lang='lat' dir='ltr'><strong>dnn</strong></span> 
     </span>
     <span class='ocr_line' id='line_1_14' title="bbox 421 2049 1690 2113; baseline -0.002 -11"><span class='ocrx_word' id='word_1_118' title='bbox 421 2068 451 2102; x_wconf 92' lang='lat' dir='ltr'><strong>er</strong></span> <span class='ocrx_word' id='word_1_119' title='bbox 466 2053 494 2104; x_wconf 87' lang='lat' dir='ltr'><strong>in</strong></span> <span class='ocrx_word' id='word_1_120' title='bbox 519 2051 611 2104; x_wconf 84' lang='lat' dir='ltr'><strong>Trient</strong></span> <span class='ocrx_word' id='word_1_121' title='bbox 636 2051 743 2102; x_wconf 86' lang='lat' dir='ltr'><strong>hleiben</strong></span> <span class='ocrx_word' id='word_1_122' title='bbox 770 2051 858 2102; x_wconf 81' lang='lat' dir='ltr'><strong>werde</strong></span> <span class='ocrx_word' id='word_1_123' title='bbox 875 2051 931 2102; x_wconf 81' lang='lat' dir='ltr'><strong>und</strong></span> <span class='ocrx_word' id='word_1_124' title='bbox 958 2049 1019 2102; x_wconf 76' lang='lat' dir='ltr'><strong>dass</strong></span> <span class='ocrx_word' id='word_1_125' title='bbox 1046 2067 1075 2103; x_wconf 85' lang='lat' dir='ltr'><strong>er</strong></span> <span class='ocrx_word' id='word_1_126' title='bbox 1100 2054 1128 2104; x_wconf 90' lang='lat' dir='ltr'><strong>in</strong></span> <span class='ocrx_word' id='word_1_127' title='bbox 1155 2051 1260 2104; x_wconf 77' lang='lat' dir='ltr'><strong>Sacben</strong></span> <span class='ocrx_word' id='word_1_128' title='bbox 1283 2051 1330 2103; x_wconf 84' lang='lat' dir='ltr'><strong>des</strong></span> <span class='ocrx_word' id='word_1_129' title='bbox 1353 2051 1452 2104; x_wconf 81' lang='lat' dir='ltr'><strong>Kelcbs</strong></span> <span class='ocrx_word' id='word_1_130' title='bbox 1475 2066 1510 2102; x_wconf 79' lang='lat' dir='ltr'><strong>an</strong></span> <span class='ocrx_word' id='word_1_131' title='bbox 1534 2049 1585 2100; x_wconf 84' lang='lat' dir='ltr'><strong>den</strong></span> <span class='ocrx_word' id='word_1_132' title='bbox 1613 2049 1690 2113; x_wconf 72' lang='lat' dir='ltr'><strong>repe</strong></span> 
     </span>
     <span class='ocr_line' id='line_1_15' title="bbox 407 2133 1688 2204; baseline -0.005 -14"><span class='ocrx_word' id='word_1_133' title='bbox 407 2138 563 2202; x_wconf 82' lang='lat' dir='ltr'><strong>¹schreiben</strong></span> <span class='ocrx_word' id='word_1_134' title='bbox 580 2137 674 2197; x_wconf 82' lang='lat' dir='ltr'><strong>wolle;</strong></span> <span class='ocrx_word' id='word_1_135' title='bbox 702 2137 867 2204; x_wconf 72' lang='lat' dir='ltr'><strong>perlegitque</strong></span> <span class='ocrx_word' id='word_1_136' title='bbox 893 2137 964 2188; x_wconf 81' lang='lat' dir='ltr'><strong>idem</strong></span> <span class='ocrx_word' id='word_1_137' title='bbox 990 2139 1149 2190; x_wconf 73' lang='lat' dir='ltr'><strong>secretarius</strong></span> <span class='ocrx_word' id='word_1_138' title='bbox 1175 2153 1266 2190; x_wconf 77' lang='lat' dir='ltr'><strong>eoram</strong></span> <span class='ocrx_word' id='word_1_139' title='bbox 1292 2137 1442 2190; x_wconf 78' lang='lat' dir='ltr'><strong>molitores</strong></span> <span class='ocrx_word' id='word_1_140' title='bbox 1459 2137 1495 2188; x_wconf 83' lang='lat' dir='ltr'><strong>ad</strong></span> <span class='ocrx_word' id='word_1_141' title='bbox 1513 2136 1585 2187; x_wconf 60' lang='grc' dir='ltr'><strong>ΒΜ</strong></span> <span class='ocrx_word' id='word_1_142' title='bbox 1606 2137 1642 2188; x_wconf 88' lang='lat' dir='ltr'><strong>D.</strong></span> <span class='ocrx_word' id='word_1_143' title='bbox 1660 2133 1688 2182; x_wconf 75' lang='lat' dir='ltr'><strong>n.</strong></span> 
     </span>
     <span class='ocr_line' id='line_1_16' title="bbox 423 2223 1686 2292; baseline -0.002 -17"><span class='ocrx_word' id='word_1_144' title='bbox 423 2225 514 2277; x_wconf 84' lang='lat' dir='ltr'><strong>itslies</strong></span> <span class='ocrx_word' id='word_1_145' title='bbox 531 2225 652 2290; x_wconf 81' lang='lat' dir='ltr'><strong>scriptas,</strong></span> <span class='ocrx_word' id='word_1_146' title='bbox 670 2239 738 2290; x_wconf 76' lang='lat' dir='ltr'><strong>quae</strong></span> <span class='ocrx_word' id='word_1_147' title='bbox 755 2229 826 2274; x_wconf 85' lang='lat' dir='ltr'><strong>certe</strong></span> <span class='ocrx_word' id='word_1_148' title='bbox 839 2239 899 2276; x_wconf 92' lang='lat' dir='ltr'><strong>cum</strong></span> <span class='ocrx_word' id='word_1_149' title='bbox 910 2238 1007 2290; x_wconf 70' lang='lat' dir='ltr'><strong>magno</strong></span> <span class='ocrx_word' id='word_1_150' title='bbox 1018 2224 1077 2276; x_wconf 78' lang='lat' dir='ltr'><strong>zelo</strong></span> <span class='ocrx_word' id='word_1_151' title='bbox 1087 2224 1200 2276; x_wconf 83' lang='lat' dir='ltr'><strong>etralde</strong></span> <span class='ocrx_word' id='word_1_152' title='bbox 1209 2225 1376 2292; x_wconf 78' lang='lat' dir='ltr'><strong>persuasorie</strong></span> <span class='ocrx_word' id='word_1_153' title='bbox 1385 2224 1499 2290; x_wconf 67' lang='lat' dir='ltr'><strong>scriptus</strong></span> <span class='ocrx_word' id='word_1_154' title='bbox 1508 2227 1577 2274; x_wconf 83' lang='lat' dir='ltr'><strong>sunt.</strong></span> <span class='ocrx_word' id='word_1_155' title='bbox 1587 2223 1686 2272; x_wconf 80' lang='lat' dir='ltr'><strong>utinam</strong></span> 
     </span>
     <span class='ocr_line' id='line_1_17' title="bbox 422 2309 1688 2377; baseline -0.006 -15"><span class='ocrx_word' id='word_1_156' title='bbox 422 2317 511 2363; x_wconf 82' lang='lat' dir='ltr'><strong>autem</strong></span> <span class='ocrx_word' id='word_1_157' title='bbox 528 2309 573 2362; x_wconf 81' lang='lat' dir='ltr'><strong>alii</strong></span> <span class='ocrx_word' id='word_1_158' title='bbox 600 2326 706 2377; x_wconf 88' lang='lat' dir='ltr'><strong>quoque</strong></span> <span class='ocrx_word' id='word_1_159' title='bbox 723 2310 804 2377; x_wconf 74' lang='lat' dir='ltr'><strong>legati</strong></span> <span class='ocrx_word' id='word_1_160' title='bbox 827 2309 898 2362; x_wconf 86' lang='lat' dir='ltr'><strong>idem</strong></span> <span class='ocrx_word' id='word_1_161' title='bbox 915 2309 1033 2362; x_wconf 78' lang='lat' dir='ltr'><strong>officium</strong></span> <span class='ocrx_word' id='word_1_162' title='bbox 1050 2315 1194 2376; x_wconf 80' lang='lat' dir='ltr'><strong>praestent,</strong></span> <span class='ocrx_word' id='word_1_163' title='bbox 1214 2310 1286 2376; x_wconf 85' lang='lat' dir='ltr'><strong>quod</strong></span> <span class='ocrx_word' id='word_1_164' title='bbox 1305 2325 1334 2362; x_wconf 85' lang='lat' dir='ltr'><strong>ee</strong></span> <span class='ocrx_word' id='word_1_165' title='bbox 1352 2309 1470 2361; x_wconf 82' lang='lat' dir='ltr'><strong>facturos</strong></span> <span class='ocrx_word' id='word_1_166' title='bbox 1488 2309 1599 2376; x_wconf 83' lang='lat' dir='ltr'><strong>polliciti</strong></span> <span class='ocrx_word' id='word_1_167' title='bbox 1625 2309 1688 2358; x_wconf 71' lang='lat' dir='ltr'><strong>arnt</strong></span> 
     </span>
    </p>
   </div>
   <div class='ocr_carea' id='block_1_4' title="bbox 936 2719 1109 2808">
    <p class='ocr_par' dir='ltr' id='par_1_5' title="bbox 936 2719 1109 2808">
     <span class='ocr_line' id='line_1_18' title="bbox 936 2719 1109 2808; baseline -0.012 0"><span class='ocrx_word' id='word_1_168' title='bbox 936 2719 1109 2808; x_wconf 84' lang='lat' dir='ltr'>OXOV.</span> 
     </span>
    </p>
   </div>
   <div class='ocr_carea' id='block_1_5' title="bbox 664 2935 1381 3160">
    <p class='ocr_par' dir='ltr' id='par_1_6' title="bbox 664 2935 1381 3160">
     <span class='ocr_line' id='line_1_19' title="bbox 664 2935 1381 3032; baseline 0 -18"><span class='ocrx_word' id='word_1_169' title='bbox 664 2935 818 3016; x_wconf 84' lang='lat' dir='ltr'><strong>Ottevto</strong></span> <span class='ocrx_word' id='word_1_170' title='bbox 846 2939 961 3016; x_wconf 78' lang='lat' dir='ltr'><strong>Laodi</strong></span> <span class='ocrx_word' id='word_1_171' title='bbox 994 2961 1041 3016; x_wconf 83' lang='lat' dir='ltr'><strong>cn</strong></span> <span class='ocrx_word' id='word_1_172' title='bbox 1071 2939 1110 3016; x_wconf 85' lang='grc' dir='ltr'><strong>Κ.</strong></span> <span class='ocrx_word' id='word_1_173' title='bbox 1139 2939 1381 3032; x_wconf 67' lang='lat' dir='ltr'><strong>Maximillam</strong></span> 
     </span>
     <span class='ocr_line' id='line_1_20' title="bbox 703 3091 1341 3160; baseline 0 -14"><span class='ocrx_word' id='word_1_174' title='bbox 703 3093 849 3159; x_wconf 67' lang='lat' dir='ltr'><strong>Hadrid,</strong></span> <span class='ocrx_word' id='word_1_175' title='bbox 866 3091 940 3144; x_wconf 87' lang='lat' dir='ltr'><strong>Juli</strong></span> <span class='ocrx_word' id='word_1_176' title='bbox 957 3093 1010 3146; x_wconf 85' lang='lat' dir='ltr'><strong>bis</strong></span> <span class='ocrx_word' id='word_1_177' title='bbox 1028 3091 1230 3160; x_wconf 78' lang='lat' dir='ltr'><strong>September</strong></span> <span class='ocrx_word' id='word_1_178' title='bbox 1247 3093 1341 3146; x_wconf 80' lang='lat' dir='ltr'><strong>teet.</strong></span> 
     </span>
    </p>
   </div>
   <div class='ocr_carea' id='block_1_6' title="bbox 849 3274 1194 3350">
    <p class='ocr_par' dir='ltr' id='par_1_7' title="bbox 849 3274 1194 3350">
     <span class='ocr_line' id='line_1_21' title="bbox 849 3274 1194 3350; baseline 0.006 -2"><span class='ocrx_word' id='word_1_179' title='bbox 849 3274 1017 3348; x_wconf 65' lang='lat' dir='ltr'><strong>Hesperiae.</strong></span> <span class='ocrx_word' id='word_1_180' title='bbox 1043 3274 1194 3350; x_wconf 57' lang='lat' dir='ltr'><strong>oremale</strong></span> 
     </span>
    </p>
   </div>
   <div class='ocr_carea' id='block_1_7' title="bbox 456 3415 1678 3510">
    <p class='ocr_par' dir='ltr' id='par_1_8' title="bbox 456 3415 1678 3510">
     <span class='ocr_line' id='line_1_22' title="bbox 456 3415 1678 3510; baseline -0.005 -23"><span class='ocrx_word' id='word_1_181' title='bbox 456 3419 497 3487; x_wconf 86' lang='lat'><strong>14</strong></span> <span class='ocrx_word' id='word_1_182' title='bbox 524 3418 608 3486; x_wconf 85' lang='lat' dir='ltr'><strong>Juli:</strong></span> <span class='ocrx_word' id='word_1_183' title='bbox 814 3417 843 3484; x_wconf 78' lang='grc' dir='ltr'><strong>Ε</strong></span> <span class='ocrx_word' id='word_1_184' title='bbox 871 3422 984 3509; x_wconf 83' lang='lat' dir='ltr'><strong>giunto</strong></span> <span class='ocrx_word' id='word_1_185' title='bbox 1013 3417 1199 3488; x_wconf 86' lang='lat' dir='ltr'><strong>finalmente</strong></span> <span class='ocrx_word' id='word_1_186' title='bbox 1226 3419 1247 3486; x_wconf 90' lang='lat' dir='ltr'><strong>l&#39;</strong></span> <span class='ocrx_word' id='word_1_187' title='bbox 1263 3418 1462 3506; x_wconf 82' lang='lat' dir='ltr'><strong>Odeecclco,</strong></span> <span class='ocrx_word' id='word_1_188' title='bbox 1493 3417 1598 3510; x_wconf 88' lang='lat' dir='ltr'><strong>quello</strong></span> <span class='ocrx_word' id='word_1_189' title='bbox 1626 3415 1678 3484; x_wconf 89' lang='lat' dir='ltr'><strong>ohe</strong></span> 
     </span>
    </p>
   </div>
   <div class='ocr_carea' id='block_1_8' title="bbox 355 3520 1680 5171">
    <p class='ocr_par' dir='ltr' id='par_1_9' title="bbox 355 3520 1680 5171">
     <span class='ocr_line' id='line_1_23' title="bbox 356 3520 1679 3613; baseline -0.005 -21"><span class='ocrx_word' id='word_1_190' title='bbox 356 3525 472 3592; x_wconf 73' lang='lat' dir='ltr'><strong>clicone</strong></span> <span class='ocrx_word' id='word_1_191' title='bbox 497 3524 556 3592; x_wconf 90' lang='lat' dir='ltr'><strong>che</strong></span> <span class='ocrx_word' id='word_1_192' title='bbox 578 3524 673 3590; x_wconf 84' lang='lat' dir='ltr'><strong>vieno</strong></span> <span class='ocrx_word' id='word_1_193' title='bbox 694 3522 848 3590; x_wconf 82' lang='lat' dir='ltr'><strong>mandsto</strong></span> <span class='ocrx_word' id='word_1_194' title='bbox 873 3524 927 3590; x_wconf 86' lang='lat' dir='ltr'><strong>del</strong></span> <span class='ocrx_word' id='word_1_195' title='bbox 948 3547 1036 3613; x_wconf 84' lang='lat' dir='ltr'><strong>papa</strong></span> <span class='ocrx_word' id='word_1_196' title='bbox 1057 3546 1116 3613; x_wconf 90' lang='lat' dir='ltr'><strong>per</strong></span> <span class='ocrx_word' id='word_1_197' title='bbox 1136 3524 1207 3591; x_wconf 82' lang='lat' dir='ltr'><strong>fare</strong></span> <span class='ocrx_word' id='word_1_198' title='bbox 1230 3533 1357 3592; x_wconf 80' lang='lat' dir='ltr'><strong>entrare</strong></span> <span class='ocrx_word' id='word_1_199' title='bbox 1379 3523 1403 3590; x_wconf 93' lang='lat' dir='ltr'><strong>il</strong></span> <span class='ocrx_word' id='word_1_200' title='bbox 1424 3547 1460 3591; x_wconf 92' lang='lat' dir='ltr'><strong>re</strong></span> <span class='ocrx_word' id='word_1_201' title='bbox 1481 3525 1515 3590; x_wconf 89' lang='lat' dir='ltr'><strong>in</strong></span> <span class='ocrx_word' id='word_1_202' title='bbox 1535 3546 1599 3589; x_wconf 82' lang='lat' dir='ltr'><strong>une</strong></span> <span class='ocrx_word' id='word_1_203' title='bbox 1613 3520 1679 3610; x_wconf 85' lang='lat' dir='ltr'><strong>legs</strong></span> 
     </span>
     <span class='ocr_line' id='line_1_24' title="bbox 358 3625 1680 3717; baseline -0.006 -20"><span class='ocrx_word' id='word_1_204' title='bbox 358 3627 409 3698; x_wconf 89' lang='lat' dir='ltr'><strong>ch&#39;</strong></span> <span class='ocrx_word' id='word_1_205' title='bbox 424 3625 512 3717; x_wconf 86' lang='lat' dir='ltr'><strong>eglin</strong></span> <span class='ocrx_word' id='word_1_206' title='bbox 527 3628 697 3695; x_wconf 83' lang='lat' dir='ltr'><strong>cbicmsno</strong></span> <span class='ocrx_word' id='word_1_207' title='bbox 721 3625 893 3702; x_wconf 74' lang='lat' dir='ltr'><strong>catholice,</strong></span> <span class='ocrx_word' id='word_1_208' title='bbox 924 3651 986 3695; x_wconf 93' lang='lat' dir='ltr'><strong>con</strong></span> <span class='ocrx_word' id='word_1_209' title='bbox 1007 3627 1041 3695; x_wconf 88' lang='lat' dir='ltr'><strong>la</strong></span> <span class='ocrx_word' id='word_1_210' title='bbox 1063 3625 1160 3717; x_wconf 86' lang='lat' dir='ltr'><strong>quule</strong></span> <span class='ocrx_word' id='word_1_211' title='bbox 1180 3637 1340 3716; x_wconf 75' lang='lat' dir='ltr'><strong>prometto</strong></span> <span class='ocrx_word' id='word_1_212' title='bbox 1362 3627 1413 3694; x_wconf 83' lang='lat' dir='ltr'><strong>fur</strong></span> <span class='ocrx_word' id='word_1_213' title='bbox 1434 3651 1517 3716; x_wconf 80' lang='lat' dir='ltr'><strong>gran</strong></span> <span class='ocrx_word' id='word_1_214' title='bbox 1541 3649 1631 3705; x_wconf 87' lang='lat' dir='ltr'><strong>coss,</strong></span> <span class='ocrx_word' id='word_1_215' title='bbox 1654 3633 1680 3689; x_wconf 89' lang='lat' dir='ltr'><strong>et</strong></span> 
     </span>
     <span class='ocr_line' id='line_1_25' title="bbox 356 3731 1677 3820; baseline -0.006 -19"><span class='ocrx_word' id='word_1_216' title='bbox 356 3734 415 3802; x_wconf 90' lang='lat' dir='ltr'><strong>ebe</strong></span> <span class='ocrx_word' id='word_1_217' title='bbox 437 3733 572 3800; x_wconf 74' lang='lat' dir='ltr'><strong>isrmno</strong></span> <span class='ocrx_word' id='word_1_218' title='bbox 594 3732 670 3798; x_wconf 91' lang='lat' dir='ltr'><strong>tutti</strong></span> <span class='ocrx_word' id='word_1_219' title='bbox 690 3734 703 3798; x_wconf 92' lang='lat' dir='ltr'><strong>i</strong></span> <span class='ocrx_word' id='word_1_220' title='bbox 723 3731 863 3820; x_wconf 78' lang='lat' dir='ltr'><strong>principi</strong></span> <span class='ocrx_word' id='word_1_221' title='bbox 885 3731 1014 3798; x_wconf 84' lang='lat' dir='ltr'><strong>Italisni</strong></span> <span class='ocrx_word' id='word_1_222' title='bbox 1036 3740 1069 3799; x_wconf 94' lang='lat' dir='ltr'><strong>et</strong></span> <span class='ocrx_word' id='word_1_223' title='bbox 1082 3733 1338 3819; x_wconf 79' lang='lat' dir='ltr'><strong>maggiormente</strong></span> <span class='ocrx_word' id='word_1_224' title='bbox 1352 3731 1377 3798; x_wconf 91' lang='lat' dir='ltr'><strong>il</strong></span> <span class='ocrx_word' id='word_1_225' title='bbox 1392 3732 1477 3798; x_wconf 86' lang='lat' dir='ltr'><strong>duce</strong></span> <span class='ocrx_word' id='word_1_226' title='bbox 1491 3731 1526 3797; x_wconf 85' lang='lat' dir='ltr'><strong>di</strong></span> <span class='ocrx_word' id='word_1_227' title='bbox 1542 3731 1677 3808; x_wconf 82' lang='lat' dir='ltr'><strong>Firenne,</strong></span> 
     </span>
     <span class='ocr_line' id='line_1_26' title="bbox 356 3830 1676 3926; baseline -0.007 -22"><span class='ocrx_word' id='word_1_228' title='bbox 356 3847 389 3904; x_wconf 89' lang='lat' dir='ltr'><strong>et</strong></span> <span class='ocrx_word' id='word_1_229' title='bbox 410 3859 471 3926; x_wconf 83' lang='lat' dir='ltr'><strong>per</strong></span> <span class='ocrx_word' id='word_1_230' title='bbox 494 3835 553 3903; x_wconf 89' lang='lat' dir='ltr'><strong>ohe</strong></span> <span class='ocrx_word' id='word_1_231' title='bbox 582 3835 656 3902; x_wconf 84' lang='lat' dir='ltr'><strong>dics</strong></span> <span class='ocrx_word' id='word_1_232' title='bbox 684 3833 744 3902; x_wconf 91' lang='lat' dir='ltr'><strong>che</strong></span> <span class='ocrx_word' id='word_1_233' title='bbox 772 3835 804 3902; x_wconf 87' lang='lat' dir='ltr'><strong>v&#39;</strong></span> <span class='ocrx_word' id='word_1_234' title='bbox 816 3845 1008 3903; x_wconf 88' lang='lat' dir='ltr'><strong>entrersnno</strong></span> <span class='ocrx_word' id='word_1_235' title='bbox 1037 3834 1140 3903; x_wconf 89' lang='lat' dir='ltr'><strong>anche</strong></span> <span class='ocrx_word' id='word_1_236' title='bbox 1166 3835 1339 3922; x_wconf 79' lang='lat' dir='ltr'><strong>Frencesi‚</strong></span> <span class='ocrx_word' id='word_1_237' title='bbox 1374 3838 1444 3904; x_wconf 88' lang='lat' dir='ltr'><strong>cios</strong></span> <span class='ocrx_word' id='word_1_238' title='bbox 1472 3833 1570 3924; x_wconf 92' lang='lat' dir='ltr'><strong>quelli</strong></span> <span class='ocrx_word' id='word_1_239' title='bbox 1599 3830 1676 3898; x_wconf 74' lang='lat' dir='ltr'><strong>delle</strong></span> 
     </span>
     <span class='ocr_line' id='line_1_27' title="bbox 356 3935 1676 4029; baseline -0.007 -21"><span class='ocrx_word' id='word_1_240' title='bbox 356 3937 570 4029; x_wconf 86' lang='lat' dir='ltr'><strong>psrtedelre.</strong></span> <span class='ocrx_word' id='word_1_241' title='bbox 593 3961 701 4006; x_wconf 83' lang='lat' dir='ltr'><strong>venno</strong></span> <span class='ocrx_word' id='word_1_242' title='bbox 718 3959 782 4028; x_wconf 84' lang='lat' dir='ltr'><strong>qus</strong></span> <span class='ocrx_word' id='word_1_243' title='bbox 791 3939 1029 4006; x_wconf 83' lang='lat' dir='ltr'><strong>introttenendo</strong></span> <span class='ocrx_word' id='word_1_244' title='bbox 1052 3939 1082 4006; x_wconf 92' lang='lat' dir='ltr'><strong>le</strong></span> <span class='ocrx_word' id='word_1_245' title='bbox 1105 3939 1277 4027; x_wconf 84' lang='lat' dir='ltr'><strong>speditioni</strong></span> <span class='ocrx_word' id='word_1_246' title='bbox 1300 3937 1384 4007; x_wconf 82' lang='lat' dir='ltr'><strong>debe</strong></span> <span class='ocrx_word' id='word_1_247' title='bbox 1406 3939 1510 4026; x_wconf 80' lang='lat' dir='ltr'><strong>gratie</strong></span> <span class='ocrx_word' id='word_1_248' title='bbox 1534 3935 1594 4004; x_wconf 85' lang='lat' dir='ltr'><strong>ebe</strong></span> <span class='ocrx_word' id='word_1_249' title='bbox 1614 3935 1676 4000; x_wconf 85' lang='lat' dir='ltr'><strong>ilrc</strong></span> 
     </span>
     <span class='ocr_line' id='line_1_28' title="bbox 358 4040 1675 4132; baseline -0.005 -22"><span class='ocrx_word' id='word_1_250' title='bbox 358 4044 402 4110; x_wconf 84' lang='lat' dir='ltr'><strong>ba</strong></span> <span class='ocrx_word' id='word_1_251' title='bbox 423 4044 503 4110; x_wconf 82' lang='lat' dir='ltr'><strong>lette</strong></span> <span class='ocrx_word' id='word_1_252' title='bbox 525 4067 545 4110; x_wconf 82' lang='lat' dir='ltr'><strong>s</strong></span> <span class='ocrx_word' id='word_1_253' title='bbox 566 4043 745 4127; x_wconf 89' lang='lat' dir='ltr'><strong>Borromei,</strong></span> <span class='ocrx_word' id='word_1_254' title='bbox 767 4043 888 4132; x_wconf 88' lang='lat' dir='ltr'><strong>perche</strong></span> <span class='ocrx_word' id='word_1_255' title='bbox 909 4067 970 4131; x_wconf 87' lang='lat' dir='ltr'><strong>psr</strong></span> <span class='ocrx_word' id='word_1_256' title='bbox 992 4042 1052 4110; x_wconf 88' lang='lat' dir='ltr'><strong>che</strong></span> <span class='ocrx_word' id='word_1_257' title='bbox 1064 4041 1218 4130; x_wconf 81' lang='lat' dir='ltr'><strong>roglisno</strong></span> <span class='ocrx_word' id='word_1_258' title='bbox 1233 4043 1338 4111; x_wconf 80' lang='lat' dir='ltr'><strong>ancbe</strong></span> <span class='ocrx_word' id='word_1_259' title='bbox 1353 4040 1481 4132; x_wconf 86' lang='lat' dir='ltr'><strong>quslch’</strong></span> <span class='ocrx_word' id='word_1_260' title='bbox 1504 4042 1587 4107; x_wconf 86' lang='lat' dir='ltr'><strong>sltra</strong></span> <span class='ocrx_word' id='word_1_261' title='bbox 1602 4059 1675 4118; x_wconf 85' lang='lat' dir='ltr'><strong>cose,</strong></span> 
     </span>
     <span class='ocr_line' id='line_1_29' title="bbox 357 4143 1675 4236; baseline -0.007 -22"><span class='ocrx_word' id='word_1_262' title='bbox 357 4147 390 4214; x_wconf 86' lang='lat' dir='ltr'><strong>la</strong></span> <span class='ocrx_word' id='word_1_263' title='bbox 411 4147 512 4236; x_wconf 77' lang='lat' dir='ltr'><strong>quale</strong></span> <span class='ocrx_word' id='word_1_264' title='bbox 534 4168 553 4212; x_wconf 88' lang='lat' dir='ltr'><strong>e</strong></span> <span class='ocrx_word' id='word_1_265' title='bbox 577 4147 719 4214; x_wconf 84' lang='lat' dir='ltr'><strong>secundo</strong></span> <span class='ocrx_word' id='word_1_266' title='bbox 742 4145 802 4214; x_wconf 91' lang='lat' dir='ltr'><strong>che</strong></span> <span class='ocrx_word' id='word_1_267' title='bbox 825 4147 850 4213; x_wconf 88' lang='lat' dir='ltr'><strong>s’</strong></span> <span class='ocrx_word' id='word_1_268' title='bbox 859 4146 992 4214; x_wconf 89' lang='lat' dir='ltr'><strong>intende</strong></span> <span class='ocrx_word' id='word_1_269' title='bbox 1015 4146 1075 4213; x_wconf 91' lang='lat' dir='ltr'><strong>che</strong></span> <span class='ocrx_word' id='word_1_270' title='bbox 1096 4145 1121 4210; x_wconf 95' lang='lat' dir='ltr'><strong>il</strong></span> <span class='ocrx_word' id='word_1_271' title='bbox 1143 4168 1231 4235; x_wconf 81' lang='lat' dir='ltr'><strong>pope</strong></span> <span class='ocrx_word' id='word_1_272' title='bbox 1252 4147 1427 4236; x_wconf 88' lang='lat' dir='ltr'><strong>prolungbi</strong></span> <span class='ocrx_word' id='word_1_273' title='bbox 1448 4143 1472 4212; x_wconf 91' lang='lat' dir='ltr'><strong>il</strong></span> <span class='ocrx_word' id='word_1_274' title='bbox 1493 4151 1675 4235; x_wconf 71' lang='lat' dir='ltr'><strong>pergamento</strong></span> 
     </span>
     <span class='ocr_line' id='line_1_30' title="bbox 359 4249 1636 4341; baseline -0.002 -23"><span class='ocrx_word' id='word_1_275' title='bbox 359 4249 443 4318; x_wconf 85' lang='lat' dir='ltr'><strong>delle</strong></span> <span class='ocrx_word' id='word_1_276' title='bbox 465 4249 575 4339; x_wconf 80' lang='lat' dir='ltr'><strong>galero</strong></span> <span class='ocrx_word' id='word_1_277' title='bbox 598 4252 658 4318; x_wconf 87' lang='lat' dir='ltr'><strong>che</strong></span> <span class='ocrx_word' id='word_1_278' title='bbox 679 4251 779 4340; x_wconf 87' lang='lat' dir='ltr'><strong>paghi</strong></span> <span class='ocrx_word' id='word_1_279' title='bbox 801 4251 825 4318; x_wconf 91' lang='lat' dir='ltr'><strong>il</strong></span> <span class='ocrx_word' id='word_1_280' title='bbox 847 4251 933 4319; x_wconf 89' lang='lat' dir='ltr'><strong>clero</strong></span> <span class='ocrx_word' id='word_1_281' title='bbox 957 4253 990 4318; x_wconf 91' lang='lat' dir='ltr'><strong>di</strong></span> <span class='ocrx_word' id='word_1_282' title='bbox 1013 4251 1147 4340; x_wconf 86' lang='lat' dir='ltr'><strong>Spegna</strong></span> <span class='ocrx_word' id='word_1_283' title='bbox 1168 4275 1228 4340; x_wconf 89' lang='lat' dir='ltr'><strong>per</strong></span> <span class='ocrx_word' id='word_1_284' title='bbox 1250 4249 1331 4319; x_wconf 86' lang='lat' dir='ltr'><strong>sltre</strong></span> <span class='ocrx_word' id='word_1_285' title='bbox 1354 4253 1471 4341; x_wconf 90' lang='lat' dir='ltr'><strong>cinque</strong></span> <span class='ocrx_word' id='word_1_286' title='bbox 1493 4249 1569 4316; x_wconf 83' lang='lat' dir='ltr'><strong>unni</strong></span> <span class='ocrx_word' id='word_1_287' title='bbox 1584 4299 1591 4315; x_wconf 94' lang='lat'><strong>.</strong></span> <span class='ocrx_word' id='word_1_288' title='bbox 1607 4295 1636 4316; x_wconf 87' lang='lat'><strong>.·</strong></span> 
     </span>
     <span class='ocr_line' id='line_1_31' title="bbox 457 4349 1672 4445; baseline -0.002 -24"><span class='ocrx_word' id='word_1_289' title='bbox 457 4355 501 4421; x_wconf 84' lang='lat'><strong>30</strong></span> <span class='ocrx_word' id='word_1_290' title='bbox 522 4353 608 4422; x_wconf 85' lang='lat' dir='ltr'><strong>Juli:</strong></span> <span class='ocrx_word' id='word_1_291' title='bbox 813 4355 883 4424; x_wconf 92' lang='lat' dir='ltr'><strong>Der</strong></span> <span class='ocrx_word' id='word_1_292' title='bbox 908 4355 1089 4445; x_wconf 78' lang='lat' dir='ltr'><strong>ptpstlicbe</strong></span> <span class='ocrx_word' id='word_1_293' title='bbox 1111 4355 1252 4422; x_wconf 86' lang='lat' dir='ltr'><strong>Nuntius</strong></span> <span class='ocrx_word' id='word_1_294' title='bbox 1274 4355 1369 4443; x_wconf 85' lang='lat' dir='ltr'><strong>klagt</strong></span> <span class='ocrx_word' id='word_1_295' title='bbox 1391 4356 1467 4421; x_wconf 84' lang='lat' dir='ltr'><strong>dass</strong></span> <span class='ocrx_word' id='word_1_296' title='bbox 1496 4351 1555 4421; x_wconf 79' lang='lat' dir='ltr'><strong>(ier</strong></span> <span class='ocrx_word' id='word_1_297' title='bbox 1575 4349 1672 4434; x_wconf 81' lang='lat' dir='ltr'><strong>Konig</strong></span> 
     </span>
     <span class='ocr_line' id='line_1_32' title="bbox 355 4456 1673 4547; baseline -0.004 -23"><span class='ocrx_word' id='word_1_298' title='bbox 355 4479 391 4524; x_wconf 93' lang='lat' dir='ltr'><strong>so</strong></span> <span class='ocrx_word' id='word_1_299' title='bbox 419 4461 552 4547; x_wconf 85' lang='lat' dir='ltr'><strong>geringe</strong></span> <span class='ocrx_word' id='word_1_300' title='bbox 579 4457 734 4547; x_wconf 86' lang='lat' dir='ltr'><strong>Neigung</strong></span> <span class='ocrx_word' id='word_1_301' title='bbox 761 4459 848 4547; x_wconf 81' lang='lat' dir='ltr'><strong>zeigt</strong></span> <span class='ocrx_word' id='word_1_302' title='bbox 873 4461 907 4524; x_wconf 92' lang='lat' dir='ltr'><strong>in</strong></span> <span class='ocrx_word' id='word_1_303' title='bbox 936 4460 988 4526; x_wconf 91' lang='lat' dir='ltr'><strong>die</strong></span> <span class='ocrx_word' id='word_1_304' title='bbox 1016 4456 1295 4546; x_wconf 81' lang='lat' dir='ltr'><strong>vorgeeoblugene</strong></span> <span class='ocrx_word' id='word_1_305' title='bbox 1329 4459 1416 4546; x_wconf 78' lang='lat' dir='ltr'><strong>Ligu</strong></span> <span class='ocrx_word' id='word_1_306' title='bbox 1448 4459 1542 4525; x_wconf 85' lang='lat' dir='ltr'><strong>einzu</strong></span> <span class='ocrx_word' id='word_1_307' title='bbox 1573 4457 1673 4519; x_wconf 76' lang='lat' dir='ltr'><strong>&#39;&#39;en-</strong></span> 
     </span>
     <span class='ocr_line' id='line_1_33' title="bbox 355 4551 1673 4651; baseline -0.003 -24"><span class='ocrx_word' id='word_1_308' title='bbox 355 4561 483 4651; x_wconf 88' lang='lat' dir='ltr'><strong>Philipp</strong></span> <span class='ocrx_word' id='word_1_309' title='bbox 507 4562 622 4630; x_wconf 85' lang='lat' dir='ltr'><strong>scheut</strong></span> <span class='ocrx_word' id='word_1_310' title='bbox 643 4561 827 4651; x_wconf 75' lang='lat' dir='ltr'><strong>iuberhaupt</strong></span> <span class='ocrx_word' id='word_1_311' title='bbox 858 4585 919 4630; x_wconf 84' lang='lat' dir='ltr'><strong>vor</strong></span> <span class='ocrx_word' id='word_1_312' title='bbox 946 4585 1052 4628; x_wconf 86' lang='lat' dir='ltr'><strong>neuen</strong></span> <span class='ocrx_word' id='word_1_313' title='bbox 1075 4561 1391 4650; x_wconf 86' lang='lat' dir='ltr'><strong>Unternebmungen</strong></span> <span class='ocrx_word' id='word_1_314' title='bbox 1419 4561 1554 4644; x_wconf 66' lang='lat' dir='ltr'><strong>zerem,</strong></span> <span class='ocrx_word' id='word_1_315' title='bbox 1584 4551 1673 4624; x_wconf 72' lang='lat' dir='ltr'><strong>tumel</strong></span> 
     </span>
     <span class='ocr_line' id='line_1_34' title="bbox 355 4665 1671 4755; baseline 0.002 -25"><span class='ocrx_word' id='word_1_316' title='bbox 355 4687 450 4732; x_wconf 80' lang='lat' dir='ltr'><strong>wcnn</strong></span> <span class='ocrx_word' id='word_1_317' title='bbox 472 4689 531 4733; x_wconf 82' lang='lat' dir='ltr'><strong>sus</strong></span> <span class='ocrx_word' id='word_1_318' title='bbox 553 4665 652 4733; x_wconf 90' lang='lat' dir='ltr'><strong>ihnen</strong></span> <span class='ocrx_word' id='word_1_319' title='bbox 675 4669 727 4733; x_wconf 92' lang='lat' dir='ltr'><strong>ein</strong></span> <span class='ocrx_word' id='word_1_320' title='bbox 750 4665 959 4755; x_wconf 83' lang='lat' dir='ltr'><strong>allgemeiner</strong></span> <span class='ocrx_word' id='word_1_321' title='bbox 973 4665 1084 4733; x_wconf 87' lang='lat' dir='ltr'><strong>Brend</strong></span> <span class='ocrx_word' id='word_1_322' title='bbox 1102 4665 1270 4732; x_wconf 85' lang='lat' dir='ltr'><strong>entstchen</strong></span> <span class='ocrx_word' id='word_1_323' title='bbox 1285 4665 1384 4732; x_wconf 79' lang='lat' dir='ltr'><strong>kann</strong></span> <span class='ocrx_word' id='word_1_324' title='bbox 1407 4665 1477 4733; x_wconf 92' lang='lat' dir='ltr'><strong>Der</strong></span> <span class='ocrx_word' id='word_1_325' title='bbox 1492 4665 1671 4733; x_wconf 75' lang='lat' dir='ltr'><strong>oratorvm</strong></span> 
     </span>
     <span class='ocr_line' id='line_1_35' title="bbox 356 4767 1669 4859; baseline -0.008 -21"><span class='ocrx_word' id='word_1_326' title='bbox 356 4769 505 4859; x_wconf 85' lang='lat' dir='ltr'><strong>Venedig</strong></span> <span class='ocrx_word' id='word_1_327' title='bbox 526 4769 705 4837; x_wconf 83' lang='lat' dir='ltr'><strong>versichert</strong></span> <span class='ocrx_word' id='word_1_328' title='bbox 720 4769 794 4836; x_wconf 78' lang='lat' dir='ltr'><strong>dass</strong></span> <span class='ocrx_word' id='word_1_329' title='bbox 806 4769 858 4837; x_wconf 88' lang='lat' dir='ltr'><strong>die</strong></span> <span class='ocrx_word' id='word_1_330' title='bbox 871 4769 1052 4858; x_wconf 84' lang='lat' dir='ltr'><strong>Anregung</strong></span> <span class='ocrx_word' id='word_1_331' title='bbox 1067 4792 1126 4835; x_wconf 81' lang='lat' dir='ltr'><strong>nur</strong></span> <span class='ocrx_word' id='word_1_332' title='bbox 1138 4767 1224 4856; x_wconf 78' lang='lat' dir='ltr'><strong>Ligu</strong></span> <span class='ocrx_word' id='word_1_333' title='bbox 1237 4790 1314 4836; x_wconf 85' lang='lat' dir='ltr'><strong>vom</strong></span> <span class='ocrx_word' id='word_1_334' title='bbox 1328 4769 1461 4858; x_wconf 81' lang='lat' dir='ltr'><strong>Herzog</strong></span> <span class='ocrx_word' id='word_1_335' title='bbox 1473 4793 1539 4837; x_wconf 83' lang='lat' dir='ltr'><strong>von</strong></span> <span class='ocrx_word' id='word_1_336' title='bbox 1551 4767 1669 4834; x_wconf 83' lang='lat' dir='ltr'><strong>Florem</strong></span> 
     </span>
     <span class='ocr_line' id='line_1_36' title="bbox 355 4871 1669 4962; baseline -0.008 -22"><span class='ocrx_word' id='word_1_337' title='bbox 355 4873 518 4962; x_wconf 84' lang='lat' dir='ltr'><strong>suegebe,</strong></span> <span class='ocrx_word' id='word_1_338' title='bbox 683 4896 782 4940; x_wconf 83' lang='lat' dir='ltr'><strong>senza</strong></span> <span class='ocrx_word' id='word_1_339' title='bbox 803 4873 826 4940; x_wconf 92' lang='lat' dir='ltr'><strong>il</strong></span> <span class='ocrx_word' id='word_1_340' title='bbox 848 4875 902 4940; x_wconf 90' lang='lat' dir='ltr'><strong>cui</strong></span> <span class='ocrx_word' id='word_1_341' title='bbox 923 4885 1000 4943; x_wconf 86' lang='lat' dir='ltr'><strong>voto</strong></span> <span class='ocrx_word' id='word_1_342' title='bbox 1029 4883 1062 4940; x_wconf 89' lang='lat' dir='ltr'><strong>et</strong></span> <span class='ocrx_word' id='word_1_343' title='bbox 1083 4872 1247 4960; x_wconf 85' lang='lat' dir='ltr'><strong>conseglio</strong></span> <span class='ocrx_word' id='word_1_344' title='bbox 1270 4871 1294 4938; x_wconf 91' lang='lat' dir='ltr'><strong>il</strong></span> <span class='ocrx_word' id='word_1_345' title='bbox 1315 4895 1402 4960; x_wconf 82' lang='lat' dir='ltr'><strong>pepe</strong></span> <span class='ocrx_word' id='word_1_346' title='bbox 1433 4893 1499 4939; x_wconf 91' lang='lat' dir='ltr'><strong>non</strong></span> <span class='ocrx_word' id='word_1_347' title='bbox 1521 4873 1549 4938; x_wconf 87' lang='lat' dir='ltr'><strong>si</strong></span> <span class='ocrx_word' id='word_1_348' title='bbox 1570 4889 1669 4937; x_wconf 85' lang='lat' dir='ltr'><strong>muove</strong></span> 
     </span>
     <span class='ocr_line' id='line_1_37' title="bbox 356 4975 1669 5065; baseline -0.006 -22"><span class='ocrx_word' id='word_1_349' title='bbox 356 5001 398 5043; x_wconf 90' lang='lat' dir='ltr'><strong>ne</strong></span> <span class='ocrx_word' id='word_1_350' title='bbox 418 4987 521 5065; x_wconf 91' lang='lat' dir='ltr'><strong>punto</strong></span> <span class='ocrx_word' id='word_1_351' title='bbox 550 4999 591 5044; x_wconf 91' lang='lat' dir='ltr'><strong>ne</strong></span> <span class='ocrx_word' id='word_1_352' title='bbox 613 4977 730 5063; x_wconf 86' lang='lat' dir='ltr'><strong>multo,</strong></span> <span class='ocrx_word' id='word_1_353' title='bbox 758 5001 800 5045; x_wconf 90' lang='lat' dir='ltr'><strong>ne</strong></span> <span class='ocrx_word' id='word_1_354' title='bbox 822 4979 850 5044; x_wconf 84' lang='lat' dir='ltr'><strong>si</strong></span> <span class='ocrx_word' id='word_1_355' title='bbox 884 5000 985 5046; x_wconf 84' lang='lat' dir='ltr'><strong>senno</strong></span> <span class='ocrx_word' id='word_1_356' title='bbox 1012 4977 1044 5045; x_wconf 93' lang='lat' dir='ltr'><strong>le</strong></span> <span class='ocrx_word' id='word_1_357' title='bbox 1077 4999 1175 5044; x_wconf 88' lang='lat' dir='ltr'><strong>cause</strong></span> <span class='ocrx_word' id='word_1_358' title='bbox 1206 4975 1267 5042; x_wconf 93' lang='lat' dir='ltr'><strong>che</strong></span> <span class='ocrx_word' id='word_1_359' title='bbox 1300 4975 1331 5042; x_wconf 96' lang='lat' dir='ltr'><strong>lo</strong></span> <span class='ocrx_word' id='word_1_360' title='bbox 1365 4999 1537 5062; x_wconf 82' lang='lat' dir='ltr'><strong>muovsno,</strong></span> <span class='ocrx_word' id='word_1_361' title='bbox 1567 4997 1599 5041; x_wconf 91' lang='lat' dir='ltr'><strong>se</strong></span> <span class='ocrx_word' id='word_1_362' title='bbox 1618 4991 1669 5038; x_wconf 84' lang='lat' dir='ltr'><strong>non</strong></span> 
     </span>
     <span class='ocr_line' id='line_1_38' title="bbox 356 5080 1672 5171; baseline -0.005 -25"><span class='ocrx_word' id='word_1_363' title='bbox 356 5080 380 5146; x_wconf 89' lang='lat' dir='ltr'><strong>il</strong></span> <span class='ocrx_word' id='word_1_364' title='bbox 403 5081 575 5171; x_wconf 75' lang='lat' dir='ltr'><strong>designare</strong></span> <span class='ocrx_word' id='word_1_365' title='bbox 609 5081 642 5148; x_wconf 84' lang='lat' dir='ltr'><strong>di</strong></span> <span class='ocrx_word' id='word_1_366' title='bbox 664 5089 800 5150; x_wconf 87' lang='lat' dir='ltr'><strong>mettere</strong></span> <span class='ocrx_word' id='word_1_367' title='bbox 822 5081 973 5170; x_wconf 80' lang='lat' dir='ltr'><strong>garbugli</strong></span> <span class='ocrx_word' id='word_1_368' title='bbox 995 5091 1028 5150; x_wconf 91' lang='lat' dir='ltr'><strong>et</strong></span> <span class='ocrx_word' id='word_1_369' title='bbox 1049 5081 1166 5150; x_wconf 84' lang='lat' dir='ltr'><strong>aleuno</strong></span> <span class='ocrx_word' id='word_1_370' title='bbox 1195 5081 1343 5170; x_wconf 89' lang='lat' dir='ltr'><strong>principe</strong></span> <span class='ocrx_word' id='word_1_371' title='bbox 1371 5081 1406 5147; x_wconf 90' lang='lat' dir='ltr'><strong>in</strong></span> <span class='ocrx_word' id='word_1_372' title='bbox 1429 5083 1597 5165; x_wconf 74' lang='lat' dir='ltr'><strong>necessita,</strong></span> <span class='ocrx_word' id='word_1_373' title='bbox 1625 5095 1672 5164; x_wconf 87' lang='lat' dir='ltr'><strong>per</strong></span> 
     </span>
    </p>
   </div>
   <div class='ocr_carea' id='block_1_9' title="bbox 0 0 1730 5818">
    <p class='ocr_par' dir='ltr' id='par_1_10' title="bbox 0 0 1730 5818">
     <span class='ocr_line' id='line_1_39' title="bbox 0 0 1730 5818; baseline 0 0"><span class='ocrx_word' id='word_1_374' title='bbox 0 0 1730 5818; x_wconf 95' lang='lat' dir='ltr'><strong> </strong></span> 
     </span>
    </p>
   </div>
  </div>
 </body>
</html>
