3512 5838
268 644 361 726 Quae
385 665 459 709 eum
480 645 526 708 ita
548 665 583 708 se
605 642 757 718 habeant,
780 645 874 709 vobis
897 646 1012 710 iterum
1029 649 1256 712 committimus
1279 655 1316 712 ut
1336 648 1499 733 prioribus

161 745 325 812 mandatis
347 747 466 812 nostris
487 746 623 812 firmiter
644 749 798 812 insistatis
822 769 861 812 ac
884 749 971 813 omni
994 749 1101 814 studio
1125 749 1251 836 petatis,
1282 758 1318 814 ut
1346 751 1495 816 determi-

162 851 254 915 natio
283 850 378 914 buius
401 851 586 935 gravissimi
609 848 742 936 capituli
771 852 802 913 in
825 850 913 914 alind
944 854 1048 936 magis
1082 851 1287 916 commodum
1326 856 1496 940 magisque

158 963 377 1040 opportunum
400 965 528 1038 tempus
550 954 717 1017 reiiciatur
739 953 897 1040 nobisque
926 954 1089 1019 sufficiens
1118 954 1320 1019 deliberandi
1349 957 1496 1040 spacium

156 1056 371 1143 relinquatur,
395 1077 549 1142 expresse
572 1055 680 1121 verbis
704 1058 821 1120 nostris
845 1055 1055 1140 ostendendo,
1085 1059 1147 1121 nisi
1169 1056 1303 1122 ulterius
1327 1057 1498 1123 audiamur

157 1169 191 1225 et
214 1159 377 1224 sufficiens
402 1157 604 1224 deliberandi
626 1159 772 1246 spacium
796 1158 1014 1242 obtineamus,
1048 1183 1107 1226 nos
1138 1159 1222 1225 velle
1251 1169 1432 1225 reservatas
1456 1183 1495 1226 ac

157 1261 267 1328 salvas
289 1261 383 1328 nobis
408 1283 479 1327 esse
502 1264 730 1328 excusationes
755 1273 787 1329 et
808 1264 1054 1329 reformationes
1077 1272 1204 1328 nostras
1227 1272 1258 1327 et
1281 1284 1494 1350 quaeeunque

157 1365 254 1432 nobis
277 1365 418 1452 amplius
439 1366 627 1431 necessaria
653 1367 774 1431 fuerim
802 1367 942 1454 desuper
974 1375 1157 1454 proponere
1191 1365 1299 1431 dicere
1331 1375 1363 1430 et
1385 1387 1492 1451 agere.

156 1469 214 1534 ubi
236 1468 299 1534 hoc
322 1469 419 1534 etiam
442 1469 569 1534 addatis
592 1491 651 1534 nos
672 1470 707 1534 in
736 1493 775 1535 ea
807 1493 878 1536 esse
901 1473 1070 1554 sententia,
1103 1467 1190 1557 quod
1212 1467 1395 1533 huiusmodi
1418 1470 1491 1533 arti-

157 1571 224 1637 culi
245 1571 482 1638 reformationis
504 1581 647 1638 nostram
678 1595 852 1659 personam
875 1597 932 1660 pro
963 1577 1095 1640 minima
1117 1585 1209 1663 parte
1231 1577 1399 1660 attingant,
1434 1572 1492 1637 sed

155 1675 265 1762 potius
288 1675 331 1740 ad
352 1675 538 1740 universum
562 1699 689 1742 sacrum
703 1677 874 1762 imperium
889 1700 1056 1765 regnaque
1072 1689 1104 1743 et
1119 1678 1260 1745 dominia
1274 1687 1385 1743 nostra
1400 1698 1491 1762 spec·

154 1785 235 1843 tent.
260 1775 398 1864 quodsi
422 1779 607 1864 quitamcn
637 1777 764 1843 exiliis
794 1778 875 1845 tales
898 1781 1078 1864 extiterint,
1110 1783 1163 1869 qui
1191 1803 1251 1846 nos
1280 1784 1368 1868 ipsos
1397 1781 1490 1843 attin·

154 1887 234 1966 gant
257 1888 289 1945 et
311 1901 392 1967 quos
415 1902 547 1945 eernere
561 1881 721 1967 possimus
745 1903 817 1947 cum
832 1885 958 1950 ratione
975 1895 1006 1949 et
1020 1883 1187 1950 honestate
1204 1906 1274 1949 esse
1290 1885 1488 1965 coniunctos,

153 2004 215 2048 nos
237 1981 357 2046 inillis
381 1983 530 2048 omnibus
552 1993 649 2069 prout
675 1986 764 2070 pium
788 1995 820 2050 ct
850 1985 1043 2052 catholicum
1066 1988 1295 2074 imperatorem
1319 1985 1413 2050 decet
1441 2008 1488 2050 se·

155 2085 297 2151 cundum
320 2087 398 2150 iuris
422 2095 453 2150 et
476 2081 648 2176 aequitatis
677 2088 822 2174 regulam
843 2091 890 2153 ita
912 2089 1122 2167 exhibituros,
1152 2100 1189 2155 ut
1209 2079 1316 2176 neque
1345 2089 1422 2155 S¹⁰¹¹¹⁵
1444 2089 1486 2153 D.

153 2187 195 2254 N.
211 2211 272 2254 nec
294 2189 481 2253 universum
505 2187 649 2256 ordinem
666 2193 922 2257 ecclesiasticum
944 2193 1128 2258 habiturum
1153 2191 1352 2258 confidamus
1375 2194 1407 2256 in
1423 2214 1487 2279 quo

153 2291 224 2356 iure
247 2291 288 2355 de
311 2289 406 2356 nobis
430 2294 585 2379 conqueri
607 2295 719 2381 possit,
742 2297 932 2381 praesertim
959 2297 1016 2361 ubi
1038 2298 1134 2360 etiam
1152 2293 1487 2360 ordoecelesiasticus

155 2393 298 2482 officium
320 2417 414 2459 suum
437 2395 550 2461 fecerit
573 2405 605 2461 et
635 2397 722 2484 quod
746 2397 808 2462 sibi
837 2399 1068 2485 praescribitur
1095 2401 1128 2464 in
1157 2401 1231 2488 ipsa
1257 2398 1486 2462 reformatione

154 2495 268 2564 sedulo
291 2499 488 2583 praestiterit
510 2510 543 2564 et
565 2509 721 2565 executus
751 2501 861 2584 fuerit,
889 2513 987 2587 prout
1014 2525 1078 2567 non
1107 2501 1293 2566 dubitamus
1322 2521 1381 2565 vos
1404 2499 1485 2565 haec

154 2601 261 2666 omnia
276 2649 283 2664 .
300 2649 332 2665 ..
357 2599 524 2666 commode
549 2601 721 2688 diligenter
736 2614 769 2668 et
786 2602 896 2669 debita
918 2603 1078 2670 modestia
1101 2605 1325 2692 proposituros
1349 2611 1381 2667 et
1403 2612 1485 2666 trac·

151 2711 295 2782 tataros,
327 2712 360 2768 et
388 2703 516 2769 demum
540 2707 637 2770 etiam
659 2706 730 2770 ΒΜ·
753 2705 877 2792 legatos
900 2729 966 2772 una
988 2729 1069 2772 eum
1083 2707 1143 2771 R⁶¹¹
1173 2729 1213 2772 ac
1244 2703 1485 2771 venerabilibus

150 2805 299 2894 patribus
316 2805 444 2872 concilii
460 2829 572 2872 eorum
595 2810 736 2872 omnium
760 2809 954 2895 condignam
975 2811 1132 2875 rationem
1155 2808 1323 2873 habituros
1347 2829 1418 2872 csse
1434 2855 1440 2870 .
1456 2853 1484 2870 ..

254 2907 490 2996 Postseriptum
523 2933 588 2975 von
610 2911 769 2996 gleicbcm
792 2911 900 2998 Tage:
934 2912 988 2976 Da
1017 2913 1075 2978 der
1101 2912 1220 2977 Kaiser
1250 2910 1341 2975 nicht
1372 2908 1483 2973 umhin

146 3011 240 3094 kann
263 3011 315 3078 die
338 3013 435 3099 obige
457 3011 618 3099 Weisung
642 3013 715 3079 dem
738 3013 878 3080 Nuntius
900 3014 1133 3094 mitzutheilen,
1155 3014 1228 3100 fdgt
1250 3035 1286 3078 er
1305 3011 1376 3077 bier
1396 3009 1482 3076 noch

150 3115 248 3180 hinnu
280 3139 348 3181 was
370 3115 497 3202 geheim
520 3115 649 3181 bleiben
672 3116 740 3181 soll.
778 3118 824 3181 Es
846 3117 994 3182 wundert
1027 3117 1083 3181 ibn
1099 3120 1183 3204 jetnt
1210 3139 1269 3202 gar
1291 3115 1396 3180 nichts
1417 3135 1483 3180 von

149 3219 212 3284 der
231 3218 379 3302 Haltung
402 3219 460 3283 der
480 3220 719 3286 banabsischen
742 3218 903 3286 Oratoren
924 3243 966 3285 zu
987 3220 1097 3302 hdren,
1133 3219 1185 3284 die
1207 3217 1291 3284 doch
1313 3217 1423 3282 fruher
1446 3238 1481 3281 so

151 3321 322 3408 energisoh
345 3321 405 3384 auf
414 3320 545 3386 Reform
568 3321 715 3407 drangen
730 3323 797 3387 und
812 3325 845 3386 in
857 3323 970 3408 Beang
984 3323 1043 3387 auf
1054 3322 1106 3387 die
1121 3322 1251 3387 Reform
1268 3320 1326 3386 der
1339 3321 1480 3386 Fiirstsn

148 3445 186 3490 so
211 3422 438 3490 entechiedene
461 3423 660 3488 Vorbehalte
683 3423 844 3490 machten.
1011 3423 1046 3490 Si
1068 3447 1129 3489 nec
1150 3425 1214 3510 ipsi
1236 3445 1297 3488 nec
1313 3471 1321 3486 .
1337 3469 1370 3488 ..
1393 3426 1479 3510 regis

147 3525 252 3594 catur
277 3526 479 3612 aliorumque
501 3547 615 3612 regum
637 3537 782 3593 oratores
796 3528 890 3602 nobis
905 3529 939 3592 in
953 3527 1016 3593 hoo
1031 3529 1166 3613 negocio
1182 3527 1333 3591 assistere
1347 3525 1479 3608 vellent,

147 3629 182 3694 id
205 3649 283 3694 sane
305 3649 411 3716 neque
433 3629 551 3696 rationi
573 3639 606 3694 et
627 3632 782 3718 aequitati
805 3639 1056 3696 consentaneum
1090 3651 1196 3716 neque
1228 3629 1324 3693 etiam
1353 3651 1396 3696 ex
1417 3652 1480 3696 usu

146 3732 346 3819 reipublicae
368 3731 473 3798 Chr*
492 3731 635 3797 flaturum
656 3743 744 3799 esset
764 3733 922 3818 nobisque
946 3735 1160 3818 suspicionem
1182 3730 1324 3818 aliquam
1345 3755 1478 3819 genera·

147 3845 206 3918 ret,
229 3833 301 3900 illos
325 3833 358 3899 id
381 3857 478 3922 agere
501 3845 537 3900 ut
559 3857 618 3902 nos
640 3835 700 3902 soli
723 3836 837 3901 duram
871 3835 955 3900 bane
977 3835 1115 3920 glaciem
1147 3835 1385 3920 frangeremus,
1416 3837 1479 3922 ipsi

146 3959 225 4005 vero
256 3947 382 4003 tantum
404 3947 602 4025 spectatores
630 3938 725 4003 huius
753 3937 885 4004 fabulae
913 3959 983 4002 sese
1012 3937 1215 4024 praeberent
1250 3959 1349 4024 quare
1382 3939 1476 4004 vobis

146 4041 286 4128 benigne
310 4042 538 4108 committimus
560 4051 669 4107 ut...
691 4041 816 4107 idoneis
839 4038 1018 4107 rationibus
1040 4040 1113 4105 illos
1134 4043 1287 4126 urgeatis,
1309 4062 1351 4104 ne
1366 4043 1400 4106 in
1414 4041 1476 4109 hoc

147 4148 310 4211 communi
333 4153 454 4211 ettam
476 4143 579 4210 arduo
601 4145 738 4232 negocio
762 4165 834 4211 sese
856 4168 877 4209 a
898 4143 991 4210 vobis
1014 4152 1165 4230 separent
1193 4152 1249 4208 aut
1279 4163 1406 4209 omnem
1428 4146 1474 4208 in-

144 4249 266 4314 vidiam
288 4249 322 4313 in
345 4269 403 4314 nos
425 4248 726 4314 transfundant...
760 4245 847 4336 quod
877 4247 1040 4313 humiliter
1069 4246 1238 4313 ostenditis
1261 4269 1319 4312 vos
1344 4269 1416 4311 oum
1439 4245 1474 4313 Ο.

145 4351 186 4418 de
208 4351 303 4418 Luna
319 4373 389 4418 non
411 4350 514 4417 solum
536 4353 570 4416 in
598 4352 681 4436 dies,
710 4351 768 4416 sed
795 4354 829 4416 in
856 4351 953 4416 horas
982 4372 1110 4437 quoque
1138 4351 1246 4415 omnia
1274 4349 1420 4415 conferre
1443 4359 1476 4414 et

145 4456 392 4538 communicare,
415 4454 523 4520 id...
546 4454 639 4520 nobis
662 4454 800 4540 benigne
822 4453 987 4541 probatur,
1015 4453 1228 4540 volumusque
1256 4461 1293 4517 ut
1320 4454 1417 4520 etiam
1439 4451 1475 4518 li-

141 4565 229 4624 teras
253 4579 334 4645 quas
356 4557 398 4622 ad
419 4557 501 4622 ΒΜ
523 4555 560 4623 Ο.
582 4556 753 4624 Moronum
787 4566 819 4621 et
851 4555 894 4621 ad
915 4579 975 4622 ros
1007 4555 1104 4622 modo
1138 4555 1316 4635 scribimus,
1350 4556 1474 4645 absque

142 4660 207 4726 hae
228 4662 339 4727 nostra
361 4661 543 4749 appendice
564 4681 639 4727 cum
660 4659 716 4727 illo
739 4658 911 4727 conferatis
928 4709 935 4724 .
952 4707 984 4725 ..

246 4764 480 4851 Postscriptum
501 4785 579 4831 vom
599 4763 795 4831 40ctobsrt
881 4763 1021 4850 Negotio
1042 4763 1105 4829 isto
1127 4764 1161 4828 in
1182 4761 1329 4829 ultimam
1352 4762 1471 4830 delibe-

144 4869 301 4933 rationem
324 4867 412 4954 apud
435 4866 657 4950 nosadduoto
680 4898 722 4916 κ·
745 4867 832 4933 omui
854 4887 920 4956 quo
943 4867 1088 4954 poteritis
1110 4864 1216 4932 studio
1240 4888 1279 4932 ac
1301 4867 1473 4933 sedulitate

140 4971 359 5056 promoveatis
384 4967 436 5057 [=
452 4969 603 5057 Raynald
623 4969 680 5036 Nr.
703 4967 789 5059 2οη.
813 4970 952 5058 ideoque
975 4969 1124 5057 quamvis
1148 4970 1237 5054 alias,
1262 4969 1349 5057 quod
1364 4970 1405 5036 ad
1421 4993 1470 5036 ar·
