3450 5818
272 497 336 562 m

271 685 339 752 also
363 685 424 751 das
446 685 494 750 nit
515 705 557 747 zu
579 684 687 750 huffen
709 707 792 750 wess
814 683 982 771 andernng
1004 684 1175 750 hierinnen
1196 709 1239 751 zu
1253 686 1417 776 erlangsn,
1439 688 1509 754 und
1523 688 1610 756 aber

270 789 323 855 die
344 786 622 878 protestierenden
645 788 758 852 stende
775 835 782 850 .
800 836 831 852 ..
855 787 1044 854 fltrwenden
1065 788 1227 872 moehten,
1249 789 1309 856 das
1331 790 1430 856 ibneu
1451 790 1609 858 dasselbe

271 916 334 958 nur
357 891 442 958 albis
464 899 506 954 za
528 889 662 956 Triendt
692 890 759 956 und
781 891 828 956 uit
857 901 1041 977 unterwegs
1078 893 1110 956 in
1141 891 1227 957 :allen
1250 893 1288 958 E.
1310 894 1353 958 K.
1375 893 1421 960 M*
1448 895 1515 960 und
1544 895 1609 962 des

270 997 312 1061 H.
332 996 369 1060 R.
392 992 497 1060 reichs
519 991 638 1058 landen
660 994 727 1059 und
752 1003 871 1078 ortten,
895 993 963 1060 also
990 994 1049 1058 das
1072 1017 1111 1080 sy
1133 995 1246 1081 freyen
1269 1019 1345 1082 pass
1368 1019 1428 1064 zue
1449 998 1518 1062 und
1540 997 1608 1064 ebe

272 1121 314 1164 zu
337 1096 432 1161 zihen
454 1095 572 1178 hetten,
596 1096 818 1184 erspriesslicb
841 1097 908 1162 und
930 1097 1139 1182 zuetrttglich,
1163 1097 1333 1184 derwegen
1356 1123 1395 1186 sy
1418 1099 1539 1166 darauf
1556 1104 1609 1166 nit

269 1202 379 1268 bauen
401 1201 468 1267 und
492 1199 560 1265 sich
584 1197 704 1266 debeer
726 1224 840 1288 wagen
863 1199 1011 1266 kundten
1033 1211 1111 1286 ete,
1139 1203 1181 1266 ist
1212 1203 1255 1268 im
1283 1203 1340 1268 fall
1368 1203 1442 1269 sehr
1468 1205 1512 1270 vil
1535 1205 1608 1270 und

269 1328 343 1370 zum
370 1305 509 1372 maisten
537 1326 579 1368 an
608 1303 702 1368 deme
731 1304 868 1390 gelegen
901 1303 967 1369 und
1000 1303 1114 1370 beruet
1142 1303 1205 1372 alle
1236 1305 1344 1372 frucbt
1372 1305 1477 1376 dieses
1504 1309 1608 1395 glaita

269 1407 392 1489 darauf,
417 1407 476 1472 das
498 1407 536 1472 E.
552 1407 594 1472 K.
610 1407 676 1470 Μ’.
694 1454 726 1470 ..
750 1406 856 1472 neben
878 1407 980 1472 disens
1003 1408 1100 1472 sinen
1122 1407 1233 1493 gleicb
1255 1409 1408 1476 oder...
1431 1411 1518 1478 noch
1532 1411 1606 1478 mil·

271 1521 378 1576 terem
398 1509 467 1574 und
490 1509 663 1594 oreftigern
685 1509 811 1576 salvum
834 1511 1031 1576 conductum
1061 1510 1118 1574 des
1148 1533 1209 1576 nae
1238 1511 1306 1577 and
1328 1513 1502 1580 abenibens
1525 1513 1607 1580 balb

269 1614 353 1680 allen
378 1614 464 1679 diaes
487 1613 614 1678 concilii
637 1613 887 1680 besuechenden
910 1611 1151 1700 ellergnedigist
1174 1637 1317 1702 ausgeen
1337 1617 1406 1682 und
1419 1615 1605 1704 publioiern

268 1717 376 1782 lassen
391 1765 399 1781 .
416 1765 448 1782 ..

834 1910 1038 1923 ἡ...

851 2141 1018 2230 CLVII.

480 2372 560 2447 Der
588 2372 814 2448 Erzbtsobot‘
835 2393 911 2447 von
941 2372 1113 2470 Propon
1143 2373 1216 2447 den
1246 2373 1397 2467 Kaisar3

731 2525 863 2590 Trient,
883 2527 920 2576 10
938 2526 1030 2578 Mara
1050 2527 1138 2580 1562.

475 2741 657 2799 Conciladen.
693 2741 830 2814 Oripinol,
853 2739 1049 2814 ciycnltttadiW
1072 2742 1102 2795 ἐπ
1124 2747 1214 2815 terqo:
1236 2743 1279 2798 18
1300 2743 1392 2798 Mara.

266 2924 494 2992 Sacratissime
510 2933 543 2988 st
557 2923 766 2988 invictissime
780 2922 999 2987 Romanorsun
1013 2923 1198 3009 imperator,
1221 2922 1263 2987 D.
1280 2923 1323 2988 D.
1340 2924 1603 2992 clementissime.

369 3060 486 3127 Salvus
508 3059 686 3127 conductus
702 3058 775 3126 talis
792 3082 812 3124 a
827 3059 963 3136 concilio
980 3060 1076 3125 datur
1089 3061 1353 3147 protestantibus,
1379 3063 1507 3150 qualem
1523 3075 1602 3131 ante

267 3166 461 3233 decennium
484 3165 546 3253 ipsi
569 3163 630 3229 sibi
653 3164 914 3249 conscripserunt
935 3173 966 3228 et
988 3164 1023 3226 in
1044 3162 1108 3228 bac
1128 3163 1233 3229 forma
1249 3164 1319 3230 dari
1333 3165 1515 3251 voluerunt,
1534 3171 1603 3235 imo

266 3279 342 3336 sunt
364 3271 419 3357 qui
442 3277 530 3334 certo
552 3268 712 3333 affirment
734 3265 819 3331 banc
840 3265 1011 3332 formulam
1033 3266 1185 3353 publicae
1206 3267 1283 3333 fidei
1305 3269 1347 3335 ab
1371 3271 1442 3357 ipso
1464 3271 1602 3338 Brentio

267 3373 484 3460 conscriptam
514 3393 594 3437 esse.
627 3369 800 3436 noluerunt
830 3371 940 3457 itaque
968 3379 1076 3456 patres
1106 3373 1280 3460 quicquam
1308 3374 1479 3440 immutare
1501 3376 1535 3440 in
1560 3399 1602 3442 eo

266 3475 354 3566 quod
376 3485 472 3542 antea
494 3475 688 3541 adversariis
705 3475 751 3538 sic
766 3471 898 3560 placuit,
916 3473 1026 3538 addita
1041 3483 1150 3539 tamen
1167 3486 1215 3540 est
1230 3477 1376 3542 extensio
1395 3476 1437 3543 ad
1452 3487 1602 3544 nostram

264 3581 459 3663 instantiam,
483 3589 519 3642 ut
541 3579 573 3642 in
596 3575 692 3642 simili
714 3579 845 3642 mutatis
867 3578 1031 3644 mutandis
1052 3576 1123 3643 aliis
1140 3601 1269 3666 quoque
1284 3580 1472 3646 nationibus
1488 3583 1601 3668 regnis

266 3695 299 3751 et
325 3683 502 3773 provinciis
531 3680 603 3746 dari
631 3682 743 3768 possit.
782 3681 867 3746 unde
894 3704 954 3746 nos
982 3682 1065 3747 scire
1093 3691 1222 3768 oportet
1249 3706 1291 3748 an
1318 3706 1378 3769 pro
1400 3684 1536 3750 Boemia
1566 3695 1600 3751 et

265 3788 398 3853 Austris
421 3785 530 3851 salvus
553 3785 732 3852 conductus
755 3807 883 3872 quoque
906 3784 1065 3872 petendus
1088 3787 1130 3850 sit
1152 3795 1208 3850 aut
1229 3809 1272 3850 an
1289 3787 1357 3850 M*
1368 3786 1409 3852 V.
1434 3789 1598 3874 usquead

266 3889 507 3958 conclusionem
530 3887 658 3954 concilii
680 3910 812 3954 suorum
834 3911 1009 3974 regnorum
1032 3899 1064 3952 et
1077 3891 1319 3975 provinciarum
1334 3889 1599 3956 reformationem

265 3995 298 4059 in
321 4014 381 4059 sua
402 4002 563 4081 potestate
585 3992 761 4070 clementer
780 3995 957 4078 repositam
980 3990 1101 4056 babere
1123 3991 1209 4057 velit.
1466 3985 1468 3988 ’

300 4125 301 4132 ¹
366 4097 417 4162 Ne
439 4097 518 4184 quid
541 4098 731 4162 clementiae
760 4107 792 4162 et
814 4097 945 4183 pietatis
968 4097 1001 4160 in
1024 4117 1117 4162 sacro
1140 4095 1203 4160 hoo
1225 4094 1362 4162 concilio
1384 4093 1598 4180 desideretur,

264 4202 437 4288 petivimus
459 4221 518 4266 nos
540 4202 638 4266 etiam
661 4225 681 4266 a
702 4199 769 4265 ΒΝ·
791 4199 832 4264 D.
856 4199 973 4285 legatis
1002 4210 1038 4264 ut
1066 4221 1139 4264 cnm
1169 4199 1260 4264 salvo
1289 4195 1451 4265 conducta
1473 4199 1517 4263 ad
1540 4223 1599 4266 eos

265 4325 395 4391 quoque
417 4307 558 4388 gratiose
581 4314 614 4369 et
635 4304 809 4369 clementer
824 4302 1020 4367 scriberetur
1036 4301 1153 4388 quibus
1169 4301 1279 4366 salvus
1293 4301 1471 4367 conductus
1487 4301 1596 4386 datrrr,

263 4409 347 4472 siout
366 4407 401 4471 in
416 4406 595 4474 Basileensi
618 4405 754 4472 concilio
778 4406 821 4471 ad
835 4405 975 4472 Boemos
998 4407 1154 4491 seriptum
1173 4423 1247 4470 esse
1271 4404 1417 4490 legimns,
1438 4415 1477 4470 ut
1495 4404 1595 4472 habe-

262 4512 370 4575 turin
392 4511 505 4576 eodem
528 4509 663 4577 concilio
687 4511 830 4577 sessione
856 4519 979 4597 quarta.
1010 4507 1068 4573 sed
1097 4505 1162 4573 huc
1189 4529 1292 4595 usque
1320 4506 1399 4573 nibil
1426 4507 1520 4574 nobis
1542 4531 1592 4574 re·

264 4634 418 4700 sponsum
441 4623 499 4678 est.
528 4623 561 4678 et
582 4614 737 4700 scriptum
759 4613 824 4679 tale
846 4633 912 4678 non
934 4612 1068 4678 deberet
1089 4611 1228 4698 prodire,
1256 4613 1447 4699 priusquam
1469 4612 1504 4676 id
1526 4611 1594 4676 Mu·

261 4717 303 4782 V.
327 4716 364 4783 O.
386 4715 505 4782 viderit
526 4725 558 4781 et
580 4717 704 4804 legerit.

365 4820 485 4908 Agitur
504 4843 591 4885 nunc
614 4821 655 4886 de
676 4819 953 4908 propositionibus
983 4821 1016 4885 in
1044 4821 1176 4906 negotio
1199 4819 1437 4886 reformationis
1457 4839 1594 4900 morum,

263 4924 321 4988 ssd
344 4925 422 4988 satis
444 4924 704 4990 somnolenter..
722 4973 753 4989 ..
777 4947 842 4990 uno
864 4924 965 4990 verbo
988 4925 1155 5010 impetrari
1175 4925 1338 5011 patrissat
1353 4933 1390 4989 ut
1403 4927 1487 4990 inter
1501 4923 1592 4989 habi·

265 5035 331 5090 tam
354 5027 530 5093 sessionem
554 5037 587 5093 et
607 5015 756 5116 proxime
779 5029 920 5094 murram
943 5028 983 5093 de
998 5047 1059 5092 usn
1071 5025 1266 5094 venerabilis
1282 5027 1495 5094 eucharistiae
1509 5037 1595 5094 trao-
