3532 5832
247 711 389 764 Nachdsm
407 727 468 762 aum
480 709 558 762 'I'hsil
576 725 638 762 vom
651 711 747 762 Kaisar
764 709 847 760 selbst
865 709 908 760 dis
920 707 1216 777 Concilsngelegsnheit
1233 706 1339 760 auidis
1351 707 1449 774 Tages-

177 797 305 866 ordnung
321 803 422 866 gesetat
439 797 546 849 worden
568 813 629 862 war,
657 797 766 863 drdngte
784 795 850 846 alles
868 794 947 846 dabin
974 795 1041 847 tiber
1064 795 1108 846 die
1125 794 1300 846 Modalitlitsn
1318 793 1449 859 schliissig
1529 853 1533 868 ,

176 899 211 934 au
219 885 338 935 werden.
357 885 397 935 Zu
409 884 461 935 dan
471 883 700 950 Autlordsrungen
713 881 759 934 des
771 881 936 948 papstliehsn
947 881 1060 932 Nuntius
1073 879 1230 948 (Gypn'anus
1243 881 1283 930 77.
1296 879 1341 945 84)
1354 879 1450 930 kamsn

176 970 316 1036 morgen
334 971 381 1021 des
399 971 431 1021 K.
449 969 554 1038 Philipp
567 967 646 1036 (Doc.
664 967 734 1021 istd.
752 971 777 1031 2,
796 969 857 1034 564)
876 967 931 1018 und
949 968 992 1018 dic
1009 967 1227 1034 Reformantrdge
1251 968 1324 1016 einer
1341 967 1378 1015 im
1395 965 1450 1016 Mai

175 1057 386 1107 versammelten
403 1055 509 1122 Synode
527 1054 574 1105 der
591 1055 749 1120 Salzburger
766 1051 926 1104 Endidcese
945 1053 975 1118 (s.
993 1054 1165 1120 Anmerkung
1181 1069 1215 1103 au
1232 1053 1277 1104 Νι.
1290 1051 1451 1116 XXXVIII).

176 1141 229 1191 Um
251 1157 290 1192 an
303 1142 355 1193 den
366 1142 553 1208 Berathungen
570 1143 598 1191 in
610 1141 688 1194 Wnn
699 1139 778 1190 Theil
796 1155 829 1189 zu
846 1139 958 1190 nahmen
975 1139 1029 1190 tral
1043 1155 1086 1191 am
1104 1141 1120 1193 8
1133 1139 1197 1190 Jnni
1216 1139 1263 1190 der
1274 1139 1381 1204 Herzog
1397 1154 1451 1188 ron

174 1227 280 1278 Baiem
297 1229 325 1279 in
341 1229 421 1279 Wien
439 1230 482 1279 ein
499 1229 577 1295 (Dec.
595 1224 709 1290 indm,
727 1227 792 1290 5643
810 1225 894 1291 Epist
912 1225 1049 1292 Poglanae
1065 1229 1091 1292 2,
1109 1227 1153 1294 66)
1171 1225 1226 1276 und
1243 1224 1378 1277 rsrweilte
1395 1223 1452 1274 bier

176 1313 219 1363 bis
237 1331 303 1364 num
320 1315 355 1366 26
372 1314 447 1368 Juni.

690 1646 876 1731 XXXV.

410 1865 529 1940 Franz
557 1887 631 1940 von
660 1867 801 1941 Thurm
830 1887 877 1940 an
907 1866 980 1940 den
1011 1863 1159 1956 Kaisar-3

641 2019 735 2084 nom,
761 2017 953 2070 sustineo.

488 2201 623 2258 chaoaa.
642 2200 789 2275 Ors'qioat5
809 2200 839 2256 ia
853 2206 943 2273 terpo:
958 2201 999 2290 23
1014 2197 1095 2254 Just.

216 2381 432 2469 Postseripta.
486 2380 631 2450 Allatum
653 2381 696 2446 ad
718 2404 770 2447 me
792 2389 850 2465 est,
873 2378 1059 2445 Sabaudiae
1082 2377 1198 2443 ducem
1218 2400 1277 2464 per
1293 2378 1455 2467 quendam

119 2503 157 2546 ex
179 2487 252 2549 suis
276 2487 332 2572 qui
353 2485 544 2572 Monsignor
566 2484 600 2551 di
622 2483 766 2572 Oolegno
793 2481 977 2572 appellatur
998 2481 1039 2548 ss
1060 2481 1093 2548 S.
1117 2482 1327 2570 significasse,
1350 2480 1455 2549 Gene-

120 2607 191 2651 vam
214 2611 291 2653 esse
314 2589 458 2654 omnium
472 2589 707 2655 haereticorum
723 2587 851 2674 asylum
867 2598 899 2653 ct
913 2586 1164 2674 receptaculum,
1188 2609 1457 2675 summopereque

121 2689 257 2756 concilio
278 2691 386 2758 firturo
408 2693 613 2779 profuturum
635 2715 715 2774 esse,
741 2693 768 2755 si
789 2691 845 2756 illa
866 2690 1009 2757 haeresis
1032 2691 1157 2756 sentina
1178 2689 1317 2758 tolletur.
1346 2713 1456 2778 quare,

123 2813 193 2857 cum
216 2817 321 2882 super
343 2819 384 2861 ea
399 2797 529 2862 civitate
544 2798 786 2883 praetensiones
801 2792 930 2876 habeat,
950 2793 1137 2886 'decrevisse
1152 2795 1238 2860 vires
1254 2816 1330 2859 suas
1346 2803 1459 2859 cenna

123 2893 283 2963 hereticos
305 2896 378 2964 illos
402 2899 540 2986 dirigere
562 2908 595 2965 et
616 2899 780 2965 civitatem
803 2904 1019 2985 oppugnare'
1045 2909 1077 2964 et
1105 2897 1179 2964 ideo
1207 2899 1287 2985 petit
1309 2921 1330 2963 a
1352 2896 1398 2963 ὃω
1422 2896 1456 2962 S.

123 3007 155 3062 ut
176 2999 242 3066 sibi
265 3001 390 3066 auxilia
411 3002 590 3086 submittat,
619 3025 692 3068 cum
715 3001 821 3068 serae
841 3001 1074 3088 Hispaniarum
1097 2999 1342 3089 Galliarumque
1363 3023 1458 3087 reges

124 3098 374 3192 Florentiasquc
390 3104 506 3171 ducem
527 3104 603 3171 huic
617 3103 825 3192 ‘expeditioni
844 3106 976 3170 minime
992 3103 1159 3170 defuturos
1175 3105 1327 3190 affirmet3
1350 3105 1458 3171 Vene-

124 3211 170 3268 tos
206 3229 341 3294 quoque
375 3207 497 3274 auxilia
533 3209 831 3275 subministrabnos
865 3207 1016 3274 creditur.
1060 3208 1207 3295 pontifex
1241 3218 1350 3273 autem
1383 3207 1459 3272 huic
1531 3241 1535 3246 ·

125 3311 271 3393 petitioni
294 3313 407 3377 annuit
429 3323 462 3377 et
482 3310 678 3400 quibusdam
699 3313 885 3377 iniunxerat
906 3321 943 3376 ut
958 3311 999 3377 de
1013 3310 1076 3376 hac
1090 3334 1125 3376 re
1139 3334 1192 3377 me
1207 3309 1459 3398 alloquerentur,

121 3409 246 3480 adhoc
277 3425 314 3478 ut
335 3415 388 3480 Ml
405 3416 446 3481 V.
470 3413 506 3482 O.
534 3416 717 3495 scriberem,
745 3423 782 3479 ut
817 3437 899 3502 quas
920 3424 1027 3502 potest
1048 3415 1169 3502 petenti
1192 3413 1268 3479 duci
1291 3415 1458 3501 suppetias

126 3536 188 3580 non
210 3517 364 3604 deneget.
407 3513 419 3538 ⁴

183 3611 188 3622 ’
221 3621 398 3687 Praeterea
418 3621 483 3686 huc
505 3645 523 3688 e
545 3623 673 3688 Vienna
695 3621 813 3689 allatae
837 3631 911 3688 sunt
932 3621 1045 3687 literas
1068 3620 1240 3710 inquibus
1261 3621 1461 3707 significatur

127 3723 223 3808 quod,
245 3746 312 3789 non
334 3724 483 3791 obstante
497 3725 562 3790 Ml·
582 3725 624 3792 V.
647 3725 873 3814 prohibitione,
896 3723 1042 3790 nonnulli
1065 3747 1083 3790 e
1105 3723 1254 3790 fenestris
1278 3723 1329 3810 (ut
1344 3725 1459 3791 eadem

123 3822 289 3893 literarum
302 3827 406 3893 verba
420 3827 573 3916 referam)
594 3831 829 3895 concionantur
850 3851 948 3915 super
970 3827 1113 3892 articulis
1136 3851 1157 3892 a
1179 3826 1257 3892 sede
1280 3829 1343 3893 ista
1364 3851 1457 3916 prae·

128 3930 220 4016 cipue
242 3929 422 4016 prohibitis,
457 3941 490 3998 et
522 3932 611 4019 quod
641 3932 748 3999 adhuc
769 3935 859 4019 viget
888 3933 1069 3998 communio
1098 3931 1159 3997 sub
1179 3940 1318 4018 utraque
1342 3933 1460 4018 specie.

126 4030 206 4100 haec
234 4045 343 4101 autem
365 4034 419 4099 Mu
445 4035 486 4100 V.
510 4036 692 4122 significare
714 4035 812 4120 volui,
845 4034 922 4100 licet
954 4033 1008 4099 hic
1037 4035 1151 4122 paucis
1172 4041 1251 4100 nota
1281 4035 1353 4118 sint,
1384 4057 1461 4100 nam

128 4137 221 4203 eredo
245 4135 312 4203 SM
334 4136 366 4203 S.
371 4187 383 4219 ,
413 4160 510 4225 quam
533 4141 673 4226 primum
696 4139 827 4206 dabitur
848 4139 992 4222 occasio,
1025 4159 1153 4204 mecum
1175 4136 1217 4202 de
1239 4137 1302 4203 hac
1324 4161 1360 4203 re
1381 4136 1459 4204 allo-

128 4249 298 4325 quuturam
320 4263 402 4325 esse,
424 4263 501 4307 nam
522 4241 604 4309 haec
627 4243 670 4308 ad
692 4245 761 4309 sius
785 4265 879 4309 aures
902 4243 1089 4329 pervenisse
1113 4243 1190 4306 scio.
1208 4291 1215 4306 .
1232 4289 1266 4307 ..

227 4344 349 4410 Iterum
364 4349 575 4434 postscripta:
592 4357 625 4412 et
638 4369 726 4413 nunc
740 4347 874 4436 quidem
890 4347 1029 4430 demum,
1044 4343 1143 4433 paulo
1159 4354 1334 4433 antequam
1348 4343 1462 4411 literae
1568 4391 1573 4398 -

127 4443 385 4534 obsignarentur,
426 4451 614 4537 supervenit
653 4450 785 4539 quidam
819 4473 839 4516 a
866 4451 930 4515 ΒΜ
963 4449 1119 4518 cardinali
1158 4447 1363 4533 Tridentino,
1402 4471 1462 4536 per

127 4570 218 4633 quem
240 4549 319 4616 mihi
341 4553 535 4638 significavit
557 4551 611 4618 S⁸¹¹
640 4550 674 4619 S.
698 4556 836 4638 nomine,
875 4565 912 4619 ut
932 4553 985 4618 Μ*1
1009 4554 1050 4619 V.
1074 4553 1108 4619 O.
1133 4552 1274 4619 scribere
1298 4551 1461 4632 deberem,

128 4649 189 4716 8¹⁸2
224 4653 258 4720 S.
293 4678 496 4743 summopere
529 4655 652 4722 hortari
684 4655 764 4722 ΜΝΙ
785 4657 827 4723 V.
850 4667 1005 4744 tanquam
1039 4655 1239 4743 reipublicae
1268 4655 1461 4722 christianae

129 4766 237 4844 caput,
270 4780 312 4824 nc
333 4759 411 4825 huic
439 4768 505 4824 tam
534 4761 608 4846 piae
629 4761 798 4848 iustaeque
829 4759 1028 4847 expeditioni
1060 4759 1144 4825 desit
1177 4767 1210 4824 et
1242 4758 1460 4847 quodcunque

129 4870 230 4944 potest
262 4862 421 4927 auxilium
443 4861 519 4927 duci
541 4863 683 4928 tribuere
707 4862 866 4950 digestu,
901 4874 934 4929 et
966 4871 1002 4929 ut
1029 4860 1184 4951 liquidius
1219 4871 1344 4929 constet
1376 4885 1461 4950 quae

129 4957 176 5027 hic
196 4986 271 5029 cum
293 4963 338 5030 δι’
363 4965 396 5031 S.
420 4964 513 5031 ducis
535 4967 665 5032 nomine
688 4967 721 5030 in
743 4967 807 5032 ists
827 4969 965 5032 materia
986 4975 1175 5049 tractantur,
1208 4967 1295 5031 misit
1316 4965 1393 5030 mihi
1416 4968 1461 5032 in·

130 5069 334 5135 structionem
356 5091 457 5157 quam
478 5068 532 5136 hic
553 5067 713 5136 inclusam
733 5071 825 5136 mitto
849 5069 886 5137 O.
908 5071 962 5136 M‘¹
981 5121 989 5138 .
1005 5119 1013 5136 .
1031 5117 1063 5135 ..

1215 5191 1254 5242 μ
