3512 5838
383 663 464 712 tatem
481 663 570 728 potins
589 662 692 716 elevent
709 679 788 730 quan
806 665 894 730 magni
913 665 1022 734 iaciant,
1040 666 1088 718 sed
1106 666 1141 718 ad
1159 665 1274 718 concilis
1290 665 1435 718 sationalia
1453 665 1548 718 etrite
1564 665 1649 717 huius

381 747 454 797 modi
472 748 589 798 subsidia
606 751 729 814 aspirent
754 751 827 801 dolet
850 751 941 802 itidem
965 751 1008 802 biu
1032 753 1058 804 S.
1085 769 1116 804 ex
1140 755 1229 805 animo
1253 753 1340 818 quod,
1365 753 1485 818 quemvis
1510 753 1649 804 concilium

382 833 530 884 universale
550 849 607 884 ease
625 835 729 898 debeat,
747 843 837 886 tamen
855 843 959 900 praeter
976 839 1045 888 Mem
1064 837 1090 888 S.
1109 853 1142 889 ac
1159 853 1236 904 reges
1249 837 1394 904 Hispaniae
1413 838 1518 888 Galliae
1538 843 1565 888 et
1576 839 1650 890 Lusi·

382 919 470 969 taniae
488 935 565 968 nemo
584 920 712 970 hactenns
731 921 780 970 init
799 923 842 986 qui
862 937 924 970 snos
942 923 1035 972 saltem
1055 940 1086 973 eo
1105 923 1222 989 allegare
1242 923 1364 988 dignatus
1386 929 1463 974 esset.
1484 940 1499 973 e
1519 940 1648 975 converso

385 1003 459 1053 videt
476 1003 536 1054 Mu·
554 1005 580 1056 S.
604 1007 757 1056 immensam
782 1021 864 1072 propo
888 1010 1071 1074 episcoporum
1095 1008 1190 1060 ltaliae
1213 1007 1406 1059 multitudinem
1432 1025 1464 1059 ec
1490 1009 1649 1059 conduxisse

383 1089 474 1156 ibique
493 1105 558 1154 sese,
577 1093 615 1142 ita
632 1097 732 1144 utnon
755 1094 840 1144 solum
864 1109 897 1144 ex
920 1095 1031 1160 siugulis
1054 1096 1252 1160 episcopatibus
1269 1095 1381 1162 singuli,
1404 1109 1498 1145 verum
1521 1094 1604 1146 etiarn
1621 1101 1649 1144 ut

382 1173 523 1240 plurimum
542 1177 605 1240 bini,
623 1177 766 1244 aliquando
785 1181 865 1230 etiam
883 1181 951 1230 terni
969 1181 1010 1230 ius
1028 1180 1200 1232 dicendorum
1218 1181 1404 1248 suffragiorum
1427 1181 1478 1234 sibi
1496 1181 1654 1240 vendicent,

382 1275 434 1326 quo
453 1259 482 1310 lit
500 1267 529 1312 ut
547 1264 662 1328 euspicio
682 1265 838 1330 quibusdum
863 1271 1002 1332 generetur
1026 1265 1117 1316 dedita
1140 1281 1221 1331 opera
1238 1265 1267 1318 id
1291 1268 1342 1334 agi,
1360 1273 1391 1318 nt
1408 1266 1580 1319 multitudine
1598 1266 1650 1316 sui·

380 1345 523 1412 tragiorum
544 1349 560 1397 ii
580 1350 689 1400 vincant
706 1365 816 1416 qnorum
834 1354 948 1402 victoria
967 1354 1056 1402 curiae
1079 1351 1215 1404 Romanae
1239 1353 1411 1420 eiusdemque
1435 1353 1566 1404 abusibus
1598 1363 1650 1402 ma·

380 1433 515 1497 ximopere
527 1439 607 1499 queat
619 1437 788 1499 patrocinari.
808 1438 929 1488 succedit
939 1445 1027 1488 autem
1046 1453 1078 1488 ex
1098 1453 1138 1500 eo,
1156 1443 1186 1488 ut
1203 1439 1230 1488 in
1241 1437 1391 1489 huiusmodi
1410 1435 1594 1489 casibus'iieri
1613 1452 1652 1486 eo-

381 1516 428 1578 let,
446 1517 500 1568 alia
517 1534 568 1570 nec
585 1520 669 1571 multo
688 1523 772 1572 minor
789 1524 822 1572 in·
833 1521 999 1587 cmmoditas,
1024 1521 1094 1589 quod
1112 1527 1187 1575 tauta
1211 1529 1252 1574 est
1274 1529 1394 1574 votorum
1418 1529 1445 1574 et
1467 1524 1609 1588 prolixitas
1624 1507 1653 1572 ἰι

379 1603 549 1668 perplexitas,
568 1610 598 1655 ut
616 1606 668 1657 hoo
685 1607 764 1658 modo
782 1608 951 1674 procedendo
970 1609 1112 1660 concilium
1129 1611 1215 1675 ipsum
1232 1609 1300 1662 heae
1325 1609 1359 1660 ad
1374 1609 1470 1676 viginti
1493 1609 1539 1660 vel
1564 1609 1653 1674 plures

380 1702 463 1741 annos
482 1691 674 1744 extenderetur.
693 1693 825 1746 intellexit
842 1695 912 1746 enim
929 1695 989 1746 Min
1008 1694 1035 1748 S.
1053 1711 1086 1746 ex
1105 1694 1227 1746 ducentia
1245 1696 1366 1761 patribus
1384 1701 1412 1745 et
1428 1695 1498 1746 ultra
1516 1695 1564 1760 qui
1583 1709 1652 1746 nunc

380 1775 407 1826 in
426 1775 539 1828 concilio
557 1783 625 1841 eunt,
645 1757 754 1846 aidgulia
771 1781 864 1832 diebus
882 1783 926 1832 vix
945 1787 1085 1848 quaternos
1104 1787 1151 1832 aut
1169 1783 1263 1847 quinos
1289 1783 1317 1832 iu
1334 1781 1465 1846 suffragiis
1488 1783 1545 1832 ania
1564 1780 1649 1832 audiri

379 1876 467 1926 posse,
486 1861 581 1914 deinde
599 1869 701 1915 tantam
720 1882 778 1918 ease
797 1867 996 1918 contradicendi
1015 1872 1042 1917 et
1059 1867 1210 1932 disputandi
1228 1867 1400 1934 cupiditatem
1418 1872 1456 1930 ut,
1474 1867 1587 1916 minimo
1606 1865 1652 1914 ali-

380 1963 434 2012 quo
452 1947 565 2000 articulo
585 1952 664 2001 etiam
682 1952 768 2002 obiter
792 1957 819 2003 et
836 1953 983 2003 incidenter
1005 1959 1124 2018 arrepto,
1151 1954 1280 2004 terribiles
1303 1953 1375 2004 rixae
1400 1968 1432 2004 ac
1457 1955 1653 2014 contentiones,

381 2037 507 2099 tanquam
525 2036 548 2085 ei
566 2042 688 2102 ageretur
706 2038 739 2090 de
758 2039 810 2088 arie
828 2039 942 2102 ettonis,
960 2039 1089 2102 oriantur;
1107 2038 1169 2089 inde
1188 2037 1280 2104 procui
1293 2038 1508 2089 dubioeiiectum
1528 2037 1652 2103 estquod

382 2133 461 2184 super
480 2120 538 2171 eolo
556 2121 602 2173 illo
620 2123 731 2174 articulo
750 2126 795 2190 qui
814 2124 846 2174 de
865 2127 921 2174 inre
940 2140 972 2176 ac
990 2124 1133 2174 residentia
1152 2126 1335 2190 episcoporum
1352 2124 1453 2188 incidit,
1470 2125 1563 2189 plures
1582 2139 1653 2173 men·

381 2219 423 2254 aee
442 2211 505 2256 sunt
524 2211 681 2273 consumpti.
699 2209 844 2274 placuisset
862 2210 969 2275 quidem
986 2207 1032 2259 Ma
1054 2207 1079 2260 S.
1098 2214 1128 2259 ut
1146 2209 1180 2260 ad
1200 2208 1324 2260 evitanda
1347 2207 1497 2261 huiuamodi
1524 2211 1653 2260 inconve-

380 2291 481 2342 nientia
499 2293 618 2360 singulae
637 2309 759 2360 quaeque
781 2297 908 2346 materiae
931 2297 959 2345 in
981 2299 1067 2345 certas
1090 2295 1189 2345 classes
1212 2293 1347 2346 hominurn
1371 2297 1516 2361 peritorum
1541 2295 1655 2345 trrinsem

381 2375 546 2440 distributae,
564 2379 603 2429 ita
620 2385 650 2430 nt
666 2381 779 2446 negotiis
798 2381 836 2432 ibi
855 2381 1020 2433 exactissime
1039 2381 1165 2431 (ιιιιιιιιιι
1183 2385 1271 2446 patres
1288 2385 1362 2431 tanto
1375 2382 1501 2432 maiorem
1515 2382 1652 2447 oportuni·

380 2467 461 2514 tatem
486 2464 640 2516 habuissent
655 2467 683 2516 in
701 2465 834 2531 plerisque
852 2468 909 2518 aine
927 2467 1095 2517 ulterioribus
1113 2467 1269 2532 ambagibus
1287 2467 1381 2518 saltem
1399 2467 1579 2532 perverbum
1596 2467 1652 2533 pla·

381 2551 425 2599 cet
442 2551 599 2600 sententiam
617 2565 691 2602 snam
716 2551 850 2602 efferendi.
878 2553 963 2602 visum
987 2567 1093 2618 qnoque
1115 2551 1159 2602 Me
1179 2551 1206 2602 S.
1229 2552 1336 2614 thieset,
1359 2567 1456 2602 morem
1481 2554 1651 2618 antiquorum

382 2634 555 2686 conciliorum
573 2638 600 2686 ιιι
620 2651 652 2688 eo
671 2638 792 2687 renovari
803 2637 909 2700 debere,
927 2641 958 2687 ut
975 2653 1027 2687 non
1045 2638 1199 2704 simpliciter
1215 2637 1290 2688 locus
1303 2643 1373 2688 esset
1385 2638 1572 2704 suffragiorum
1586 2637 1651 2688 mul·

380 2719 494 2784 titudini‚
512 2721 560 2771 sed
578 2737 619 2772 res
638 2722 822 2788 expedirentur
840 2739 888 2788 per
906 2722 1091 2788 deputationes
1108 2725 1251 2774 nationum.
1272 2727 1407 2774 caeterum
1424 2725 1451 2774 in
1469 2723 1510 2774 bis
1526 2725 1650 2775 omnihus

380 2805 441 2856 Mu
458 2803 485 2856 S.
503 2808 582 2857 sentit
600 2821 629 2858 se
647 2807 775 2859 hactenns
793 2809 878 2859 surdis
896 2821 1017 2860 ιιιιιιιιι
1035 2807 1159 2863 tabulam.
1183 2813 1322 2874 praeterea
1338 2810 1366 2858 in
1384 2809 1436 2860 hoc
1447 2810 1574 2860 incubuit
1591 2810 1649 2860 Mi..

381 2889 409 2944 Β.
426 2896 465 2956 ut,
483 2893 506 2941 ιι
523 2891 575 2943 hoc
592 2896 711 2958 ternpore
729 2907 789 2944 cum
808 2893 965 2945 adversariis
982 2892 1047 2944 nihil
1064 2894 1171 2944 maioris
1183 2896 1308 2945 momenti
1317 2895 1425 2946 tractari
1436 2899 1536 2959 posset,
1554 2895 1649 2946 saltem

386 2975 493 3028 daretur
511 2991 592 3043 opera
603 2983 634 3028 ut
644 2993 693 3044 per
701 2977 891 3030 relaxationem
901 2979 1086 3030 nonnullorum
1099 2994 1166 3046 quae
1179 2979 1262 3044 magis
1275 2981 1339 3030 iuris
1350 2981 1458 3046 positivi
1470 2993 1550 3046 quam
1569 2981 1651 3032 divini

383 3065 451 3126 sunt,
470 3061 564 3114 saltem
582 3062 708 3129 reliquiae
726 3065 860 3130 religionis
879 3064 984 3114 Cath·⁸·
1002 3065 1030 3114 in
1049 3065 1190 3116 Germania
1208 3069 1235 3115 et
1258 3065 1321 3118 alibi
1344 3081 1392 3131 pro
1415 3066 1484 3115 virili
1507 3081 1650 3119 conserva·

381 3151 471 3198 rentur
488 3153 522 3212 et,
541 3151 661 3215 quamvis
678 3155 756 3215 prout
785 3151 845 3200 Mu·
867 3149 894 3200 S.
912 3149 1055 3200 informata
1081 3150 1132 3201 tuit
1162 3153 1246 3202 ιιιιιοι
1271 3163 1332 3216 pars
1358 3150 1553 3217 theologorum,
1579 3154 1650 3204 bona

381 3249 487 3300 quoque
505 3249 566 3300 para
584 3241 687 3302 patrum
714 3237 867 3287 censuerint
893 3236 971 3286 hulna
989 3235 1044 3286 qn.
1062 3235 1089 3288 S.
1119 3235 1221 3286 consilii
1246 3237 1376 3287 rationem
1403 3251 1462 3286 esee
1486 3237 1647 3302 habendam,

381 3325 471 3370 tamen
489 3322 579 3372 nescio
598 3322 693 3386 qnibns
712 3323 824 3372 dnistris
841 3319 1083 3373 machinationibus
1102 3321 1226 3372 etiectnm
1249 3327 1297 3383 ιιι,
1321 3327 1352 3372 ut
1369 3335 1412 3372 ree
1430 3321 1478 3372 illa
1494 3335 1512 3372 a
1529 3324 1649 3374 concilio

380 3405 415 3456 ad
433 3421 562 3457 summurn
579 3407 738 3473 pontificem·
756 3408 852 3460 deinde
871 3409 906 3459 ab
925 3407 1028 3471 eodem,
1047 3421 1108 3458 curn
1126 3407 1203 3460 11122·
1222 3409 1275 3460 dux
1298 3407 1430 3459 bavariae
1448 3408 1521 3474 apud
1538 3407 1601 3459 δι’·
1619 3409 1646 3462 S.

379 3491 518 3556 insisteret,
536 3507 625 3543 rursus
644 3494 679 3544 ad
698 3495 838 3544 concilium
857 3495 966 3544 remissa
983 3493 1069 3556 inerit,
1088 3495 1126 3544 ita
1143 3497 1174 3544 nt
1192 3495 1220 3544 in
1240 3493 1398 3544 hodiernum
1412 3493 1481 3544 diem
1494 3491 1585 3544 adhuc
1596 3511 1650 3545 non

381 3579 486 3628 constet
503 3577 566 3644 qnid
583 3579 611 3629 in
630 3578 723 3629 euvei
741 3579 899 3644 sperandum
917 3578 962 3628 ιιι
980 3578 1173 3643 desperandum
1191 3580 1238 3640 sit,
1263 3583 1289 3628 et
1312 3580 1350 3628 sic
1373 3581 1400 3629 in
1423 3579 1475 3630 hac
1492 3583 1570 3645 parte
1588 3596 1649 3630 cnm

379 3663 507 3729 religione
525 3677 603 3713 scena
620 3680 674 3714 non
692 3666 735 3730 agi
753 3665 867 3728 ridetur,
886 3671 1011 3729 tanquam
1030 3665 1051 3714 si
1070 3663 1165 3728 aliquis
1183 3664 1238 3728 pila
1255 3663 1367 3717 luderet.
1386 3669 1522 3715 caeterum
1540 3668 1647 3717 univer·

379 3751 849 3814 enaqnoquentopinortcrrarnm
868 3749 984 3800 urbisin
1003 3763 1035 3799 ea
1053 3750 1178 3814 opinione
1197 3749 1263 3810 init,
1291 3747 1362 3814 quod
1381 3749 1512 3801 derebus
1528 3765 1600 3816 quae
1621 3753 1648 3802 in

381 3833 495 3884 concilio
513 3837 689 3885 tractarentur
706 3835 812 3901 ipsimet
830 3835 944 3886 concilio
962 3835 1065 3900 integra
1083 3840 1110 3886 et
1127 3835 1222 3885 illaesa
1238 3834 1348 3886 deberet
1365 3849 1424 3886 esse
1441 3851 1490 3886 sna
1509 3839 1646 3900 ιιιιιιιιιι,

381 3917 421 3971 ita
438 3925 538 3973 utnon
556 3935 679 3974 necessse
698 3923 733 3974 sit
749 3937 796 3988 pro
816 3923 1034 3972 determinatione
1053 3921 1130 3971 huius
1148 3919 1192 3971 ιιι
1210 3921 1318 3972 alterins
1327 3918 1434 3972 articuli
1451 3921 1504 3972 huc
1523 3927 1571 3973 aut
1582 3923 1647 3974 illue

379 4021 523 4058 recurrere.
542 4021 584 4058 res
602 4011 692 4058 tamen
709 4008 767 4074 ipae
785 4007 877 4058 docuit
894 4007 974 4071 longe
992 4005 1073 4056 alium
1093 4012 1120 4056 et
1133 4005 1200 4056 torte
1213 4008 1307 4071 priscis
1318 4008 1482 4074 temporibus
1493 4007 1644 4059 ιιιιιᾱιιιιιιι

381 4089 500 4142 ordinem
518 4092 545 4142 in
562 4091 614 4143 huo
633 4093 802 4144 observatum
821 4107 887 4156 esee,
915 4095 953 4144 ita
972 4092 1043 4158 qnod
1069 4107 1120 4142 nec
1143 4093 1277 4141 minimum
1295 4107 1346 4142 nec
1364 4093 1506 4142 marimum
1525 4093 1645 4144 decisum

380 4176 467 4238 inerit,
484 4179 535 4227 nisi
553 4177 624 4243 priua
641 4177 739 4229 habitis
764 4195 796 4228 ex
814 4179 887 4229 Urbe
911 4181 1015 4229 nunciis
1039 4193 1072 4228 ao
1095 4177 1191 4240 literis,
1219 4179 1314 4244 quibua
1332 4178 1558 4244 praescriberetur
1575 4179 1645 4246 quod

380 4267 451 4312 esset
467 4262 606 4328 agendum.
625 4279 678 4314 non
696 4264 850 4330 impingitur
867 4265 894 4314 in
912 4263 963 4314 hac
980 4269 1056 4329 parte
1075 4263 1155 4328 culpa
1179 4269 1232 4314 tam
1250 4265 1302 4329 ipsi
1320 4277 1421 4314 summo
1438 4263 1576 4330 pontici,
1599 4265 1643 4332 qui

379 4345 472 4412 procul
485 4347 565 4399 dubio
584 4353 656 4399 recte
675 4362 708 4399 ac
724 4350 768 4414 pie
787 4349 821 4399 de
839 4349 960 4400 omnibus
978 4349 1065 4411 ιιιιιιι,
1084 4362 1162 4415 quam
1180 4347 1248 4400 forte
1266 4349 1347 4400 alioci
1359 4349 1391 4400 D.
1405 4349 1580 4402 cardinalium
1591 4366 1643 4402 ma-

380 4432 479 4497 nipulo,
498 4435 543 4500 qui
561 4433 625 4484 nihil
643 4439 715 4484 recte
734 4437 778 4500 agi
795 4439 889 4500 putant
906 4437 958 4486 nisi
985 4434 1056 4500 qnod
1074 4433 1103 4484 tit
1127 4449 1160 4484 ex
1188 4436 1305 4500 ipsorum
1331 4437 1449 4501 imperio,
1473 4449 1534 4486 cum
1557 4441 1643 4487 tanim

380 4517 472 4568 merito
491 4519 613 4584 ignorare
630 4535 682 4570 non
702 4520 829 4571 deberent
848 4523 963 4586 ipsomrn
982 4519 1026 4570 ιιι
1045 4520 1212 4570 autoritatem
1234 4519 1279 4570 ιιι
1307 4521 1453 4571 doctrinam
1476 4521 1521 4571 vel
1543 4524 1642 4587 sapien·

380 4603 443 4652 tiarn
461 4605 527 4653 tanti
545 4619 598 4655 non
617 4619 688 4669 esse,
714 4609 743 4655 nt
762 4605 874 4656 eandem
892 4611 946 4655 tam
969 4617 1111 4654 numeroso
1134 4608 1237 4669 patmm
1263 4604 1334 4654 cetui
1358 4605 1493 4670 praeferre
1518 4605 1638 4658 debeant

378 4686 471 4738 saltem
491 4690 693 4740 observarentur
709 4691 737 4740 in
759 4689 812 4740 hac
829 4699 858 4740 re
882 4689 964 4740 debiti
990 4687 1056 4738 fines
1078 4688 1239 4750 modestiae3
1266 4703 1358 4740 verum
1376 4695 1551 4758 posteaquam
1567 4697 1638 4742 tauta

378 4773 527 4834 insolentia.
545 4777 575 4823 nt
591 4773 681 4839 fertur,
702 4780 794 4826 contra
813 4775 880 4825 dnos
898 4773 960 4824 ΒΜ
979 4775 1064 4835 viros,
1088 4772 1214 4824 videlicet
1238 4773 1268 4826 0.
1286 4773 1461 4827 Mantuannm
1479 4782 1508 4827 et
1524 4777 1555 4828 C.
1572 4777 1635 4827 Seri·

377 4858 493 4924 pandum
510 4873 664 4923 processum
682 4865 730 4922 ιιι,
749 4865 778 4911 ιιι
796 4861 960 4911 adsumetur
977 4863 1118 4924 utrumque
1136 4873 1169 4909 ex
1186 4859 1266 4910 animi
1285 4859 1378 4911 dolore
1395 4863 1452 4912 vita
1464 4875 1524 4913 ease
1536 4861 1640 4914 defunc

377 4949 441 5008 turn,
459 4941 547 4994 adhue
559 4959 612 4995 non
630 4949 718 4997 cessat
736 4948 848 5012 gemitus
866 4947 911 5010 qui
929 4944 1001 5008 apud
1018 4943 1115 4994 multos
1133 4946 1217 4995 bonos
1234 4945 1305 4995 viros
1324 4961 1357 4995 ex
1374 4959 1408 4996 ea
1425 4961 1454 4997 re
1472 4959 1580 5000 caueam
1597 4945 1639 4996 du·
