<?xml version="1.0" encoding="UTF-8"?>
<!DOCTYPE html PUBLIC "-//W3C//DTD XHTML 1.0 Transitional//EN"
    "http://www.w3.org/TR/xhtml1/DTD/xhtml1-transitional.dtd">
<html xmlns="http://www.w3.org/1999/xhtml" xml:lang="en" lang="en">
 <head>
  <title>
</title>
<meta http-equiv="Content-Type" content="text/html;charset=utf-8" />
  <meta name='ocr-system' content='tesseract 3.04.00' />
  <meta name='ocr-capabilities' content='ocr_page ocr_carea ocr_par ocr_line ocrx_word'/>
</head>
<body>
  <div class='ocr_page' id='page_1' title='image "./zurgeschichtede00unkngoog/zurgeschichtede00unkngoog_0519.png"; bbox 0 0 3468 5820; ppageno 0'>
   <div class='ocr_carea' id='block_1_1' title="bbox 328 719 1664 2674">
    <p class='ocr_par' dir='ltr' id='par_1_1' title="bbox 328 719 1664 2674">
     <span class='ocr_line' id='line_1_1' title="bbox 331 719 1658 813; baseline -0.007 -23"><span class='ocrx_word' id='word_1_1' title='bbox 331 747 415 813; x_wconf 90' lang='lat' dir='ltr'><strong>quos</strong></span> <span class='ocrx_word' id='word_1_2' title='bbox 437 724 568 813; x_wconf 87' lang='lat' dir='ltr'><strong>quidem</strong></span> <span class='ocrx_word' id='word_1_3' title='bbox 591 723 752 807; x_wconf 78' lang='lat' dir='ltr'><strong>articulos,</strong></span> <span class='ocrx_word' id='word_1_4' title='bbox 788 743 858 788; x_wconf 89' lang='lat' dir='ltr'><strong>oum</strong></span> <span class='ocrx_word' id='word_1_5' title='bbox 880 721 974 789; x_wconf 88' lang='lat' dir='ltr'><strong>nobis</strong></span> <span class='ocrx_word' id='word_1_6' title='bbox 1007 721 1228 810; x_wconf 87' lang='lat' dir='ltr'><strong>superioribus</strong></span> <span class='ocrx_word' id='word_1_7' title='bbox 1262 721 1376 788; x_wconf 90' lang='lat' dir='ltr'><strong>diebus</strong></span> <span class='ocrx_word' id='word_1_8' title='bbox 1400 719 1490 787; x_wconf 85' lang='lat' dir='ltr'><strong>allati</strong></span> <span class='ocrx_word' id='word_1_9' title='bbox 1512 719 1658 798; x_wconf 86' lang='lat' dir='ltr'><strong>luissent,</strong></span> 
     </span>
     <span class='ocr_line' id='line_1_2' title="bbox 334 825 1658 916; baseline -0.005 -23"><span class='ocrx_word' id='word_1_10' title='bbox 334 852 399 893; x_wconf 92' lang='lat' dir='ltr'><strong>non</strong></span> <span class='ocrx_word' id='word_1_11' title='bbox 421 827 517 893; x_wconf 92' lang='lat' dir='ltr'><strong>modo</strong></span> <span class='ocrx_word' id='word_1_12' title='bbox 540 849 598 893; x_wconf 92' lang='lat' dir='ltr'><strong>nos</strong></span> <span class='ocrx_word' id='word_1_13' title='bbox 621 829 683 916; x_wconf 88' lang='lat' dir='ltr'><strong>ipsi</strong></span> <span class='ocrx_word' id='word_1_14' title='bbox 705 828 946 894; x_wconf 82' lang='lat' dir='ltr'><strong>accuratissime</strong></span> <span class='ocrx_word' id='word_1_15' title='bbox 969 825 1177 891; x_wconf 82' lang='lat' dir='ltr'><strong>discussimus</strong></span> <span class='ocrx_word' id='word_1_16' title='bbox 1208 835 1240 892; x_wconf 89' lang='lat' dir='ltr'><strong>et</strong></span> <span class='ocrx_word' id='word_1_17' title='bbox 1268 825 1515 915; x_wconf 85' lang='lat' dir='ltr'><strong>perpendimus,</strong></span> <span class='ocrx_word' id='word_1_18' title='bbox 1545 845 1658 888; x_wconf 84' lang='lat' dir='ltr'><strong>verum</strong></span> 
     </span>
     <span class='ocr_line' id='line_1_3' title="bbox 333 924 1660 1019; baseline -0.005 -24"><span class='ocrx_word' id='word_1_19' title='bbox 333 934 429 998; x_wconf 84' lang='lat' dir='ltr'><strong>etiarn</strong></span> <span class='ocrx_word' id='word_1_20' title='bbox 453 929 642 996; x_wconf 88' lang='lat' dir='ltr'><strong>consiliariis</strong></span> <span class='ocrx_word' id='word_1_21' title='bbox 664 929 727 996; x_wconf 90' lang='lat' dir='ltr'><strong>illis</strong></span> <span class='ocrx_word' id='word_1_22' title='bbox 750 931 867 1001; x_wconf 86' lang='lat' dir='ltr'><strong>uostris</strong></span> <span class='ocrx_word' id='word_1_23' title='bbox 896 953 1033 1019; x_wconf 90' lang='lat' dir='ltr'><strong>quorum</strong></span> <span class='ocrx_word' id='word_1_24' title='bbox 1060 927 1192 996; x_wconf 89' lang='lat' dir='ltr'><strong>consilio</strong></span> <span class='ocrx_word' id='word_1_25' title='bbox 1221 939 1253 996; x_wconf 90' lang='lat' dir='ltr'><strong>et</strong></span> <span class='ocrx_word' id='word_1_26' title='bbox 1281 953 1379 1018; x_wconf 88' lang='lat' dir='ltr'><strong>opera</strong></span> <span class='ocrx_word' id='word_1_27' title='bbox 1407 929 1440 994; x_wconf 89' lang='lat' dir='ltr'><strong>in</strong></span> <span class='ocrx_word' id='word_1_28' title='bbox 1473 924 1660 992; x_wconf 87' lang='lat' dir='ltr'><strong>huiusmodi</strong></span> 
     </span>
     <span class='ocr_line' id='line_1_4' title="bbox 332 1028 1660 1122; baseline -0.008 -19"><span class='ocrx_word' id='word_1_29' title='bbox 332 1037 477 1120; x_wconf 79' lang='lat' dir='ltr'><strong>negociis</strong></span> <span class='ocrx_word' id='word_1_30' title='bbox 499 1034 562 1102; x_wconf 91' lang='lat' dir='ltr'><strong>hoc</strong></span> <span class='ocrx_word' id='word_1_31' title='bbox 583 1045 728 1122; x_wconf 88' lang='lat' dir='ltr'><strong>tempore</strong></span> <span class='ocrx_word' id='word_1_32' title='bbox 750 1035 879 1119; x_wconf 89' lang='lat' dir='ltr'><strong>utimur,</strong></span> <span class='ocrx_word' id='word_1_33' title='bbox 903 1033 1137 1102; x_wconf 86' lang='lat' dir='ltr'><strong>examinandos</strong></span> <span class='ocrx_word' id='word_1_34' title='bbox 1160 1033 1318 1100; x_wconf 80' lang='lat' dir='ltr'><strong>dedimus.</strong></span> <span class='ocrx_word' id='word_1_35' title='bbox 1349 1043 1382 1097; x_wconf 90' lang='lat' dir='ltr'><strong>et</strong></span> <span class='ocrx_word' id='word_1_36' title='bbox 1402 1031 1480 1098; x_wconf 89' lang='lat' dir='ltr'><strong>lieet</strong></span> <span class='ocrx_word' id='word_1_37' title='bbox 1502 1028 1660 1096; x_wconf 83' lang='lat' dir='ltr'><strong>eiusmodi</strong></span> 
     </span>
     <span class='ocr_line' id='line_1_5' title="bbox 333 1133 1662 1224; baseline -0.005 -22"><span class='ocrx_word' id='word_1_38' title='bbox 333 1136 523 1202; x_wconf 84' lang='lat' dir='ltr'><strong>deliberatio</strong></span> <span class='ocrx_word' id='word_1_39' title='bbox 547 1147 580 1204; x_wconf 91' lang='lat' dir='ltr'><strong>et</strong></span> <span class='ocrx_word' id='word_1_40' title='bbox 600 1137 792 1204; x_wconf 84' lang='lat' dir='ltr'><strong>consultatio</strong></span> <span class='ocrx_word' id='word_1_41' title='bbox 821 1159 919 1223; x_wconf 85' lang='lat' dir='ltr'><strong>super</strong></span> <span class='ocrx_word' id='word_1_42' title='bbox 948 1137 1098 1202; x_wconf 90' lang='lat' dir='ltr'><strong>omnibus</strong></span> <span class='ocrx_word' id='word_1_43' title='bbox 1124 1135 1187 1201; x_wconf 90' lang='lat' dir='ltr'><strong>illis</strong></span> <span class='ocrx_word' id='word_1_44' title='bbox 1217 1135 1362 1202; x_wconf 80' lang='lat' dir='ltr'><strong>articulis</strong></span> <span class='ocrx_word' id='word_1_45' title='bbox 1381 1157 1441 1224; x_wconf 91' lang='lat' dir='ltr'><strong>pro</strong></span> <span class='ocrx_word' id='word_1_46' title='bbox 1463 1135 1510 1200; x_wconf 88' lang='lat' dir='ltr'><strong>rei</strong></span> <span class='ocrx_word' id='word_1_47' title='bbox 1531 1133 1662 1219; x_wconf 89' lang='lat' dir='ltr'><strong>magni-</strong></span> 
     </span>
     <span class='ocr_line' id='line_1_6' title="bbox 331 1237 1662 1330; baseline -0.005 -24"><span class='ocrx_word' id='word_1_48' title='bbox 331 1241 442 1306; x_wconf 91' lang='lat' dir='ltr'><strong>tudine</strong></span> <span class='ocrx_word' id='word_1_49' title='bbox 464 1240 590 1306; x_wconf 89' lang='lat' dir='ltr'><strong>absolvi</strong></span> <span class='ocrx_word' id='word_1_50' title='bbox 612 1241 752 1307; x_wconf 90' lang='lat' dir='ltr'><strong>nondum</strong></span> <span class='ocrx_word' id='word_1_51' title='bbox 777 1244 924 1328; x_wconf 88' lang='lat' dir='ltr'><strong>potuerit,</strong></span> <span class='ocrx_word' id='word_1_52' title='bbox 948 1246 1025 1330; x_wconf 89' lang='lat' dir='ltr'><strong>quia</strong></span> <span class='ocrx_word' id='word_1_53' title='bbox 1047 1249 1152 1306; x_wconf 86' lang='lat' dir='ltr'><strong>tameo</strong></span> <span class='ocrx_word' id='word_1_54' title='bbox 1175 1261 1217 1304; x_wconf 82' lang='lat' dir='ltr'><strong>ex</strong></span> <span class='ocrx_word' id='word_1_55' title='bbox 1232 1239 1402 1306; x_wconf 82' lang='lat' dir='ltr'><strong>antedictis</strong></span> <span class='ocrx_word' id='word_1_56' title='bbox 1428 1237 1528 1303; x_wconf 86' lang='lat' dir='ltr'><strong>literis</strong></span> <span class='ocrx_word' id='word_1_57' title='bbox 1543 1238 1662 1302; x_wconf 86' lang='lat' dir='ltr'><strong>vestris</strong></span> 
     </span>
     <span class='ocr_line' id='line_1_7' title="bbox 331 1339 1662 1433; baseline -0.006 -21"><span class='ocrx_word' id='word_1_58' title='bbox 331 1345 520 1412; x_wconf 89' lang='lat' dir='ltr'><strong>coniicimus</strong></span> <span class='ocrx_word' id='word_1_59' title='bbox 541 1354 651 1432; x_wconf 87' lang='lat' dir='ltr'><strong>patres</strong></span> <span class='ocrx_word' id='word_1_60' title='bbox 673 1355 747 1433; x_wconf 91' lang='lat' dir='ltr'><strong>post</strong></span> <span class='ocrx_word' id='word_1_61' title='bbox 770 1345 946 1410; x_wconf 84' lang='lat' dir='ltr'><strong>adventum</strong></span> <span class='ocrx_word' id='word_1_62' title='bbox 967 1343 1023 1410; x_wconf 77' lang='lat' dir='ltr'>R¹¹¹¹</span> <span class='ocrx_word' id='word_1_63' title='bbox 1046 1341 1084 1410; x_wconf 83' lang='lat' dir='ltr'><strong>O.</strong></span> <span class='ocrx_word' id='word_1_64' title='bbox 1105 1343 1232 1410; x_wconf 89' lang='lat' dir='ltr'><strong>Moroni</strong></span> <span class='ocrx_word' id='word_1_65' title='bbox 1260 1343 1293 1408; x_wconf 91' lang='lat' dir='ltr'><strong>in</strong></span> <span class='ocrx_word' id='word_1_66' title='bbox 1322 1339 1598 1432; x_wconf 85' lang='lat' dir='ltr'><strong>disputationibus</strong></span> <span class='ocrx_word' id='word_1_67' title='bbox 1623 1339 1662 1404; x_wconf 88' lang='lat' dir='ltr'><strong>de</strong></span> 
     </span>
     <span class='ocr_line' id='line_1_8' title="bbox 331 1446 1664 1538; baseline -0.006 -22"><span class='ocrx_word' id='word_1_68' title='bbox 331 1451 395 1516; x_wconf 91' lang='lat' dir='ltr'><strong>hoc</strong></span> <span class='ocrx_word' id='word_1_69' title='bbox 417 1449 553 1516; x_wconf 87' lang='lat' dir='ltr'><strong>articulo</strong></span> <span class='ocrx_word' id='word_1_70' title='bbox 578 1451 735 1538; x_wconf 86' lang='lat' dir='ltr'><strong>susceptis</strong></span> <span class='ocrx_word' id='word_1_71' title='bbox 759 1447 869 1516; x_wconf 88' lang='lat' dir='ltr'><strong>sedulo</strong></span> <span class='ocrx_word' id='word_1_72' title='bbox 893 1447 1094 1516; x_wconf 82' lang='lat' dir='ltr'><strong>laboraturos</strong></span> <span class='ocrx_word' id='word_1_73' title='bbox 1123 1457 1156 1514; x_wconf 88' lang='lat' dir='ltr'><strong>et</strong></span> <span class='ocrx_word' id='word_1_74' title='bbox 1184 1469 1411 1535; x_wconf 86' lang='lat' dir='ltr'><strong>progressuros</strong></span> <span class='ocrx_word' id='word_1_75' title='bbox 1435 1469 1524 1530; x_wconf 87' lang='lat' dir='ltr'><strong>esse,</strong></span> <span class='ocrx_word' id='word_1_76' title='bbox 1549 1446 1664 1512; x_wconf 84' lang='lat' dir='ltr'><strong>existi·</strong></span> 
     </span>
     <span class='ocr_line' id='line_1_9' title="bbox 331 1549 1662 1640; baseline -0.005 -20"><span class='ocrx_word' id='word_1_77' title='bbox 331 1555 491 1620; x_wconf 77' lang='lat' dir='ltr'><strong>movimus</strong></span> <span class='ocrx_word' id='word_1_78' title='bbox 513 1576 632 1640; x_wconf 84' lang='lat' dir='ltr'><strong>operae</strong></span> <span class='ocrx_word' id='word_1_79' title='bbox 644 1554 781 1640; x_wconf 89' lang='lat' dir='ltr'><strong>pretium</strong></span> <span class='ocrx_word' id='word_1_80' title='bbox 797 1551 865 1618; x_wconf 82' lang='lat' dir='ltr'><strong>fore</strong></span> <span class='ocrx_word' id='word_1_81' title='bbox 888 1561 933 1629; x_wconf 86' lang='lat' dir='ltr'><strong>ut,</strong></span> <span class='ocrx_word' id='word_1_82' title='bbox 955 1575 1021 1618; x_wconf 89' lang='lat' dir='ltr'><strong>non</strong></span> <span class='ocrx_word' id='word_1_83' title='bbox 1037 1560 1208 1640; x_wconf 83' lang='lat' dir='ltr'><strong>expectato</strong></span> <span class='ocrx_word' id='word_1_84' title='bbox 1225 1550 1468 1619; x_wconf 84' lang='lat' dir='ltr'><strong>consultationis</strong></span> <span class='ocrx_word' id='word_1_85' title='bbox 1484 1549 1572 1616; x_wconf 90' lang='lat' dir='ltr'><strong>illius</strong></span> <span class='ocrx_word' id='word_1_86' title='bbox 1588 1550 1662 1631; x_wconf 87' lang='lat' dir='ltr'><strong>fine,</strong></span> 
     </span>
     <span class='ocr_line' id='line_1_10' title="bbox 333 1652 1661 1743; baseline -0.005 -21"><span class='ocrx_word' id='word_1_87' title='bbox 333 1681 421 1722; x_wconf 90' lang='lat' dir='ltr'><strong>nunc</strong></span> <span class='ocrx_word' id='word_1_88' title='bbox 443 1656 556 1724; x_wconf 86' lang='lat' dir='ltr'><strong>saltem</strong></span> <span class='ocrx_word' id='word_1_89' title='bbox 580 1657 620 1720; x_wconf 91' lang='lat' dir='ltr'><strong>de</strong></span> <span class='ocrx_word' id='word_1_90' title='bbox 642 1659 682 1720; x_wconf 92' lang='lat' dir='ltr'><strong>iis</strong></span> <span class='ocrx_word' id='word_1_91' title='bbox 705 1679 789 1743; x_wconf 89' lang='lat' dir='ltr'><strong>quae</strong></span> <span class='ocrx_word' id='word_1_92' title='bbox 811 1655 967 1722; x_wconf 85' lang='lat' dir='ltr'><strong>hactenus</strong></span> <span class='ocrx_word' id='word_1_93' title='bbox 990 1655 1080 1742; x_wconf 88' lang='lat' dir='ltr'><strong>apud</strong></span> <span class='ocrx_word' id='word_1_94' title='bbox 1101 1677 1162 1720; x_wconf 89' lang='lat' dir='ltr'><strong>nos</strong></span> <span class='ocrx_word' id='word_1_95' title='bbox 1184 1655 1393 1742; x_wconf 87' lang='lat' dir='ltr'><strong>praecedenti</strong></span> <span class='ocrx_word' id='word_1_96' title='bbox 1408 1654 1557 1741; x_wconf 84' lang='lat' dir='ltr'><strong>diligenti</strong></span> <span class='ocrx_word' id='word_1_97' title='bbox 1583 1652 1661 1719; x_wconf 92' lang='lat' dir='ltr'><strong>deli-</strong></span> 
     </span>
     <span class='ocr_line' id='line_1_11' title="bbox 329 1758 1661 1847; baseline -0.003 -22"><span class='ocrx_word' id='word_1_98' title='bbox 329 1759 494 1826; x_wconf 89' lang='lat' dir='ltr'><strong>beratione</strong></span> <span class='ocrx_word' id='word_1_99' title='bbox 518 1761 690 1824; x_wconf 89' lang='lat' dir='ltr'><strong>constituta</strong></span> <span class='ocrx_word' id='word_1_100' title='bbox 713 1768 796 1840; x_wconf 85' lang='lat' dir='ltr'><strong>sunt,</strong></span> <span class='ocrx_word' id='word_1_101' title='bbox 819 1759 1009 1825; x_wconf 88' lang='lat' dir='ltr'><strong>sententiam</strong></span> <span class='ocrx_word' id='word_1_102' title='bbox 1032 1766 1214 1825; x_wconf 81' lang='lat' dir='ltr'><strong>struentem</strong></span> <span class='ocrx_word' id='word_1_103' title='bbox 1229 1767 1371 1824; x_wconf 72' lang='lat' dir='ltr'><strong>nosnam</strong></span> <span class='ocrx_word' id='word_1_104' title='bbox 1386 1758 1661 1847; x_wconf 83' lang='lat' dir='ltr'><strong>patefaceremus,</strong></span> 
     </span>
     <span class='ocr_line' id='line_1_12' title="bbox 331 1860 1664 1951; baseline -0.003 -23"><span class='ocrx_word' id='word_1_105' title='bbox 331 1887 397 1928; x_wconf 89' lang='lat' dir='ltr'><strong>non</strong></span> <span class='ocrx_word' id='word_1_106' title='bbox 419 1863 678 1950; x_wconf 88' lang='lat' dir='ltr'><strong>praetermissuri</strong></span> <span class='ocrx_word' id='word_1_107' title='bbox 702 1861 741 1928; x_wconf 93' lang='lat' dir='ltr'><strong>de</strong></span> <span class='ocrx_word' id='word_1_108' title='bbox 764 1861 828 1927; x_wconf 91' lang='lat' dir='ltr'><strong>illis</strong></span> <span class='ocrx_word' id='word_1_109' title='bbox 851 1862 948 1928; x_wconf 87' lang='lat' dir='ltr'><strong>etiarn</strong></span> <span class='ocrx_word' id='word_1_110' title='bbox 972 1885 1056 1951; x_wconf 90' lang='lat' dir='ltr'><strong>quae</strong></span> <span class='ocrx_word' id='word_1_111' title='bbox 1078 1860 1221 1950; x_wconf 90' lang='lat' dir='ltr'><strong>quotidie</strong></span> <span class='ocrx_word' id='word_1_112' title='bbox 1244 1861 1453 1928; x_wconf 87' lang='lat' dir='ltr'><strong>absolventur</strong></span> <span class='ocrx_word' id='word_1_113' title='bbox 1474 1884 1535 1927; x_wconf 86' lang='lat' dir='ltr'><strong>vos</strong></span> <span class='ocrx_word' id='word_1_114' title='bbox 1552 1861 1593 1926; x_wconf 85' lang='lat' dir='ltr'><strong>de</strong></span> <span class='ocrx_word' id='word_1_115' title='bbox 1614 1861 1664 1926; x_wconf 89' lang='lat' dir='ltr'><strong>dic</strong></span> 
     </span>
     <span class='ocr_line' id='line_1_13' title="bbox 331 1963 1664 2052; baseline -0.001 -22"><span class='ocrx_word' id='word_1_116' title='bbox 331 1969 363 2030; x_wconf 93' lang='lat' dir='ltr'><strong>in</strong></span> <span class='ocrx_word' id='word_1_117' title='bbox 388 1967 471 2032; x_wconf 91' lang='lat' dir='ltr'><strong>diem</strong></span> <span class='ocrx_word' id='word_1_118' title='bbox 496 1967 648 2034; x_wconf 89' lang='lat' dir='ltr'><strong>certiores</strong></span> <span class='ocrx_word' id='word_1_119' title='bbox 670 1963 815 2032; x_wconf 90' lang='lat' dir='ltr'><strong>reddere.</strong></span> <span class='ocrx_word' id='word_1_120' title='bbox 840 1976 873 2030; x_wconf 91' lang='lat' dir='ltr'><strong>et</strong></span> <span class='ocrx_word' id='word_1_121' title='bbox 894 1966 1033 2052; x_wconf 85' lang='lat' dir='ltr'><strong>primum</strong></span> <span class='ocrx_word' id='word_1_122' title='bbox 1056 1965 1138 2030; x_wconf 89' lang='lat' dir='ltr'><strong>scire</strong></span> <span class='ocrx_word' id='word_1_123' title='bbox 1155 1963 1279 2030; x_wconf 89' lang='lat' dir='ltr'><strong>debetis</strong></span> <span class='ocrx_word' id='word_1_124' title='bbox 1295 1988 1404 2032; x_wconf 89' lang='lat' dir='ltr'><strong>omnes</strong></span> <span class='ocrx_word' id='word_1_125' title='bbox 1420 1963 1492 2032; x_wconf 90' lang='lat' dir='ltr'><strong>illos</strong></span> <span class='ocrx_word' id='word_1_126' title='bbox 1508 1964 1664 2032; x_wconf 82' lang='lat' dir='ltr'><strong>articulos</strong></span> 
     </span>
     <span class='ocr_line' id='line_1_14' title="bbox 331 2067 1663 2157; baseline -0.002 -21"><span class='ocrx_word' id='word_1_127' title='bbox 331 2093 412 2156; x_wconf 90' lang='lat' dir='ltr'><strong>quos</strong></span> <span class='ocrx_word' id='word_1_128' title='bbox 434 2080 544 2157; x_wconf 83' lang='lat' dir='ltr'><strong>patres</strong></span> <span class='ocrx_word' id='word_1_129' title='bbox 566 2079 599 2135; x_wconf 90' lang='lat' dir='ltr'><strong>et</strong></span> <span class='ocrx_word' id='word_1_130' title='bbox 620 2068 760 2154; x_wconf 84' lang='lat' dir='ltr'><strong>theologi</strong></span> <span class='ocrx_word' id='word_1_131' title='bbox 784 2071 836 2137; x_wconf 88' lang='lat' dir='ltr'><strong>isti</strong></span> <span class='ocrx_word' id='word_1_132' title='bbox 859 2070 892 2134; x_wconf 92' lang='lat' dir='ltr'><strong>in</strong></span> <span class='ocrx_word' id='word_1_133' title='bbox 913 2068 977 2136; x_wconf 91' lang='lat' dir='ltr'><strong>hoc</strong></span> <span class='ocrx_word' id='word_1_134' title='bbox 998 2069 1134 2155; x_wconf 88' lang='lat' dir='ltr'><strong>negocio</strong></span> <span class='ocrx_word' id='word_1_135' title='bbox 1146 2067 1354 2154; x_wconf 81' lang='lat' dir='ltr'><strong>collegerunt,</strong></span> <span class='ocrx_word' id='word_1_136' title='bbox 1377 2093 1397 2135; x_wconf 91' lang='lat' dir='ltr'><strong>a</strong></span> <span class='ocrx_word' id='word_1_137' title='bbox 1418 2070 1513 2136; x_wconf 88' lang='lat' dir='ltr'><strong>uobis</strong></span> <span class='ocrx_word' id='word_1_138' title='bbox 1536 2079 1575 2134; x_wconf 92' lang='lat' dir='ltr'><strong>ut</strong></span> <span class='ocrx_word' id='word_1_139' title='bbox 1590 2080 1663 2134; x_wconf 90' lang='lat' dir='ltr'><strong>sunt</strong></span> 
     </span>
     <span class='ocr_line' id='line_1_15' title="bbox 330 2158 1652 2260; baseline 0.002 -24"><span class='ocrx_word' id='word_1_140' title='bbox 330 2172 444 2238; x_wconf 87' lang='lat' dir='ltr'><strong>haberi</strong></span> <span class='ocrx_word' id='word_1_141' title='bbox 467 2183 499 2236; x_wconf 86' lang='lat' dir='ltr'><strong>et</strong></span> <span class='ocrx_word' id='word_1_142' title='bbox 521 2174 664 2258; x_wconf 86' lang='lat' dir='ltr'><strong>reputari</strong></span> <span class='ocrx_word' id='word_1_143' title='bbox 687 2196 744 2256; x_wconf 91' lang='lat' dir='ltr'><strong>pro</strong></span> <span class='ocrx_word' id='word_1_144' title='bbox 767 2173 830 2260; x_wconf 91' lang='lat' dir='ltr'><strong>piis</strong></span> <span class='ocrx_word' id='word_1_145' title='bbox 853 2158 885 2236; x_wconf 89' lang='lat' dir='ltr'><strong>et</strong></span> <span class='ocrx_word' id='word_1_146' title='bbox 908 2173 1039 2254; x_wconf 87' lang='lat' dir='ltr'><strong>sanetis,</strong></span> <span class='ocrx_word' id='word_1_147' title='bbox 1062 2173 1108 2236; x_wconf 84' lang='lat' dir='ltr'><strong>ita</strong></span> <span class='ocrx_word' id='word_1_148' title='bbox 1128 2181 1165 2236; x_wconf 89' lang='lat' dir='ltr'><strong>ut</strong></span> <span class='ocrx_word' id='word_1_149' title='bbox 1185 2168 1265 2236; x_wconf 88' lang='lat' dir='ltr'><strong>nihil</strong></span> <span class='ocrx_word' id='word_1_150' title='bbox 1279 2173 1312 2235; x_wconf 91' lang='lat' dir='ltr'><strong>in</strong></span> <span class='ocrx_word' id='word_1_151' title='bbox 1327 2173 1375 2237; x_wconf 92' lang='lat' dir='ltr'><strong>eis</strong></span> <span class='ocrx_word' id='word_1_152' title='bbox 1389 2171 1577 2239; x_wconf 87' lang='lat' dir='ltr'><strong>desiderare</strong></span> <span class='ocrx_word' id='word_1_153' title='bbox 1593 2196 1652 2259; x_wconf 91' lang='lat' dir='ltr'><strong>pos</strong></span> 
     </span>
     <span class='ocr_line' id='line_1_16' title="bbox 329 2275 1662 2363; baseline 0.001 -23"><span class='ocrx_word' id='word_1_154' title='bbox 329 2278 438 2358; x_wconf 89' lang='lat' dir='ltr'><strong>simus,</strong></span> <span class='ocrx_word' id='word_1_155' title='bbox 462 2275 559 2340; x_wconf 90' lang='lat' dir='ltr'><strong>modo</strong></span> <span class='ocrx_word' id='word_1_156' title='bbox 582 2277 609 2339; x_wconf 89' lang='lat' dir='ltr'><strong>is</strong></span> <span class='ocrx_word' id='word_1_157' title='bbox 633 2283 718 2340; x_wconf 88' lang='lat' dir='ltr'><strong>esset</strong></span> <span class='ocrx_word' id='word_1_158' title='bbox 740 2297 846 2339; x_wconf 85' lang='lat' dir='ltr'><strong>rerum</strong></span> <span class='ocrx_word' id='word_1_159' title='bbox 870 2284 901 2338; x_wconf 90' lang='lat' dir='ltr'><strong>ot</strong></span> <span class='ocrx_word' id='word_1_160' title='bbox 923 2284 1104 2361; x_wconf 87' lang='lat' dir='ltr'><strong>temporum</strong></span> <span class='ocrx_word' id='word_1_161' title='bbox 1127 2283 1230 2339; x_wconf 87' lang='lat' dir='ltr'><strong>status</strong></span> <span class='ocrx_word' id='word_1_162' title='bbox 1253 2275 1341 2363; x_wconf 88' lang='lat' dir='ltr'><strong>quod</strong></span> <span class='ocrx_word' id='word_1_163' title='bbox 1371 2278 1550 2363; x_wconf 82' lang='lat' dir='ltr'><strong>tempium</strong></span> <span class='ocrx_word' id='word_1_164' title='bbox 1573 2277 1662 2341; x_wconf 90' lang='lat' dir='ltr'><strong>insti·</strong></span> 
     </span>
     <span class='ocr_line' id='line_1_17' title="bbox 329 2374 1663 2468; baseline 0 -25"><span class='ocrx_word' id='word_1_165' title='bbox 329 2389 432 2444; x_wconf 90' lang='lat' dir='ltr'><strong>tutum</strong></span> <span class='ocrx_word' id='word_1_166' title='bbox 454 2388 565 2466; x_wconf 87' lang='lat' dir='ltr'><strong>posset</strong></span> <span class='ocrx_word' id='word_1_167' title='bbox 587 2380 684 2443; x_wconf 89' lang='lat' dir='ltr'><strong>etiam</strong></span> <span class='ocrx_word' id='word_1_168' title='bbox 707 2377 749 2442; x_wconf 89' lang='lat' dir='ltr'><strong>ad</strong></span> <span class='ocrx_word' id='word_1_169' title='bbox 772 2377 920 2443; x_wconf 85' lang='lat' dir='ltr'><strong>effectum</strong></span> <span class='ocrx_word' id='word_1_170' title='bbox 944 2375 1068 2444; x_wconf 86' lang='lat' dir='ltr'><strong>deduci.</strong></span> <span class='ocrx_word' id='word_1_171' title='bbox 1095 2374 1243 2442; x_wconf 89' lang='lat' dir='ltr'><strong>nolumus</strong></span> <span class='ocrx_word' id='word_1_172' title='bbox 1267 2381 1352 2444; x_wconf 90' lang='lat' dir='ltr'><strong>enim</strong></span> <span class='ocrx_word' id='word_1_173' title='bbox 1374 2401 1433 2446; x_wconf 88' lang='lat' dir='ltr'><strong>vos</strong></span> <span class='ocrx_word' id='word_1_174' title='bbox 1455 2376 1559 2444; x_wconf 88' lang='lat' dir='ltr'><strong>latere</strong></span> <span class='ocrx_word' id='word_1_175' title='bbox 1576 2378 1663 2468; x_wconf 90' lang='lat' dir='ltr'><strong>quod</strong></span> 
     </span>
     <span class='ocr_line' id='line_1_18' title="bbox 328 2481 1664 2570; baseline 0.001 -24"><span class='ocrx_word' id='word_1_176' title='bbox 328 2482 424 2550; x_wconf 87' lang='lat' dir='ltr'><strong>valde</strong></span> <span class='ocrx_word' id='word_1_177' title='bbox 446 2503 605 2558; x_wconf 86' lang='lat' dir='ltr'><strong>veremur,</strong></span> <span class='ocrx_word' id='word_1_178' title='bbox 627 2505 668 2548; x_wconf 90' lang='lat' dir='ltr'><strong>ne</strong></span> <span class='ocrx_word' id='word_1_179' title='bbox 692 2505 731 2548; x_wconf 92' lang='lat' dir='ltr'><strong>ea</strong></span> <span class='ocrx_word' id='word_1_180' title='bbox 754 2504 837 2568; x_wconf 91' lang='lat' dir='ltr'><strong>quae</strong></span> <span class='ocrx_word' id='word_1_181' title='bbox 861 2481 1062 2548; x_wconf 86' lang='lat' dir='ltr'><strong>sanctissime</strong></span> <span class='ocrx_word' id='word_1_182' title='bbox 1078 2491 1111 2548; x_wconf 89' lang='lat' dir='ltr'><strong>et</strong></span> <span class='ocrx_word' id='word_1_183' title='bbox 1131 2481 1367 2570; x_wconf 86' lang='lat' dir='ltr'><strong>sapientissime</strong></span> <span class='ocrx_word' id='word_1_184' title='bbox 1382 2493 1612 2570; x_wconf 88' lang='lat' dir='ltr'><strong>proponuntur</strong></span> <span class='ocrx_word' id='word_1_185' title='bbox 1626 2481 1664 2547; x_wconf 88' lang='lat' dir='ltr'><strong>de</strong></span> 
     </span>
     <span class='ocr_line' id='line_1_19' title="bbox 330 2583 1664 2674; baseline 0.001 -24"><span class='ocrx_word' id='word_1_186' title='bbox 330 2584 486 2674; x_wconf 87' lang='lat' dir='ltr'><strong>qualitate</strong></span> <span class='ocrx_word' id='word_1_187' title='bbox 509 2584 636 2652; x_wconf 88' lang='lat' dir='ltr'><strong>illorum</strong></span> <span class='ocrx_word' id='word_1_188' title='bbox 665 2587 720 2672; x_wconf 91' lang='lat' dir='ltr'><strong>qui</strong></span> <span class='ocrx_word' id='word_1_189' title='bbox 750 2586 783 2650; x_wconf 92' lang='lat' dir='ltr'><strong>in</strong></span> <span class='ocrx_word' id='word_1_190' title='bbox 814 2585 984 2672; x_wconf 89' lang='lat' dir='ltr'><strong>episcopos</strong></span> <span class='ocrx_word' id='word_1_191' title='bbox 1013 2583 1167 2674; x_wconf 87' lang='lat' dir='ltr'><strong>deinceps</strong></span> <span class='ocrx_word' id='word_1_192' title='bbox 1196 2584 1290 2650; x_wconf 87' lang='lat' dir='ltr'><strong>electi</strong></span> <span class='ocrx_word' id='word_1_193' title='bbox 1310 2584 1364 2652; x_wconf 85' lang='lat' dir='ltr'><strong>vel</strong></span> <span class='ocrx_word' id='word_1_194' title='bbox 1386 2585 1429 2652; x_wconf 90' lang='lat' dir='ltr'><strong>ad</strong></span> <span class='ocrx_word' id='word_1_195' title='bbox 1452 2586 1533 2652; x_wconf 84' lang='lat' dir='ltr'><strong>alias</strong></span> <span class='ocrx_word' id='word_1_196' title='bbox 1560 2586 1664 2673; x_wconf 87' lang='lat' dir='ltr'><strong>digni·</strong></span> 
     </span>
    </p>
   </div>
   <div class='ocr_carea' id='block_1_2' title="bbox 331 2686 1664 2881">
    <p class='ocr_par' dir='ltr' id='par_1_2' title="bbox 331 2686 1664 2881">
     <span class='ocr_line' id='line_1_20' title="bbox 333 2686 1664 2777; baseline 0.001 -24"><span class='ocrx_word' id='word_1_197' title='bbox 333 2698 416 2754; x_wconf 89' lang='lat' dir='ltr'><strong>tates</strong></span> <span class='ocrx_word' id='word_1_198' title='bbox 440 2698 473 2752; x_wconf 88' lang='lat' dir='ltr'><strong>et</strong></span> <span class='ocrx_word' id='word_1_199' title='bbox 494 2688 675 2754; x_wconf 85' lang='lat' dir='ltr'><strong>functiones</strong></span> <span class='ocrx_word' id='word_1_200' title='bbox 705 2686 943 2752; x_wconf 87' lang='lat' dir='ltr'><strong>ecclesiasticas</strong></span> <span class='ocrx_word' id='word_1_201' title='bbox 970 2689 1109 2774; x_wconf 88' lang='lat' dir='ltr'><strong>promoti</strong></span> <span class='ocrx_word' id='word_1_202' title='bbox 1137 2697 1169 2754; x_wconf 92' lang='lat' dir='ltr'><strong>et</strong></span> <span class='ocrx_word' id='word_1_203' title='bbox 1196 2711 1217 2753; x_wconf 87' lang='lat' dir='ltr'><strong>a</strong></span> <span class='ocrx_word' id='word_1_204' title='bbox 1243 2688 1320 2755; x_wconf 89' lang='lat' dir='ltr'><strong>sede</strong></span> <span class='ocrx_word' id='word_1_205' title='bbox 1346 2689 1525 2777; x_wconf 87' lang='lat' dir='ltr'><strong>apostolica</strong></span> <span class='ocrx_word' id='word_1_206' title='bbox 1551 2690 1664 2756; x_wconf 84' lang='lat' dir='ltr'><strong>confir-</strong></span> 
     </span>
     <span class='ocr_line' id='line_1_21' title="bbox 331 2789 1664 2881; baseline 0.002 -25"><span class='ocrx_word' id='word_1_207' title='bbox 331 2791 441 2856; x_wconf 90' lang='lat' dir='ltr'><strong>mandi</strong></span> <span class='ocrx_word' id='word_1_208' title='bbox 463 2791 600 2872; x_wconf 70' lang='lat' dir='ltr'><strong>fixerint,</strong></span> <span class='ocrx_word' id='word_1_209' title='bbox 634 2791 667 2854; x_wconf 91' lang='lat' dir='ltr'><strong>in</strong></span> <span class='ocrx_word' id='word_1_210' title='bbox 697 2789 873 2855; x_wconf 71' lang='lat' dir='ltr'><strong>Germania</strong></span> <span class='ocrx_word' id='word_1_211' title='bbox 902 2790 1012 2855; x_wconf 88' lang='lat' dir='ltr'><strong>locum</strong></span> <span class='ocrx_word' id='word_1_212' title='bbox 1039 2789 1160 2856; x_wconf 88' lang='lat' dir='ltr'><strong>habere</strong></span> <span class='ocrx_word' id='word_1_213' title='bbox 1188 2801 1310 2881; x_wconf 87' lang='lat' dir='ltr'><strong>queant</strong></span> <span class='ocrx_word' id='word_1_214' title='bbox 1337 2801 1472 2880; x_wconf 91' lang='lat' dir='ltr'><strong>propter</strong></span> <span class='ocrx_word' id='word_1_215' title='bbox 1497 2793 1612 2880; x_wconf 88' lang='lat' dir='ltr'><strong>plures</strong></span> <span class='ocrx_word' id='word_1_216' title='bbox 1635 2803 1664 2861; x_wconf 89' lang='lat' dir='ltr'><strong>et</strong></span> 
     </span>
    </p>
   </div>
   <div class='ocr_carea' id='block_1_3' title="bbox 328 2891 1718 4954">
    <p class='ocr_par' dir='ltr' id='par_1_3' title="bbox 328 2891 1718 4954">
     <span class='ocr_line' id='line_1_22' title="bbox 330 2891 1660 2982; baseline 0.005 -24"><span class='ocrx_word' id='word_1_217' title='bbox 330 2891 450 2959; x_wconf 89' lang='lat' dir='ltr'><strong>arduas</strong></span> <span class='ocrx_word' id='word_1_218' title='bbox 474 2915 589 2958; x_wconf 89' lang='lat' dir='ltr'><strong>causas</strong></span> <span class='ocrx_word' id='word_1_219' title='bbox 613 2915 652 2958; x_wconf 90' lang='lat' dir='ltr'><strong>ae</strong></span> <span class='ocrx_word' id='word_1_220' title='bbox 675 2891 892 2974; x_wconf 87' lang='lat' dir='ltr'><strong>difficultates,</strong></span> <span class='ocrx_word' id='word_1_221' title='bbox 916 2917 999 2982; x_wconf 89' lang='lat' dir='ltr'><strong>quae</strong></span> <span class='ocrx_word' id='word_1_222' title='bbox 1023 2915 1096 2960; x_wconf 90' lang='lat' dir='ltr'><strong>oum</strong></span> <span class='ocrx_word' id='word_1_223' title='bbox 1119 2893 1276 2962; x_wconf 91' lang='lat' dir='ltr'><strong>eiusmodi</strong></span> <span class='ocrx_word' id='word_1_224' title='bbox 1299 2897 1362 2961; x_wconf 89' lang='lat' dir='ltr'><strong>sint</strong></span> <span class='ocrx_word' id='word_1_225' title='bbox 1382 2907 1420 2961; x_wconf 90' lang='lat' dir='ltr'><strong>ut</strong></span> <span class='ocrx_word' id='word_1_226' title='bbox 1441 2899 1589 2962; x_wconf 86' lang='lat' dir='ltr'><strong>maxima</strong></span> <span class='ocrx_word' id='word_1_227' title='bbox 1613 2922 1660 2964; x_wconf 90' lang='lat' dir='ltr'><strong>ea·</strong></span> 
     </span>
     <span class='ocr_line' id='line_1_23' title="bbox 329 2995 1661 3086; baseline 0.003 -24"><span class='ocrx_word' id='word_1_228' title='bbox 329 3020 400 3062; x_wconf 88' lang='lat' dir='ltr'><strong>rum</strong></span> <span class='ocrx_word' id='word_1_229' title='bbox 424 2999 464 3061; x_wconf 87' lang='lat' dir='ltr'><strong>sit</strong></span> <span class='ocrx_word' id='word_1_230' title='bbox 486 2995 638 3062; x_wconf 86' lang='lat' dir='ltr'><strong>habenda</strong></span> <span class='ocrx_word' id='word_1_231' title='bbox 660 2999 751 3080; x_wconf 89' lang='lat' dir='ltr'><strong>ratio,</strong></span> <span class='ocrx_word' id='word_1_232' title='bbox 775 3021 881 3086; x_wconf 88' lang='lat' dir='ltr'><strong>neque</strong></span> <span class='ocrx_word' id='word_1_233' title='bbox 904 3009 1010 3064; x_wconf 88' lang='lat' dir='ltr'><strong>tamen</strong></span> <span class='ocrx_word' id='word_1_234' title='bbox 1024 2997 1187 3086; x_wconf 88' lang='lat' dir='ltr'><strong>expediat,</strong></span> <span class='ocrx_word' id='word_1_235' title='bbox 1210 3023 1278 3066; x_wconf 90' lang='lat' dir='ltr'><strong>rem</strong></span> <span class='ocrx_word' id='word_1_236' title='bbox 1300 3001 1346 3066; x_wconf 92' lang='lat' dir='ltr'><strong>uti</strong></span> <span class='ocrx_word' id='word_1_237' title='bbox 1370 3023 1404 3065; x_wconf 89' lang='lat' dir='ltr'><strong>se</strong></span> <span class='ocrx_word' id='word_1_238' title='bbox 1426 2999 1526 3067; x_wconf 88' lang='lat' dir='ltr'><strong>habet</strong></span> <span class='ocrx_word' id='word_1_239' title='bbox 1541 3003 1613 3068; x_wconf 87' lang='lat' dir='ltr'><strong>sive</strong></span> <span class='ocrx_word' id='word_1_240' title='bbox 1628 3003 1661 3066; x_wconf 81' lang='lat' dir='ltr'>R</span> 
     </span>
     <span class='ocr_line' id='line_1_24' title="bbox 330 3099 1661 3192; baseline 0.006 -27"><span class='ocrx_word' id='word_1_241' title='bbox 330 3100 447 3186; x_wconf 88' lang='lat' dir='ltr'><strong>legatis</strong></span> <span class='ocrx_word' id='word_1_242' title='bbox 470 3102 539 3166; x_wconf 82' lang='lat' dir='ltr'><strong>sive</strong></span> <span class='ocrx_word' id='word_1_243' title='bbox 562 3099 709 3186; x_wconf 85' lang='lat' dir='ltr'><strong>patribus</strong></span> <span class='ocrx_word' id='word_1_244' title='bbox 731 3102 767 3166; x_wconf 86' lang='lat' dir='ltr'><strong>in</strong></span> <span class='ocrx_word' id='word_1_245' title='bbox 788 3101 924 3170; x_wconf 87' lang='lat' dir='ltr'><strong>concilio</strong></span> <span class='ocrx_word' id='word_1_246' title='bbox 946 3101 1054 3190; x_wconf 83' lang='lat' dir='ltr'><strong>palam</strong></span> <span class='ocrx_word' id='word_1_247' title='bbox 1076 3104 1211 3189; x_wconf 86' lang='lat' dir='ltr'><strong>aperire,</strong></span> <span class='ocrx_word' id='word_1_248' title='bbox 1235 3127 1316 3192; x_wconf 91' lang='lat' dir='ltr'><strong>opus</strong></span> <span class='ocrx_word' id='word_1_249' title='bbox 1338 3105 1400 3170; x_wconf 90' lang='lat' dir='ltr'><strong>erit</strong></span> <span class='ocrx_word' id='word_1_250' title='bbox 1421 3113 1457 3170; x_wconf 91' lang='lat' dir='ltr'><strong>ut</strong></span> <span class='ocrx_word' id='word_1_251' title='bbox 1477 3107 1512 3170; x_wconf 87' lang='lat' dir='ltr'><strong>in</strong></span> <span class='ocrx_word' id='word_1_252' title='bbox 1525 3103 1592 3174; x_wconf 87' lang='lat' dir='ltr'><strong>hoc</strong></span> <span class='ocrx_word' id='word_1_253' title='bbox 1613 3131 1661 3173; x_wconf 82' lang='lat' dir='ltr'><strong>ne</strong></span> 
     </span>
     <span class='ocr_line' id='line_1_25' title="bbox 331 3201 1658 3300; baseline 0.006 -32"><span class='ocrx_word' id='word_1_254' title='bbox 331 3206 426 3290; x_wconf 85' lang='lat' dir='ltr'><strong>goeio</strong></span> <span class='ocrx_word' id='word_1_255' title='bbox 448 3201 617 3270; x_wconf 88' lang='lat' dir='ltr'><strong>tractando</strong></span> <span class='ocrx_word' id='word_1_256' title='bbox 639 3203 734 3269; x_wconf 86' lang='lat' dir='ltr'><strong>valde</strong></span> <span class='ocrx_word' id='word_1_257' title='bbox 757 3214 851 3270; x_wconf 87' lang='lat' dir='ltr'><strong>caute</strong></span> <span class='ocrx_word' id='word_1_258' title='bbox 874 3205 1065 3292; x_wconf 86' lang='lat' dir='ltr'><strong>procedatis.</strong></span> <span class='ocrx_word' id='word_1_259' title='bbox 1088 3208 1237 3272; x_wconf 87' lang='lat' dir='ltr'><strong>nimirum</strong></span> <span class='ocrx_word' id='word_1_260' title='bbox 1252 3206 1381 3294; x_wconf 83' lang='lat' dir='ltr'><strong>quando</strong></span> <span class='ocrx_word' id='word_1_261' title='bbox 1397 3206 1491 3273; x_wconf 80' lang='lat' dir='ltr'><strong>vobis</strong></span> <span class='ocrx_word' id='word_1_262' title='bbox 1506 3218 1658 3300; x_wconf 85' lang='lat' dir='ltr'><strong>tanquam</strong></span> 
     </span>
     <span class='ocr_line' id='line_1_26' title="bbox 331 3307 1660 3402; baseline 0.006 -29"><span class='ocrx_word' id='word_1_263' title='bbox 331 3307 516 3373; x_wconf 87' lang='lat' dir='ltr'><strong>oratoribus</strong></span> <span class='ocrx_word' id='word_1_264' title='bbox 539 3317 571 3372; x_wconf 86' lang='lat' dir='ltr'><strong>et</strong></span> <span class='ocrx_word' id='word_1_265' title='bbox 594 3309 820 3373; x_wconf 82' lang='lat' dir='ltr'><strong>commissoriis</strong></span> <span class='ocrx_word' id='word_1_266' title='bbox 843 3311 961 3375; x_wconf 85' lang='lat' dir='ltr'><strong>nostris</strong></span> <span class='ocrx_word' id='word_1_267' title='bbox 984 3307 1214 3397; x_wconf 87' lang='lat' dir='ltr'><strong>explicandum</strong></span> <span class='ocrx_word' id='word_1_268' title='bbox 1237 3313 1298 3376; x_wconf 90' lang='lat' dir='ltr'><strong>erit</strong></span> <span class='ocrx_word' id='word_1_269' title='bbox 1321 3333 1403 3402; x_wconf 88' lang='lat' dir='ltr'><strong>quae</strong></span> <span class='ocrx_word' id='word_1_270' title='bbox 1426 3325 1535 3379; x_wconf 86' lang='lat' dir='ltr'><strong>nostra</strong></span> <span class='ocrx_word' id='word_1_271' title='bbox 1560 3318 1603 3380; x_wconf 90' lang='lat' dir='ltr'><strong>sit</strong></span> <span class='ocrx_word' id='word_1_272' title='bbox 1624 3317 1660 3381; x_wconf 89' lang='lat' dir='ltr'><strong>de</strong></span> 
     </span>
     <span class='ocr_line' id='line_1_27' title="bbox 330 3409 1659 3510; baseline 0.008 -36"><span class='ocrx_word' id='word_1_273' title='bbox 330 3411 393 3476; x_wconf 89' lang='lat' dir='ltr'><strong>hoc</strong></span> <span class='ocrx_word' id='word_1_274' title='bbox 414 3409 518 3498; x_wconf 89' lang='lat' dir='ltr'><strong>primo</strong></span> <span class='ocrx_word' id='word_1_275' title='bbox 542 3409 677 3476; x_wconf 89' lang='lat' dir='ltr'><strong>articulo</strong></span> <span class='ocrx_word' id='word_1_276' title='bbox 700 3413 877 3496; x_wconf 87' lang='lat' dir='ltr'><strong>sententia,</strong></span> <span class='ocrx_word' id='word_1_277' title='bbox 911 3411 1059 3477; x_wconf 88' lang='lat' dir='ltr'><strong>volumus</strong></span> <span class='ocrx_word' id='word_1_278' title='bbox 1087 3427 1121 3477; x_wconf 86' lang='lat' dir='ltr'><strong>ut</strong></span> <span class='ocrx_word' id='word_1_279' title='bbox 1143 3413 1373 3501; x_wconf 85' lang='lat' dir='ltr'><strong>respondeatis,</strong></span> <span class='ocrx_word' id='word_1_280' title='bbox 1398 3417 1552 3484; x_wconf 88' lang='lat' dir='ltr'><strong>articulos</strong></span> <span class='ocrx_word' id='word_1_281' title='bbox 1577 3424 1659 3510; x_wconf 88' lang='lat' dir='ltr'><strong>ipsos</strong></span> 
     </span>
     <span class='ocr_line' id='line_1_28' title="bbox 332 3513 1660 3605; baseline 0.01 -28"><span class='ocrx_word' id='word_1_282' title='bbox 332 3537 391 3600; x_wconf 86' lang='lat' dir='ltr'><strong>por</strong></span> <span class='ocrx_word' id='word_1_283' title='bbox 413 3537 447 3579; x_wconf 91' lang='lat' dir='ltr'><strong>se</strong></span> <span class='ocrx_word' id='word_1_284' title='bbox 469 3513 573 3579; x_wconf 89' lang='lat' dir='ltr'><strong>videri</strong></span> <span class='ocrx_word' id='word_1_285' title='bbox 595 3513 688 3580; x_wconf 88' lang='lat' dir='ltr'><strong>nobis</strong></span> <span class='ocrx_word' id='word_1_286' title='bbox 712 3513 888 3580; x_wconf 89' lang='lat' dir='ltr'><strong>admodum</strong></span> <span class='ocrx_word' id='word_1_287' title='bbox 909 3513 1063 3582; x_wconf 89' lang='lat' dir='ltr'><strong>honestos</strong></span> <span class='ocrx_word' id='word_1_288' title='bbox 1085 3540 1207 3605; x_wconf 90' lang='lat' dir='ltr'><strong>aequos</strong></span> <span class='ocrx_word' id='word_1_289' title='bbox 1231 3527 1360 3584; x_wconf 87' lang='lat' dir='ltr'><strong>sanctos</strong></span> <span class='ocrx_word' id='word_1_290' title='bbox 1383 3531 1415 3586; x_wconf 91' lang='lat' dir='ltr'><strong>et</strong></span> <span class='ocrx_word' id='word_1_291' title='bbox 1437 3525 1538 3588; x_wconf 87' lang='lat' dir='ltr'><strong>veteri</strong></span> <span class='ocrx_word' id='word_1_292' title='bbox 1563 3524 1660 3590; x_wconf 89' lang='lat' dir='ltr'><strong>ecole-</strong></span> 
     </span>
     <span class='ocr_line' id='line_1_29' title="bbox 331 3617 1718 3710; baseline 0.006 -28"><span class='ocrx_word' id='word_1_293' title='bbox 331 3619 398 3682; x_wconf 90' lang='lat' dir='ltr'><strong>siae</strong></span> <span class='ocrx_word' id='word_1_294' title='bbox 421 3617 648 3683; x_wconf 88' lang='lat' dir='ltr'><strong>consuetudini</strong></span> <span class='ocrx_word' id='word_1_295' title='bbox 671 3627 918 3704; x_wconf 89' lang='lat' dir='ltr'><strong>consentaneos,</strong></span> <span class='ocrx_word' id='word_1_296' title='bbox 947 3629 980 3684; x_wconf 90' lang='lat' dir='ltr'><strong>ot</strong></span> <span class='ocrx_word' id='word_1_297' title='bbox 1000 3641 1061 3685; x_wconf 93' lang='lat' dir='ltr'><strong>nos</strong></span> <span class='ocrx_word' id='word_1_298' title='bbox 1084 3620 1169 3709; x_wconf 92' lang='lat' dir='ltr'><strong>quod</strong></span> <span class='ocrx_word' id='word_1_299' title='bbox 1192 3620 1236 3687; x_wconf 89' lang='lat' dir='ltr'><strong>ad</strong></span> <span class='ocrx_word' id='word_1_300' title='bbox 1257 3646 1359 3710; x_wconf 88' lang='lat' dir='ltr'><strong>regna</strong></span> <span class='ocrx_word' id='word_1_301' title='bbox 1387 3647 1425 3689; x_wconf 84' lang='lat' dir='ltr'><strong>ac</strong></span> <span class='ocrx_word' id='word_1_302' title='bbox 1447 3623 1661 3692; x_wconf 88' lang='lat' dir='ltr'><strong>haereditaria</strong></span> <span class='ocrx_word' id='word_1_303' title='bbox 1717 3655 1718 3690; x_wconf 55' lang='lat' dir='ltr'><strong>r</strong></span> 
     </span>
     <span class='ocr_line' id='line_1_30' title="bbox 331 3720 1659 3818; baseline 0.007 -32"><span class='ocrx_word' id='word_1_304' title='bbox 331 3721 473 3786; x_wconf 91' lang='lat' dir='ltr'><strong>dominia</strong></span> <span class='ocrx_word' id='word_1_305' title='bbox 495 3729 604 3786; x_wconf 86' lang='lat' dir='ltr'><strong>nostra</strong></span> <span class='ocrx_word' id='word_1_306' title='bbox 627 3723 742 3787; x_wconf 88' lang='lat' dir='ltr'><strong>attinet</strong></span> <span class='ocrx_word' id='word_1_307' title='bbox 763 3720 913 3788; x_wconf 87' lang='lat' dir='ltr'><strong>lubenter</strong></span> <span class='ocrx_word' id='word_1_308' title='bbox 935 3746 1062 3788; x_wconf 89' lang='lat' dir='ltr'><strong>omnem</strong></span> <span class='ocrx_word' id='word_1_309' title='bbox 1085 3725 1217 3790; x_wconf 88' lang='lat' dir='ltr'><strong>daturos</strong></span> <span class='ocrx_word' id='word_1_310' title='bbox 1240 3749 1311 3792; x_wconf 90' lang='lat' dir='ltr'><strong>esse</strong></span> <span class='ocrx_word' id='word_1_311' title='bbox 1334 3750 1479 3814; x_wconf 90' lang='lat' dir='ltr'><strong>operam,</strong></span> <span class='ocrx_word' id='word_1_312' title='bbox 1514 3739 1551 3794; x_wconf 90' lang='lat' dir='ltr'><strong>ut</strong></span> <span class='ocrx_word' id='word_1_313' title='bbox 1581 3755 1659 3818; x_wconf 87' lang='lat' dir='ltr'><strong>quae</strong></span> 
     </span>
     <span class='ocr_line' id='line_1_31' title="bbox 329 3821 1657 3917; baseline 0.007 -28"><span class='ocrx_word' id='word_1_314' title='bbox 329 3825 362 3889; x_wconf 93' lang='lat' dir='ltr'><strong>in</strong></span> <span class='ocrx_word' id='word_1_315' title='bbox 385 3822 446 3890; x_wconf 83' lang='lat' dir='ltr'><strong>hee</strong></span> <span class='ocrx_word' id='word_1_316' title='bbox 468 3833 560 3912; x_wconf 90' lang='lat' dir='ltr'><strong>parte</strong></span> <span class='ocrx_word' id='word_1_317' title='bbox 583 3847 603 3887; x_wconf 91' lang='lat' dir='ltr'><strong>a</strong></span> <span class='ocrx_word' id='word_1_318' title='bbox 626 3821 656 3888; x_wconf 89' lang='lat' dir='ltr'><strong>S.</strong></span> <span class='ocrx_word' id='word_1_319' title='bbox 682 3823 817 3890; x_wconf 91' lang='lat' dir='ltr'><strong>concilio</strong></span> <span class='ocrx_word' id='word_1_320' title='bbox 831 3825 1054 3910; x_wconf 88' lang='lat' dir='ltr'><strong>decernentur,</strong></span> <span class='ocrx_word' id='word_1_321' title='bbox 1079 3825 1206 3892; x_wconf 81' lang='lat' dir='ltr'><strong>debitae</strong></span> <span class='ocrx_word' id='word_1_322' title='bbox 1230 3852 1357 3917; x_wconf 89' lang='lat' dir='ltr'><strong>quoque</strong></span> <span class='ocrx_word' id='word_1_323' title='bbox 1373 3835 1556 3898; x_wconf 86' lang='lat' dir='ltr'><strong>executioni</strong></span> <span class='ocrx_word' id='word_1_324' title='bbox 1574 3857 1657 3900; x_wconf 86' lang='lat' dir='ltr'><strong>conr·</strong></span> 
     </span>
     <span class='ocr_line' id='line_1_32' title="bbox 331 3926 1655 4024; baseline 0.008 -33"><span class='ocrx_word' id='word_1_325' title='bbox 331 3928 513 4011; x_wconf 88' lang='lat' dir='ltr'><strong>mittantur;</strong></span> <span class='ocrx_word' id='word_1_326' title='bbox 536 3951 648 3992; x_wconf 89' lang='lat' dir='ltr'><strong>verum</strong></span> <span class='ocrx_word' id='word_1_327' title='bbox 672 3930 704 3992; x_wconf 92' lang='lat' dir='ltr'><strong>in</strong></span> <span class='ocrx_word' id='word_1_328' title='bbox 728 3926 904 3995; x_wconf 90' lang='lat' dir='ltr'><strong>ditionibus</strong></span> <span class='ocrx_word' id='word_1_329' title='bbox 927 3927 1122 3994; x_wconf 81' lang='lat' dir='ltr'><strong>Germaniae</strong></span> <span class='ocrx_word' id='word_1_330' title='bbox 1145 3931 1185 3994; x_wconf 89' lang='lat' dir='ltr'><strong>ad</strong></span> <span class='ocrx_word' id='word_1_331' title='bbox 1209 3931 1241 3996; x_wconf 87' lang='lat' dir='ltr'><strong>S.</strong></span> <span class='ocrx_word' id='word_1_332' title='bbox 1266 3933 1302 3997; x_wconf 89' lang='lat' dir='ltr'><strong>R.</strong></span> <span class='ocrx_word' id='word_1_333' title='bbox 1326 3936 1493 4022; x_wconf 86' lang='lat' dir='ltr'><strong>imperium</strong></span> <span class='ocrx_word' id='word_1_334' title='bbox 1510 3951 1655 4024; x_wconf 88' lang='lat' dir='ltr'><strong>spectan-</strong></span> 
     </span>
     <span class='ocr_line' id='line_1_33' title="bbox 329 4030 1657 4124; baseline 0.006 -28"><span class='ocrx_word' id='word_1_335' title='bbox 329 4030 416 4096; x_wconf 91' lang='lat' dir='ltr'><strong>tibus</strong></span> <span class='ocrx_word' id='word_1_336' title='bbox 437 4054 506 4096; x_wconf 90' lang='lat' dir='ltr'><strong>rem</strong></span> <span class='ocrx_word' id='word_1_337' title='bbox 529 4054 594 4094; x_wconf 92' lang='lat' dir='ltr'><strong>non</strong></span> <span class='ocrx_word' id='word_1_338' title='bbox 617 4031 746 4096; x_wconf 90' lang='lat' dir='ltr'><strong>omnino</strong></span> <span class='ocrx_word' id='word_1_339' title='bbox 770 4054 880 4098; x_wconf 88' lang='lat' dir='ltr'><strong>carere</strong></span> <span class='ocrx_word' id='word_1_340' title='bbox 908 4031 1017 4120; x_wconf 87' lang='lat' dir='ltr'><strong>aliqua</strong></span> <span class='ocrx_word' id='word_1_341' title='bbox 1047 4033 1236 4100; x_wconf 86' lang='lat' dir='ltr'><strong>difficultate</strong></span> <span class='ocrx_word' id='word_1_342' title='bbox 1265 4048 1396 4124; x_wconf 89' lang='lat' dir='ltr'><strong>propter</strong></span> <span class='ocrx_word' id='word_1_343' title='bbox 1423 4043 1601 4108; x_wconf 83' lang='lat' dir='ltr'><strong>maximam</strong></span> <span class='ocrx_word' id='word_1_344' title='bbox 1629 4053 1657 4104; x_wconf 87' lang='lat' dir='ltr'><strong>ct</strong></span> 
     </span>
     <span class='ocr_line' id='line_1_34' title="bbox 331 4132 1653 4222; baseline 0.006 -22"><span class='ocrx_word' id='word_1_345' title='bbox 331 4132 563 4222; x_wconf 88' lang='lat' dir='ltr'><strong>deplorandam</strong></span> <span class='ocrx_word' id='word_1_346' title='bbox 589 4133 756 4198; x_wconf 85' lang='lat' dir='ltr'><strong>doctorum</strong></span> <span class='ocrx_word' id='word_1_347' title='bbox 780 4144 813 4199; x_wconf 88' lang='lat' dir='ltr'><strong>et</strong></span> <span class='ocrx_word' id='word_1_348' title='bbox 835 4135 1024 4201; x_wconf 89' lang='lat' dir='ltr'><strong>idoneorum</strong></span> <span class='ocrx_word' id='word_1_349' title='bbox 1047 4137 1252 4203; x_wconf 84' lang='lat' dir='ltr'><strong>sacerdotum</strong></span> <span class='ocrx_word' id='word_1_350' title='bbox 1272 4161 1310 4204; x_wconf 89' lang='lat' dir='ltr'><strong>ac</strong></span> <span class='ocrx_word' id='word_1_351' title='bbox 1326 4143 1545 4209; x_wconf 91' lang='lat' dir='ltr'><strong>ministrorum</strong></span> <span class='ocrx_word' id='word_1_352' title='bbox 1562 4145 1653 4211; x_wconf 84' lang='lat' dir='ltr'><strong>ecclc·</strong></span> 
     </span>
     <span class='ocr_line' id='line_1_35' title="bbox 330 4237 1653 4330; baseline 0.008 -28"><span class='ocrx_word' id='word_1_353' title='bbox 330 4239 397 4302; x_wconf 88' lang='lat' dir='ltr'><strong>siae</strong></span> <span class='ocrx_word' id='word_1_354' title='bbox 420 4237 598 4322; x_wconf 88' lang='lat' dir='ltr'><strong>penuriam,</strong></span> <span class='ocrx_word' id='word_1_355' title='bbox 621 4239 654 4302; x_wconf 89' lang='lat' dir='ltr'><strong>in</strong></span> <span class='ocrx_word' id='word_1_356' title='bbox 677 4261 740 4325; x_wconf 91' lang='lat' dir='ltr'><strong>qua</strong></span> <span class='ocrx_word' id='word_1_357' title='bbox 764 4238 953 4306; x_wconf 84' lang='lat' dir='ltr'><strong>difficultate</strong></span> <span class='ocrx_word' id='word_1_358' title='bbox 974 4239 1169 4327; x_wconf 60' lang='lat' dir='ltr'><strong>explicanda</strong></span> <span class='ocrx_word' id='word_1_359' title='bbox 1188 4265 1247 4308; x_wconf 89' lang='lat' dir='ltr'><strong>nos</strong></span> <span class='ocrx_word' id='word_1_360' title='bbox 1270 4243 1400 4330; x_wconf 88' lang='lat' dir='ltr'><strong>quidem</strong></span> <span class='ocrx_word' id='word_1_361' title='bbox 1424 4245 1530 4312; x_wconf 89' lang='lat' dir='ltr'><strong>officio</strong></span> <span class='ocrx_word' id='word_1_362' title='bbox 1554 4248 1653 4314; x_wconf 91' lang='lat' dir='ltr'><strong>catho-</strong></span> 
     </span>
     <span class='ocr_line' id='line_1_36' title="bbox 329 4338 1652 4431; baseline 0.007 -28"><span class='ocrx_word' id='word_1_363' title='bbox 329 4338 383 4404; x_wconf 91' lang='lat' dir='ltr'><strong>lici</strong></span> <span class='ocrx_word' id='word_1_364' title='bbox 412 4340 616 4427; x_wconf 88' lang='lat' dir='ltr'><strong>imperatoris</strong></span> <span class='ocrx_word' id='word_1_365' title='bbox 645 4365 709 4407; x_wconf 92' lang='lat' dir='ltr'><strong>non</strong></span> <span class='ocrx_word' id='word_1_366' title='bbox 737 4343 836 4407; x_wconf 89' lang='lat' dir='ltr'><strong>simus</strong></span> <span class='ocrx_word' id='word_1_367' title='bbox 866 4343 1019 4427; x_wconf 81' lang='lat' dir='ltr'><strong>defuturi3</strong></span> <span class='ocrx_word' id='word_1_368' title='bbox 1054 4342 1112 4409; x_wconf 89' lang='lat' dir='ltr'><strong>sed</strong></span> <span class='ocrx_word' id='word_1_369' title='bbox 1141 4346 1292 4431; x_wconf 90' lang='lat' dir='ltr'><strong>quoniam</strong></span> <span class='ocrx_word' id='word_1_370' title='bbox 1323 4345 1405 4412; x_wconf 87' lang='lat' dir='ltr'><strong>haec</strong></span> <span class='ocrx_word' id='word_1_371' title='bbox 1433 4371 1485 4414; x_wconf 90' lang='lat' dir='ltr'><strong>res</strong></span> <span class='ocrx_word' id='word_1_372' title='bbox 1514 4374 1580 4416; x_wconf 91' lang='lat' dir='ltr'><strong>non</strong></span> <span class='ocrx_word' id='word_1_373' title='bbox 1601 4373 1652 4416; x_wconf 89' lang='lat' dir='ltr'><strong>nos</strong></span> 
     </span>
     <span class='ocr_line' id='line_1_37' title="bbox 330 4441 1651 4540; baseline 0.008 -34"><span class='ocrx_word' id='word_1_374' title='bbox 330 4441 497 4527; x_wconf 82' lang='lat' dir='ltr'><strong>duntaxat,</strong></span> <span class='ocrx_word' id='word_1_375' title='bbox 522 4443 579 4508; x_wconf 89' lang='lat' dir='ltr'><strong>sed</strong></span> <span class='ocrx_word' id='word_1_376' title='bbox 602 4445 699 4509; x_wconf 89' lang='lat' dir='ltr'><strong>etiarn</strong></span> <span class='ocrx_word' id='word_1_377' title='bbox 723 4444 851 4511; x_wconf 90' lang='lat' dir='ltr'><strong>ordines</strong></span> <span class='ocrx_word' id='word_1_378' title='bbox 874 4469 914 4512; x_wconf 90' lang='lat' dir='ltr'><strong>ac</strong></span> <span class='ocrx_word' id='word_1_379' title='bbox 937 4457 1039 4512; x_wconf 89' lang='lat' dir='ltr'><strong>status</strong></span> <span class='ocrx_word' id='word_1_380' title='bbox 1062 4449 1187 4534; x_wconf 89' lang='lat' dir='ltr'><strong>imperii</strong></span> <span class='ocrx_word' id='word_1_381' title='bbox 1211 4451 1375 4516; x_wconf 88' lang='lat' dir='ltr'><strong>concernit</strong></span> <span class='ocrx_word' id='word_1_382' title='bbox 1396 4451 1535 4540; x_wconf 91' lang='lat' dir='ltr'><strong>ideoque</strong></span> <span class='ocrx_word' id='word_1_383' title='bbox 1559 4455 1598 4520; x_wconf 91' lang='lat' dir='ltr'><strong>de</strong></span> <span class='ocrx_word' id='word_1_384' title='bbox 1619 4477 1651 4518; x_wconf 88' lang='lat' dir='ltr'><strong>ea</strong></span> 
     </span>
     <span class='ocr_line' id='line_1_38' title="bbox 329 4547 1650 4645; baseline 0.008 -36"><span class='ocrx_word' id='word_1_385' title='bbox 329 4569 393 4610; x_wconf 91' lang='lat' dir='ltr'><strong>non</strong></span> <span class='ocrx_word' id='word_1_386' title='bbox 416 4549 577 4632; x_wconf 89' lang='lat' dir='ltr'><strong>possimus</strong></span> <span class='ocrx_word' id='word_1_387' title='bbox 599 4556 664 4612; x_wconf 90' lang='lat' dir='ltr'><strong>tam</strong></span> <span class='ocrx_word' id='word_1_388' title='bbox 688 4547 836 4615; x_wconf 88' lang='lat' dir='ltr'><strong>absolute</strong></span> <span class='ocrx_word' id='word_1_389' title='bbox 860 4549 1030 4637; x_wconf 88' lang='lat' dir='ltr'><strong>disponere</strong></span> <span class='ocrx_word' id='word_1_390' title='bbox 1053 4553 1087 4616; x_wconf 93' lang='lat' dir='ltr'><strong>in</strong></span> <span class='ocrx_word' id='word_1_391' title='bbox 1109 4550 1230 4618; x_wconf 85' lang='lat' dir='ltr'><strong>ditione</strong></span> <span class='ocrx_word' id='word_1_392' title='bbox 1246 4554 1371 4639; x_wconf 91' lang='lat' dir='ltr'><strong>imperii</strong></span> <span class='ocrx_word' id='word_1_393' title='bbox 1388 4578 1486 4642; x_wconf 91' lang='lat' dir='ltr'><strong>quam</strong></span> <span class='ocrx_word' id='word_1_394' title='bbox 1502 4560 1535 4622; x_wconf 91' lang='lat' dir='ltr'><strong>in</strong></span> <span class='ocrx_word' id='word_1_395' title='bbox 1551 4560 1650 4645; x_wconf 88' lang='lat' dir='ltr'><strong>regnis</strong></span> 
     </span>
     <span class='ocr_line' id='line_1_39' title="bbox 329 4649 1649 4745; baseline 0.005 -31"><span class='ocrx_word' id='word_1_396' title='bbox 329 4659 362 4714; x_wconf 91' lang='lat' dir='ltr'><strong>ct</strong></span> <span class='ocrx_word' id='word_1_397' title='bbox 382 4649 531 4715; x_wconf 89' lang='lat' dir='ltr'><strong>dominiis</strong></span> <span class='ocrx_word' id='word_1_398' title='bbox 554 4653 672 4714; x_wconf 91' lang='lat' dir='ltr'><strong>nostris</strong></span> <span class='ocrx_word' id='word_1_399' title='bbox 694 4650 927 4736; x_wconf 87' lang='lat' dir='ltr'><strong>haereditariis,</strong></span> <span class='ocrx_word' id='word_1_400' title='bbox 951 4675 1024 4719; x_wconf 87' lang='lat' dir='ltr'><strong>cum</strong></span> <span class='ocrx_word' id='word_1_401' title='bbox 1047 4676 1136 4720; x_wconf 86' lang='lat' dir='ltr'><strong>more</strong></span> <span class='ocrx_word' id='word_1_402' title='bbox 1158 4657 1316 4720; x_wconf 89' lang='lat' dir='ltr'><strong>maiorum</strong></span> <span class='ocrx_word' id='word_1_403' title='bbox 1331 4657 1409 4722; x_wconf 87' lang='lat' dir='ltr'><strong>talia</strong></span> <span class='ocrx_word' id='word_1_404' title='bbox 1423 4662 1562 4745; x_wconf 83' lang='lat' dir='ltr'><strong>negocia</strong></span> <span class='ocrx_word' id='word_1_405' title='bbox 1578 4663 1649 4726; x_wconf 81' lang='lat' dir='ltr'><strong>scitu</strong></span> 
     </span>
     <span class='ocr_line' id='line_1_40' title="bbox 329 4753 1648 4845; baseline 0.008 -29"><span class='ocrx_word' id='word_1_406' title='bbox 329 4753 462 4818; x_wconf 88' lang='lat' dir='ltr'><strong>oonsilio</strong></span> <span class='ocrx_word' id='word_1_407' title='bbox 486 4763 518 4818; x_wconf 91' lang='lat' dir='ltr'><strong>et</strong></span> <span class='ocrx_word' id='word_1_408' title='bbox 541 4770 700 4819; x_wconf 86' lang='lat' dir='ltr'><strong>consensu</strong></span> <span class='ocrx_word' id='word_1_409' title='bbox 722 4759 864 4822; x_wconf 83' lang='lat' dir='ltr'><strong>universi</strong></span> <span class='ocrx_word' id='word_1_410' title='bbox 886 4760 1012 4845; x_wconf 86' lang='lat' dir='ltr'><strong>imperii</strong></span> <span class='ocrx_word' id='word_1_411' title='bbox 1024 4759 1240 4826; x_wconf 80' lang='lat' dir='ltr'><strong>Germanicae</strong></span> <span class='ocrx_word' id='word_1_412' title='bbox 1261 4761 1401 4826; x_wconf 88' lang='lat' dir='ltr'><strong>nationis</strong></span> <span class='ocrx_word' id='word_1_413' title='bbox 1425 4767 1555 4828; x_wconf 85' lang='lat' dir='ltr'><strong>tractari</strong></span> <span class='ocrx_word' id='word_1_414' title='bbox 1578 4763 1648 4828; x_wconf 91' lang='lat' dir='ltr'><strong>sole·</strong></span> 
     </span>
     <span class='ocr_line' id='line_1_41' title="bbox 328 4857 1648 4954; baseline 0.006 -34"><span class='ocrx_word' id='word_1_415' title='bbox 328 4865 393 4940; x_wconf 88' lang='lat' dir='ltr'><strong>ant,</strong></span> <span class='ocrx_word' id='word_1_416' title='bbox 416 4857 509 4922; x_wconf 90' lang='lat' dir='ltr'><strong>nobis</strong></span> <span class='ocrx_word' id='word_1_417' title='bbox 532 4880 727 4946; x_wconf 86' lang='lat' dir='ltr'><strong>magnopere</strong></span> <span class='ocrx_word' id='word_1_418' title='bbox 750 4861 930 4926; x_wconf 88' lang='lat' dir='ltr'><strong>consultum</strong></span> <span class='ocrx_word' id='word_1_419' title='bbox 952 4865 1049 4928; x_wconf 85' lang='lat' dir='ltr'><strong>irnrno</strong></span> <span class='ocrx_word' id='word_1_420' title='bbox 1078 4865 1173 4928; x_wconf 77' lang='lat' dir='ltr'><strong>ctimn</strong></span> <span class='ocrx_word' id='word_1_421' title='bbox 1199 4866 1418 4930; x_wconf 86' lang='lat' dir='ltr'><strong>necessarium</strong></span> <span class='ocrx_word' id='word_1_422' title='bbox 1440 4867 1544 4934; x_wconf 87' lang='lat' dir='ltr'><strong>videri</strong></span> <span class='ocrx_word' id='word_1_423' title='bbox 1573 4863 1648 4954; x_wconf 91' lang='lat' dir='ltr'><strong>quod</strong></span> 
     </span>
    </p>
   </div>
   <div class='ocr_carea' id='block_1_4' title="bbox 329 4959 1648 5150">
    <p class='ocr_par' dir='ltr' id='par_1_4' title="bbox 329 4959 1648 5150">
     <span class='ocr_line' id='line_1_42' title="bbox 330 4959 1648 5059; baseline 0.006 -35"><span class='ocrx_word' id='word_1_424' title='bbox 330 4959 471 5046; x_wconf 86' lang='lat' dir='ltr'><strong>desuper</strong></span> <span class='ocrx_word' id='word_1_425' title='bbox 494 4960 730 5050; x_wconf 87' lang='lat' dir='ltr'><strong>archiepiscopi</strong></span> <span class='ocrx_word' id='word_1_426' title='bbox 753 4966 896 5052; x_wconf 88' lang='lat' dir='ltr'><strong>episcopi</strong></span> <span class='ocrx_word' id='word_1_427' title='bbox 921 4977 953 5032; x_wconf 91' lang='lat' dir='ltr'><strong>et</strong></span> <span class='ocrx_word' id='word_1_428' title='bbox 974 4967 1109 5054; x_wconf 87' lang='lat' dir='ltr'><strong>praelati</strong></span> <span class='ocrx_word' id='word_1_429' title='bbox 1133 4967 1330 5036; x_wconf 79' lang='lat' dir='ltr'><strong>Germaniae</strong></span> <span class='ocrx_word' id='word_1_430' title='bbox 1346 4981 1502 5059; x_wconf 89' lang='lat' dir='ltr'><strong>quantum</strong></span> <span class='ocrx_word' id='word_1_431' title='bbox 1519 4972 1594 5037; x_wconf 83' lang='lat' dir='ltr'><strong>satis</strong></span> <span class='ocrx_word' id='word_1_432' title='bbox 1608 4977 1648 5034; x_wconf 88' lang='lat' dir='ltr'><strong>est</strong></span> 
     </span>
     <span class='ocr_line' id='line_1_43' title="bbox 329 5065 624 5150; baseline 0.02 -23"><span class='ocrx_word' id='word_1_433' title='bbox 329 5065 420 5150; x_wconf 86' lang='lat' dir='ltr'><strong>prius</strong></span> <span class='ocrx_word' id='word_1_434' title='bbox 442 5065 624 5134; x_wconf 78' lang='lat' dir='ltr'><strong>audiantur.</strong></span> 
     </span>
    </p>
   </div>
   <div class='ocr_carea' id='block_1_5' title="bbox 0 0 1738 5820">
    <p class='ocr_par' dir='ltr' id='par_1_5' title="bbox 0 0 1738 5820">
     <span class='ocr_line' id='line_1_44' title="bbox 0 0 1738 5820; baseline 0 0"><span class='ocrx_word' id='word_1_435' title='bbox 0 0 1738 5820; x_wconf 95' lang='lat' dir='ltr'><strong> </strong></span> 
     </span>
    </p>
   </div>
  </div>
 </body>
</html>
