3468 5820
1332 527 1392 593 tbi

165 715 264 800 Quod
286 726 394 784 autam
415 719 530 782 attinet
550 716 593 782 ad
614 717 665 782 ius
686 715 913 782 nominationis
936 737 976 780 ac
997 715 1266 800 praesentationis
1280 737 1394 802 regum

72 845 105 888 ac
125 823 309 910 principum
332 821 537 904 secularium,
561 819 649 907 quod
671 819 777 886 dictus
798 819 870 884 Bm·
893 818 929 885 0.
952 817 1170 905 Lotharingus
1193 820 1283 907 cupit
1298 818 1391 886 abro-

71 927 146 1013 gari,
175 948 245 990 non
271 925 455 992 dubitamus
483 924 621 990 eundem
648 921 730 987 Rmum
757 922 955 989 cardinalem
981 921 1044 988 hoc
1069 924 1176 1010 ipsum
1206 945 1340 1010 syncera
1363 933 1395 990 et

72 1029 147 1094 bono
168 1028 242 1095 zelo
265 1049 377 1115 agere,
407 1051 472 1116 qua
485 1027 528 1092 in
555 1049 590 1092 re
612 1025 693 1116 quid
720 1025 923 1114 profecturus
952 1027 993 1092 sit
1020 1024 1107 1117 apud
1136 1025 1216 1094 alios
1238 1050 1332 1114 reges
1354 1053 1394 1096 ac

70 1135 239 1220 principes,
264 1133 449 1199 coniectura
470 1153 536 1197 non
549 1129 752 1218 assequimur
774 1151 880 1217 neque
903 1131 999 1194 etiarn
1016 1125 1093 1216 quid
1109 1127 1162 1195 alii
1178 1131 1211 1196 in
1226 1129 1287 1196 hac
1302 1142 1395 1218 parta

70 1237 247 1303 concedant
268 1258 465 1324 magnopere
488 1232 681 1303 laboramus.
704 1233 799 1300 nobis
822 1241 931 1302 tamen
953 1233 1084 1299 obstant
1098 1231 1260 1320 legitimae
1275 1243 1308 1300 et
1321 1259 1393 1323 gra·

67 1340 217 1408 rissimae
238 1341 392 1424 rationes,
417 1339 587 1428 quominus
610 1337 788 1404 concedere
810 1346 867 1403 aut
888 1338 970 1404 ferre
993 1359 1146 1425 queamus
1169 1347 1205 1404 ut
1227 1337 1320 1405 nobis
1342 1341 1393 1405 ius

67 1455 254 1532 patronatus
277 1467 336 1512 seu
357 1443 545 1512 nominandi
568 1464 607 1509 ac
629 1441 857 1531 praesentandi
880 1443 1051 1530 episcopos
1073 1441 1235 1529 praelatos
1258 1453 1291 1509 et
1313 1442 1392 1508 alios

67 1549 301 1616 ecclesiasticos
325 1549 497 1616 auferatur.
520 1571 595 1614 narn
617 1555 654 1614 ut
675 1547 755 1612 alias
778 1568 893 1614 causas
916 1555 1166 1633 praetereamus,
1189 1549 1393 1636 episcopatus

66 1663 93 1718 et
113 1653 322 1740 praelaturae
343 1652 417 1720 illae
440 1655 473 1718 in
496 1652 614 1740 quibus
636 1654 686 1718 ius
708 1650 895 1716 nominandi
913 1658 945 1718 et
958 1651 1186 1737 praesentandi
1202 1651 1392 1735 obtinemus,

64 1755 178 1822 habent
201 1755 348 1844 capitula
370 1766 427 1822 aut
448 1755 545 1842 plane
567 1754 656 1820 nulla
679 1764 735 1820 aut
757 1751 871 1819 saltem
901 1753 998 1818 valde
1026 1755 1160 1839 exigua,
1184 1756 1229 1820 ita
1249 1763 1287 1820 ut
1309 1757 1392 1821 affir-

66 1883 148 1926 mare
170 1883 240 1926 non
263 1861 424 1946 possimus
447 1881 489 1924 au
512 1857 659 1924 ecclesiis
681 1869 714 1924 et
735 1856 926 1944 praelaturis
948 1855 1010 1921 illis
1032 1851 1150 1922 nostris
1165 1867 1254 1923 recte
1268 1862 1392 1946 prospi-

64 1973 186 2029 ceretur
210 1973 244 2028 et
267 1962 495 2045 consuleretur,
519 1963 547 2028 si
569 1962 753 2028 huiusmodi
774 1961 824 2025 ius
851 1959 1036 2026 nominandi
1064 1971 1096 2026 et
1123 1961 1350 2047 praesentandi
1372 1985 1393 2027 a

63 2067 152 2132 nobis
175 2066 358 2132 auferretur
380 2075 413 2131 et
434 2065 508 2131 aliis
532 2065 770 2132 concederetur.
801 2073 833 2130 et
855 2065 1018 2150 quianon
1038 2063 1219 2130 inficiamur
1241 2067 1336 2131 etiam
1359 2067 1393 2130 in

14 2219 15 2226 κ
62 2169 335 2236 nominationibus
346 2178 377 2235 et
389 2168 702 2256 praesentationibus
724 2170 948 2255 opiscoporum
957 2175 990 2233 et
999 2167 1218 2254 praelatorum
1232 2171 1393 2235 interdum

62 2275 218 2340 committi
240 2296 306 2340 non
328 2273 417 2340 leves
441 2294 566 2340 errores
589 2283 687 2360 atque
709 2272 848 2356 abusus,¹
862 2295 922 2337 nos
944 2282 1117 2359 propterca
1138 2272 1233 2339 facile
1256 2275 1394 2339 admitti-

14 2373 15 2376 '
62 2399 128 2443 mus
151 2387 255 2466 atque
277 2377 360 2444 adeo
381 2378 601 2444 necessarium
625 2399 754 2465 quoque
777 2376 978 2459 arbitramur,
1001 2385 1038 2440 ut
1058 2375 1240 2441 istiusmodi
1267 2394 1392 2442 errores

63 2503 98 2546 ac
120 2481 247 2548 abusus
271 2480 387 2548 debitis
408 2481 513 2547 modis
535 2484 748 2568 corrigantur,
772 2481 818 2544 ita
838 2479 989 2544 nimirum
1004 2487 1041 2543 ut
1062 2479 1220 2546 nominati
1235 2479 1288 2545 vel
1303 2502 1394 2566 prae·

65 2587 179 2652 scutati
202 2583 376 2671 diligenter
398 2603 438 2650 ac
459 2587 603 2671 rigorose
626 2586 851 2650 examinentur
873 2599 979 2668 neque
1002 2583 1239 2666 confirmentur,
1260 2585 1324 2648 nisi
1338 2584 1394 2649 ha-

14 2683 16 2736 ?
64 2688 141 2754 biles
165 2697 201 2755 et
223 2687 333 2754 idonei
354 2689 474 2776 reperti
494 2689 623 2771 fuerint,
646 2711 753 2776 neque
774 2687 920 2772 profecto
949 2707 1009 2774 pro
1038 2695 1129 2774 parte
1156 2698 1268 2752 nostra
1297 2709 1394 2775 aegre

63 2792 219 2875 feremus,
251 2793 278 2856 si
300 2790 347 2856 illi
369 2812 451 2880 quos
481 2793 754 2858 nominaverimus
784 2799 816 2856 et
845 2792 1158 2878 praesentarerimus
1187 2775 1230 2856 ad
1253 2789 1394 2879 aliquem

64 2897 286 2983 episcopatum
308 2917 366 2962 seu
387 2894 604 2982 praelaturam
632 2917 697 2961 non
725 2897 846 2962 luerint
874 2897 956 2982 apti,
988 2896 1190 2975 reiiciantur,
1219 2894 1392 2962 dummodo

63 2999 153 3065 nobis
177 2999 319 3064 liberum
341 3001 382 3064 sit
404 3021 561 3087 quaerere
582 3009 791 3085 praesentare
814 3021 871 3066 seu
893 3002 1059 3066 nominare
1083 2999 1180 3066 aliurn
1204 3002 1259 3088 qui
1281 3000 1393 3066 ridea-

63 3110 110 3166 tur
130 3103 205 3170 foro
227 3103 331 3188 magis
353 3103 499 3168 idonens.
522 3104 631 3190 itaque
653 3111 797 3168 restrum
828 3103 889 3168 erit
916 3104 950 3167 in
976 3103 1038 3169 hac
1064 3110 1157 3190 parte
1184 3104 1255 3168 iura
1283 3113 1395 3170 nostra

63 3209 142 3272 tueri
165 3215 203 3273 et
224 3208 340 3272 eontra
362 3205 537 3273 defendere
552 3254 560 3270 .
575 3255 602 3270 ..

198 3345 247 3396 Am
266 3345 282 3396 4
298 3343 355 3396 Mai
371 3343 463 3396 hatten
480 3345 558 3396 Thun
575 3345 629 3396 und
647 3343 830 3396 Fiinflrircben
849 3347 925 3395 einen
948 3345 1024 3395 Brisf
1043 3345 1090 3396 des
1114 3345 1143 3397 O.
1162 3363 1213 3399 ron
1231 3349 1395 3419 Lotbriugen

14 3451 15 3480 1
126 3429 289 3497 singesundt
307 3431 340 3482 de
358 3431 438 3484 rebus
455 3431 544 3498 magni
559 3433 694 3494 momenti,
714 3431 860 3497 dequibus
884 3429 1004 3482 nonnihil
1028 3431 1107 3482 etiam
1130 3435 1268 3486 nobiscum
1292 3446 1394 3489 secreto

126 3518 336 3570 communicavit
352 3545 386 3554 —
403 3516 622 3568 uahrscheiniich
640 3516 767 3568 handslto
784 3531 814 3566 or
830 3530 883 3568 ron
901 3516 952 3567 deu
971 3517 1030 3567 dem
1050 3518 1175 3570 Oardinal
1192 3522 1276 3574 echon
1294 3523 1394 3576 damus

126 3620 184 3656 ron
202 3603 269 3656 Rom
287 3617 336 3655 sus
353 3603 511 3670 gemachten
528 3604 752 3669 Ansrbietungsu.
770 3602 898 3669 Zugleich
918 3603 1059 3656 schrieben
1082 3605 1124 3656 die
1147 3606 1243 3659 beiden
1266 3609 1395 3662 Oratorau

127 3690 213 3760 (Orig.
234 3691 262 3740 in
281 3689 333 3740 den
350 3689 483 3754 Romana,
501 3690 555 3756 rgl.
575 3690 622 3742 des
640 3689 740 3740 Hosius
758 3689 833 3742 Brief
849 3691 877 3740 in
893 3688 1010 3741 Theiner
1036 3696 1089 3744 vet.
1116 3709 1187 3747 mon.
1215 3695 1343 3750 Poloniue
1370 3699 1395 3762 2,

126 3776 206 3842 656)=
275 3775 390 3826 Primum
409 3781 490 3841 caput
513 3778 621 3827 istorum
645 3775 814 3826 articulorum
836 3773 879 3842 [de
903 3776 1038 3841 abusibus,
1061 3793 1082 3831 s.
1102 3777 1146 3828 Nr.
1166 3779 1298 3834 ccxnvl
1315 3783 1394 3852 Note]

128 3877 219 3929 neque
236 3861 270 3912 D.
288 3859 384 3928 legatis
402 3877 489 3928 neque
507 3862 585 3913 nobis
604 3877 688 3927 neque
706 3861 824 3926 plurimis
843 3877 875 3911 ex
893 3861 1012 3926 patribus
1031 3863 1167 3928 probatur,
1196 3871 1222 3918 et
1239 3868 1396 3920 arbitramur

126 3947 201 3999 istud
219 3947 345 4014 quicquid
363 3947 397 4000 de
415 3949 510 3998 ceteris
528 3947 574 3998 flat
591 3963 690 4014 magns
707 3963 738 3998 ex
756 3953 832 4013 parte
852 3947 885 3996 ab
903 3947 1024 3998 omnibus
1043 3947 1170 4000 reiectum
1188 3953 1227 4006 iri.
1247 3953 1312 4004 illud
1330 3971 1395 4022 quo·

128 4051 182 4104 qus
201 4041 229 4086 ct
244 4035 322 4086 nobis
341 4039 367 4086 et
383 4034 444 4085 aliis
460 4034 598 4099 permultls
610 4034 752 4086 molestum
768 4033 868 4085 accidit
884 4035 956 4100 quod
973 4034 1047 4086 nulls
1059 4036 1091 4086 de
1104 4039 1279 4102 parochorum
1292 4045 1320 4092 et
1331 4044 1395 4094 alio·

127 4138 187 4174 rum
206 4125 356 4172 curatorum
374 4122 501 4186 qualitate
526 4123 552 4170 et
576 4121 770 4173 conditionibus
793 4121 891 4172 mentio
914 4121 943 4172 in
968 4122 1024 4172 istis
1043 4121 1167 4174 abusibus
1184 4125 1257 4176 facta
1274 4129 1316 4192 sit,
1335 4145 1395 4182 cum

130 4207 175 4260 rel
193 4207 222 4258 id
239 4208 356 4274 inprimis
374 4207 519 4258 curandum
539 4207 618 4258 fuerit
637 4211 663 4258 et
681 4208 771 4274 magni
796 4206 926 4258 ccclesiae
945 4207 1094 4260 catholicae
1107 4211 1222 4278 intersit,
1247 4215 1339 4279 quales
1357 4218 1396 4270 illi

132 4300 159 4345 et
177 4295 273 4360 quibus
290 4295 407 4344 moribus
425 4293 537 4360 praediti
555 4293 614 4343 sint.
633 4293 722 4360 itaque
739 4295 767 4342 in
786 4308 818 4343 eo
837 4291 972 4343 laboratur
989 4309 1005 4343 a
1022 4293 1155 4362 plerisque
1172 4314 1206 4348 uo
1223 4315 1265 4352 ros
1283 4307 1337 4356 tam
1348 4320 1394 4366 ne-

132 4381 249 4432 cessaria
265 4379 421 4446 negligatur.

199 4465 318 4517 Weiters
335 4465 478 4532 Depescho
495 4463 634 4516 danelben
645 4479 708 4515 rom
727 4465 759 4514 12
778 4463 846 4516 bisi:
864 4465 892 4514 in
910 4463 957 4515 der
974 4465 1105 4534 gestrigsn
1125 4467 1319 4539 congregation
1339 4478 1391 4544 gab

132 4553 181 4604 der
197 4551 355 4618 Lothriuger
372 4553 429 4603 sein
446 4551 544 4603 Votum
562 4553 629 4604 tiber
647 4551 690 4602 dis
709 4556 796 4602 srstsn
812 4551 871 4601 rier
888 4551 991 4617 Gapitel
1009 4554 1057 4616 ab3
1076 4569 1105 4604 es
1121 4571 1176 4606 war
1193 4559 1253 4608 sehr
1265 4567 1320 4626 gut,
1338 4578 1395 4616 rcr-

133 4640 214 4690 letrte
231 4639 295 4690 aber
313 4639 389 4690 risle.
407 4639 464 4690 Das
481 4639 580 4690 Votum
597 4637 681 4690 selbst
692 4640 719 4690 in
737 4639 776 4688 Le
793 4637 855 4688 Plat
872 4640 897 4700 6,
915 4639 963 4702 523
982 4639 1050 4690 datu
1067 4641 1182 4698 Beccad
1202 4647 1226 4708 2,
1245 4649 1291 4710 693
1319 4647 1395 4716 supi

134 4728 198 4790 (3855
216 4725 282 4776 Pall.
302 4727 327 4788 2,
346 4726 404 4776 725.
423 4724 512 4778 Schon
531 4725 578 4776 dor
595 4725 702 4790 Ausaug
726 4725 812 4774 dieser
834 4721 909 4774 Rode
932 4725 959 4774 in
977 4724 1120 4778 Moudham
1138 4732 1316 4786 orcheneia
1335 4736 1395 4788 dass

134 4811 181 4862 der
199 4809 323 4862 Cardinal
341 4811 442 4862 damals
461 4811 525 4862 tiber
543 4811 586 4861 die
603 4813 632 4861 in
648 4811 688 4860 Le
700 4810 764 4874 Plat,
779 4811 802 4874 6,
816 4812 849 4860 32
868 4810 1078 4861 rerbffentlichte
1091 4813 1213 4882 Fussnng
1224 4818 1271 4869 des
1283 4822 1395 4872 Decreta

133 4898 229 4963 spraoh
247 4897 302 4948 und
319 4898 393 4949 nicht
410 4899 478 4949 tiber
502 4897 545 4949 die
562 4895 703 4948 Mendham
727 4897 777 4946 507
800 4895 981 4961 abgedruclrte
1005 4897 1059 4946 und
1084 4906 1136 4949 erst
1159 4902 1185 4952 in
1210 4907 1314 4968 spiitere
1337 4909 1396 4960 Zeit

133 4984 269 5050 geborige.
