3450 5818
407 713 495 766 weilte
520 725 581 764 run
602 707 751 762 November
774 707 840 758 1⁶61
864 704 905 758 bis
928 700 1084 768 dspmbrr
1105 700 1174 756 1⁶62
1199 697 1307 754 Osterio
1328 697 1416 752 Laudi
1440 701 1477 752 ius
1493 699 1610 766 Δώις
1626 701 1674 753 des

406 801 515 854 Kaisesa
541 812 584 848 am
602 792 760 860 spanisuben
785 790 866 843 nors.
895 787 994 840 Weder
1019 787 1092 838 seius
1115 787 1288 852 lusu'untion,
1317 786 1389 840 nocb
1405 787 1477 838 aeine
1494 787 1623 840 Berichte
1640 804 1674 840 an

408 884 561 940 ferdinand
578 881 637 932 sind
656 878 790 940 erhaltsn,
818 893 848 928 so
867 875 929 928 dass
947 874 990 925 ich
1008 875 1100 924 ιιὶιιιιι
1116 873 1313 942 Hauptaustrag
1330 873 1405 926 nicht
1420 874 1517 926 kenne·
1544 874 1604 926 Nur
1627 891 1674 926 am

407 974 497 1024 seiuen
515 968 584 1020 noch
601 963 789 1018 vorhaudenen
807 961 915 1016 Briefen
931 975 965 1011 an
984 957 1159 1018 Maximilian,
1187 957 1215 1008 in
1238 959 1324 1010 denen
1351 975 1379 1009 er
1397 959 1461 1010 aber
1479 965 1545 1012 stete
1565 963 1615 1012 auf
1631 963 1673 1013 die

406 1055 566 1123 Depeschen
584 1069 619 1104 au
637 1051 688 1102 den
705 1051 799 1100 Kaisar
815 1047 945 1112 rerweist,
964 1045 1103 1096 entuehme
1120 1045 1165 1094 ich
1196 1045 1257 1095 dass
1276 1060 1304 1096 er
1315 1045 1446 1096 nebenbei
1458 1048 1525 1098 tiber
1535 1047 1674 1100 Gennesar

409 1140 651 1211 Angelegenbeiten
674 1153 707 1187 au
729 1133 922 1186 unterhandeln
944 1131 1025 1186 hatte.
1061 1133 1121 1182 Deu
1148 1131 1335 1182 weseutlleben
1358 1131 1447 1184 Iubalt
1471 1133 1561 1184 dieser
1586 1135 1672 1184 Brtefe

406 1231 497 1284 bilden
514 1227 576 1281 sehr
592 1224 734 1278 detadbrte
752 1221 964 1286 Sebilderungeu
981 1218 1028 1270 das
1047 1218 1153 1270 hebens
1171 1233 1215 1270 eur
1232 1217 1391 1284 spaniscbeu
1414 1219 1494 1282 Rota,
1518 1220 1568 1272 das
1588 1221 1669 1272 Maxi-

405 1317 503 1380 miliau,
521 1317 548 1366 in
567 1313 625 1364 dem
644 1308 828 1378 Augeublicke
858 1307 892 1358 de
910 1322 937 1356 er
956 1307 1030 1358 aeine
1048 1304 1137 1358 Sthue
1156 1305 1235 1358 datia
1253 1305 1381 1358 schicken
1398 1303 1496 1372 wollte,
1516 1307 1561 1358 ein
1579 1307 1673 1358 beson-

406 1405 481 1456 dores
507 1401 641 1451 Interesse
660 1396 733 1446 batte
759 1409 846 1462 genau
866 1393 971 1447 kenneu
990 1409 1022 1441 au
1040 1392 1141 1444 lernen.
1169 1392 1256 1444 Dabei
1273 1392 1366 1444 laufeu
1384 1391 1455 1443 daun
1473 1392 1543 1444 auch
1563 1393 1673 1445 Notizen

408 1491 474 1542 uber
497 1468 598 1538 sllerlei
612 1481 745 1550 jeweilige
762 1479 903 1546 politiscbe
921 1475 1145 1543 Vernandlungen
1163 1484 1252 1530 anter:
1283 1495 1312 1530 so
1331 1481 1401 1530 anch
1419 1479 1461 1529 die
1486 1481 1557 1532 oben
1583 1481 1672 1546 mitge-

407 1574 526 1636 theilteu,
545 1570 644 1622 welche
662 1568 720 1619 sich
738 1565 786 1616 aul
801 1565 844 1615 die
862 1561 918 1615 hier
935 1561 1052 1614 nielfacb
1069 1561 1210 1614 berlsurten
1227 1565 1408 1616 Verhiltnisse
1427 1565 1564 1620 beaieheu.

912 1835 1104 1922 OXOVI.

739 2020 970 2100 Draakcvtoe
996 2041 1042 2098 ιιι
1071 2023 1144 2098 deo
1175 2021 1321 2108 Kaleon

789 2155 922 2220 Τιίιιιι,
939 2161 958 2209 4
974 2157 1107 2224 August
1126 2157 1215 2209 lbdd.

652 2335 830 2397 Οωιιίιιιάιι.
855 2337 1000 2412 (triplam
1022 2339 1052 2393 in
1074 2343 1163 2412 torpor
1187 2340 1225 2392 11
1250 2337 1363 2408 Aspar.

441 2486 573 2553 Gratias
597 2484 658 2550 deo
681 2485 806 2571 agimus
829 2485 918 2573 quod
940 2485 1112 2570 negocium
1134 2483 1383 2550 continuationis
1407 2505 1445 2548 eo
1468 2485 1500 2548 in
1524 2495 1611 2550 statu
1626 2487 1661 2548 sit

340 2603 375 2659 ut
396 2595 461 2657 iam
477 2590 518 2656 de
541 2611 579 2656 eo
603 2589 756 2676 deinceps
779 2613 843 2655 non
858 2609 1056 2676 magnopere
1078 2585 1291 2654 laborandum
1314 2609 1385 2654 esee
1403 2586 1571 2674 videatur3
1595 2590 1665 2654 satis

341 2697 427 2763 enim
448 2696 513 2758 iarn
535 2703 633 2758 autea
653 2691 820 2758 molestiae
844 2693 997 2779 cepimus,
1037 2701 1069 2758 et
1089 2693 1124 2755 in
1146 2713 1184 2757 eo
1208 2691 1287 2756 satis
1311 2691 1609 2758 insudavimus...

442 2795 635 2864 Ourabir'nus
663 2795 834 2882 diligenter
936 2805 972 2860 ut
994 2804 1175 2884 opportuno
1204 2801 1348 2881 tempore
1377 2804 1409 2860 et
1434 2793 1507 2861 loco
1541 2819 1584 2862 ex
1612 2795 1667 2860 ll‘·

337 2903 377 2968 V.
394 2901 427 2968 S.
441 2901 561 2990 scripto
585 2899 625 2965 de
647 2899 874 2965 reformatione
899 2897 1009 2990 aliqua
1032 2901 1140 2986 capita
1163 2905 1381 2986 excerpantur
1404 2921 1507 2986 eaque
1523 2898 1665 2988 patribus

339 3003 556 3070 examinanda
576 3013 801 3090 proponantur
817 3052 824 3066 .
841 3051 873 3065 ..
896 3003 930 3066 in
950 3003 1189 3068 reformationis
1217 3001 1353 3088 negocio
1374 2999 1470 3068 Chr·l
1491 3005 1580 3089 regis
1605 3025 1664 3067 ora·

339 3121 434 3186 tores,
464 3115 500 3171 ut
522 3111 618 3172 antea
641 3127 770 3198 quoque
793 3106 843 3171 Ml
867 3103 907 3171 V.
931 3103 964 3171 S.
986 3105 1244 3193 perscripsimus,
1274 3126 1339 3172 non
1362 3107 1467 3171 minus
1491 3129 1590 3194 quarn
1613 3127 1663 3169 nos

340 3213 401 3298 ipsi
430 3209 560 3275 solliciti
594 3231 664 3276 esse
687 3209 838 3275 videntur
866 3219 899 3276 ιι
919 3231 1036 3296 parum
1058 3232 1078 3273 a
1100 3209 1161 3273 Mu.
1184 3209 1224 3274 V.
1249 3207 1281 3274 S.
1307 3213 1425 3298 scripto
1456 3209 1662 3298 discrepantia

340 3297 575 3380 reformationis
597 3315 705 3402 capita
727 3315 760 3378 in
782 3334 843 3378 sua
863 3313 1076 3378 instructione
1097 3311 1219 3378 habere
1235 3313 1459 3378 videntur...
1484 3313 1661 3380 Lusitaniae

340 3418 425 3503 regis
448 3426 556 3482 orator
581 3416 664 3482 bene
694 3417 824 3504 quidem
846 3419 1007 3482 animatus
1038 3425 1087 3482 est
1109 3439 1188 3502 erga
1214 3417 1484 3500 reformationem,
1516 3419 1575 3485 sed
1596 3417 1659 3481 hac·

344 3535 438 3618 tenus
449 3540 555 3606 neque
569 3519 719 3606 privatim
738 3542 843 3607 neque
854 3517 985 3608 publice
1003 3517 1178 3608 quidquam
1202 3541 1241 3584 ea
1268 3519 1308 3586 de
1329 3543 1364 3584 re
1376 3523 1547 3608 proposuit
1568 3543 1660 3607 neque

340 3625 412 3692 ullis
434 3643 578 3710 uuquam
601 3623 907 3710 congregationibus
930 3624 1086 3688 interesse
1109 3622 1200 3688 solet.
1224 3622 1259 3688 id
1274 3632 1383 3688 autem
1405 3635 1579 3710 propterea
1599 3623 1658 3688 fieri

340 3727 479 3812 ridetur,
504 3725 591 3816 quod
610 3725 734 3790 nullam
755 3749 888 3813 prorsus
911 3725 1031 3792 latinae
1052 3723 1184 3814 linguae
1201 3728 1416 3812 cognitionem
1432 3727 1552 3794 habeat
1566 3747 1659 3813 neque

340 3853 379 3898 ea
401 3853 485 3920 quae
503 3827 547 3894 ibi
570 3828 721 3894 dicuntur
741 3829 907 3918 intelligat.
931 3829 1062 3896 dominii
1084 3829 1200 3895 Veneti
1230 3838 1372 3896 oratores
1404 3831 1499 3901 etiam
1524 3833 1585 3921 ipsi
1605 3830 1658 3918 pri·

343 3936 459 4018 vatim,
490 3953 562 3998 cum
586 3932 756 3998 nobiscum
784 3931 847 3998 illis
870 3955 975 3999 sermo
999 3941 1056 4017 est,
1091 3956 1155 4000 non
1177 3934 1282 3999 minus
1312 3957 1390 4022 erga
1411 3937 1657 4002 reformationem

342 4041 448 4106 affecti
472 4060 543 4103 esse
565 4037 715 4103 videntur
738 4061 874 4126 eamque
896 4037 1171 4124 pernecessariam
1188 4061 1258 4104 esse
1274 4039 1444 4126 affirmant,
1469 4039 1527 4106 sed
1541 4037 1656 4130 publice

341 4155 396 4209 aut
418 4166 491 4210 cum
515 4136 732 4208 cardinalibus
760 4165 801 4207 ne
823 4140 960 4208 verbum
984 4141 1114 4229 quidem
1142 4141 1249 4207 'ullum
1270 4143 1402 4209 faciunt.
1447 4141 1654 4210 Helvetiorum

341 4255 457 4330 orator,
480 4247 701 4334 utplurimum
725 4253 756 4310 ιι
778 4247 847 4332 ipse
869 4268 889 4309 a
911 4245 1215 4332 congregationibus
1238 4243 1353 4312 abesse
1376 4245 1465 4330 solet,
1489 4245 1547 4313 aed
1562 4257 1654 4311 tamen

341 4371 414 4416 cum
444 4350 485 4415 de
507 4350 736 4416 reformatione
758 4357 881 4435 agetur,
912 4351 981 4436 ipse
1005 4369 1132 4439 quoque
1160 4347 1327 4414 nobiscum
1359 4373 1430 4416 earn
1451 4373 1520 4416 rem
1553 4373 1585 4416 se
1605 4369 1652 4436 pro

341 4453 463 4520 viribus
491 4462 710 4547 promoturum
738 4451 916 4542 pollicetur.
951 4450 1018 4515 11]ιιι
1050 4450 1142 4516 ducis
1165 4451 1347 4520 Florentiae
1377 4463 1484 4520 orator
1503 4471 1650 4541 nunquan

340 4557 407 4624 fere
430 4565 486 4622 aut
507 4577 580 4623 raro
603 4555 778 4622 admodum
801 4553 1110 4642 congregationibus
1125 4555 1275 4640 interest,
1300 4577 1373 4622 eum
1396 4557 1549 4625 credibile
1565 4565 1607 4623 est
1620 4575 1651 4618 ea

341 4664 373 4726 in
394 4685 430 4726 re
451 4659 530 4726 nibil
553 4657 642 4726 aliud
664 4660 824 4725 facturum
848 4677 946 4746 quam
969 4657 1057 4745 quod
1070 4657 1128 4723 8¹⁸⁰
1144 4658 1186 4723 D.
1202 4659 1241 4724 N.
1257 4659 1451 4748 placiturum
1466 4659 1648 4729 intellexerit

340 4763 406 4830 ΠΙ·Ι
428 4763 471 4830 D.
501 4763 592 4828 ducis
622 4763 780 4830 Bavariae
809 4772 914 4829 orator
944 4771 1116 4828 revocatus
1147 4771 1195 4828 est
1222 4762 1264 4829 ab
1292 4767 1362 4852 ipso
1394 4765 1435 4830 D.
1459 4765 1541 4834 duce
1562 4782 1648 4848 neque

341 4877 462 4936 certum
485 4875 534 4936 est
557 4891 599 4934 an
621 4870 738 4934 iterum
759 4888 949 4934 reversurus
972 4867 1026 4944 sit;
1053 4867 1203 4934 iesuitam
1231 4878 1339 4934 tamen
1362 4892 1458 4957 quem
1480 4892 1585 4936 secum
1602 4863 1645 4928 ud·

339 4972 478 5040 duxerat
499 4971 553 5038 bio
574 4969 778 5058 reliquit...
852 4987 862 5024 ι

903 5108 1106 5136 -n--n--n-l-
