3532 5832
1397 482 1437 555 tt

203 669 371 758 Risposta.
475 670 574 738 Tutto
597 683 712 761 questo
736 697 818 761 capo
840 673 947 762 pende
970 673 1058 742 dale
1080 676 1174 742 visite
1196 673 1315 763 lequali
1332 673 1365 740 S.
1381 675 1440 740 Mo
1538 699 1542 710 ’

120 772 308 840 halasciate
329 775 398 841 fare
415 798 507 841 come
522 775 566 840 ha
587 786 714 863 portato
737 777 770 842 la
792 778 974 844 conditione
998 777 1038 843 de
1061 779 1083 842 li
1105 779 1215 864 tempi.
1239 800 1274 842 ss
1295 778 1391 844 modo
1407 778 1440 844 S.

117 877 153 941 S*
174 877 342 944 domanda
365 877 426 944 che
448 879 473 942 s'
487 880 538 944 usi
560 881 594 944 in
617 889 731 968 questa
753 891 846 968 parte
867 882 1062 967 plurigena,
1085 880 1197 946 mandi
1218 880 1283 946 ella
1304 904 1324 947 a
1346 893 1442 968 posta

116 1003 163 1044 sua
183 982 288 1045 nuntii
313 983 333 1046 h
355 981 566 1048 commissarii
588 1005 608 1047 a
630 992 736 1048 tentar
757 983 778 1048 l'
793 985 950 1071 impresa,
980 983 1039 1048 che
1067 981 1101 1048 S.
1124 983 1182 1048 Ma
1201 1007 1267 1048 non
1289 989 1443 1052 mancare

115 1083 139 1146 d’
152 1083 225 1168 ogni
249 1086 342 1150 ainto
365 1094 398 1149 et
419 1083 530 1149 favore
552 1087 780 1170 conveniente,
818 1085 937 1174 perche
969 1109 1030 1151 con
1059 1095 1174 1175 questa
1201 1088 1393 1173 asperientia
1415 1091 1442 1153 si

116 1187 286 1251 conoscetis
307 1187 403 1270 forse,
426 1186 486 1254 ohe
508 1188 584 1276 quel
606 1187 666 1256 che
688 1212 754 1256 non
775 1189 818 1254 ha
840 1189 920 1256 fatto
935 1187 967 1254 S.
982 1189 1062 1272 Mn,
1089 1211 1154 1256 non
1176 1187 1196 1252 l’
1216 1188 1261 1254 ha
1280 1190 1360 1258 fatto
1384 1215 1443 1278 per

115 1289 185 1354 altro
208 1288 273 1354 che
299 1313 445 1376 pernen
466 1290 568 1356 haver
589 1301 702 1378 potuto
725 1293 775 1358 far
795 1293 863 1378 piu.

198 1390 338 1459 Obietto
362 1395 489 1460 settimo
511 1392 646 1460 decimo.
751 1395 820 1460 Usa
847 1395 880 1460 la
908 1394 966 1459 Ma
991 1393 1023 1460 S.
1057 1404 1090 1460 et
1117 1394 1219 1460 lascis
1245 1416 1342 1461 usare
1370 1419 1390 1461 a
1418 1395 1439 1460 li

115 1495 192 1562 Sor¹i
210 1498 289 1562 suoi
310 1495 423 1583 figlioli
446 1497 468 1562 il
491 1497 645 1583 consiglio
669 1497 700 1562 d'
715 1495 847 1563 haretici
859 1548 867 1581 ‚
890 1497 914 1563 li
936 1498 1024 1587 quali
1053 1519 1117 1563 non
1140 1499 1168 1562 si
1189 1499 1362 1563 nominano
1384 1523 1444 1586 per

114 1624 189 1666 osser
209 1600 316 1667 molto
338 1599 403 1666 ben
424 1602 492 1666 noti
515 1623 536 1665 a
557 1599 590 1665 S.
612 1599 671 1664 Ml
691 1607 723 1666 et
745 1623 804 1687 per
825 1623 944 1689 sapper
966 1599 1029 1666 olla
1051 1600 1149 1666 molto
1164 1599 1248 1665 bene
1271 1601 1303 1666 di
1321 1611 1441 1688 quanto

115 1727 184 1790 gran
205 1704 299 1771 male
321 1705 393 1770 sian
414 1705 490 1770 stati
512 1704 656 1770 cisiano
680 1703 907 1771 cotidiaments
930 1706 1044 1770 autori.

202 1808 372 1895 Risposta
476 1805 527 1872 La
547 1805 606 1870 Ma
625 1804 659 1872 S.
683 1807 768 1874 tiene
790 1818 822 1872 et
844 1806 941 1874 crede
964 1807 1023 1874 che
1056 1805 1079 1871 li
1101 1805 1294 1892 consigliere
1317 1810 1388 1873 suoi
1410 1818 1444 1874 et

114 1909 187 1974 deli
210 1909 308 1976 Sermi
330 1911 402 1976 suoi
430 1907 542 1996 figlioli
566 1911 656 1976 siano
684 1908 854 1994 catholici,
893 1919 926 1975 et
952 1909 975 1974 li
1002 1907 1087 1974 vede
1116 1907 1387 1975 ordinariamente
1410 1913 1444 1975 in

115 2013 214 2077 chiesa
237 2013 311 2078 lara
333 2021 416 2078 tutto
439 2011 545 2101 quello
568 2011 628 2078 che
651 2035 670 2077 a
693 2011 842 2078 catholici
865 2013 893 2076 si
914 2013 1086 2095 conviene,
1109 2033 1150 2077 no
1173 2034 1211 2076 sa
1232 2011 1295 2078 ella
1318 2013 1377 2078 che
1403 2012 1445 2078 da

118 2115 177 2182 loro
199 2119 297 2182 siano
319 2114 423 2181 ascite
446 2117 559 2181 attioni
575 2118 602 2180 si
623 2138 688 2181 non
705 2116 810 2203 degne
827 2115 866 2181 de
881 2116 1017 2180 ministri
1032 2113 1130 2180 fedeli
1145 2113 1198 2180 del
1212 2116 1361 2202 principe
1376 2139 1444 2182 suo.

207 2218 345 2285 Obietto
369 2229 479 2286 ottavo
502 2217 639 2286 decimo.
742 2217 877 2284 Estato
910 2220 967 2306 piu
995 2217 1083 2284 volte
1109 2217 1190 2284 fatto
1219 2240 1336 2306 sapere
1359 2242 1379 2284 a
1406 2218 1439 2285 S.

118 2321 171 2386 pa
193 2321 228 2388 la
250 2321 421 2409 malignith
442 2331 475 2388 et
510 2323 637 2408 pravita
666 2322 707 2388 de
730 2321 753 2386 li
780 2321 967 2388 infrascritti
993 2321 1138 2403 heretici,
1161 2321 1230 2386 cioh
1254 2320 1445 2388 Sebastiano

115 2423 240 2491 l'abbro
264 2447 403 2511 parroco
426 2425 481 2510 gia
502 2425 536 2490 in
557 2424 744 2510 Hamburg,
767 2423 849 2490 hora
869 2446 1009 2512 parocco
1031 2425 1065 2489 in
1086 2423 1287 2511 Haimburg,
1310 2423 1445 2492 Alberto

116 2549 248 2612 parocco
274 2529 306 2592 in
328 2526 520 2611 Pillerstorf‚
543 2527 743 2593 christoforo
764 2527 948 2594 Rosintaler
968 2548 1106 2614 parroco
1128 2527 1162 2591 in
1185 2525 1440 2616 Cornaumburg,

117 2628 240 2696 Giovan
265 2629 463 2716 Essinghero
485 2652 622 2717 parroco
645 2631 679 2694 in
700 2628 872 2696 Harlentin
892 2630 1097 2696 Pataviensis
1120 2629 1274 2714 diocesis,
1302 2629 1442 2696 Sebasti-

118 2756 171 2799 ano
192 2733 330 2821 Egrano
353 2733 546 2820 Zuingliano
568 2733 699 2820 publico
722 2735 756 2799 in
778 2733 926 2819 Cremes,
959 2733 1085 2800 Mathia
1112 2735 1270 2800 canonico
1294 2734 1447 2820 regulare

119 2836 255 2902 inPrno
267 2884 276 2918 ,
298 2835 464 2902 Lionardo
486 2835 622 2920 Villino,
656 2835 758 2904 Paulo
781 2835 929 2920 Schalik,
959 2835 1101 2924 Georgia
1124 2836 1267 2904 Muslero
1290 2847 1322 2904 et
1344 2836 1444 2905 Seba-

119 2941 214 3006 stiano
237 2939 423 3023 Phaonem,
447 2949 479 3006 et
499 2939 694 3006 nondimeno
716 2939 739 3004 li
761 2941 865 3007 tolera
886 2963 948 3006 con
973 2949 1056 3007 tutto
1082 2940 1142 3005 cho
1164 2941 1443 3007 manifestamento

118 3063 217 3130 vsgga
240 3043 371 3109 Vienna
392 3051 424 3109 et
445 3051 528 3109 tutto
557 3043 798 3109 1'ciroonvicino
836 3064 937 3130 paese
980 3063 1069 3108 esser
1095 3043 1243 3109 inlettato
1267 3043 1307 3109 de
1329 3041 1361 3108 la
1383 3067 1449 3110 ma·

119 3143 224 3230 lignita
250 3145 283 3210 di
305 3154 442 3212 costorc.

212 3250 377 3335 Risposta
481 3247 525 3312 Di
541 3249 646 3334 questi
661 3247 717 3313 tali
734 3271 768 3314 se
784 3245 816 3314 S.
832 3247 890 3312 Me
904 3249 934 3312 n’
950 3248 993 3314 ha
1009 3249 1195 3314 conosoiutc
1213 3248 1328 3316 alcuno
1344 3254 1446 3335 tristo,

123 3353 146 3414 si
166 3355 298 3419 trovarh
320 3350 381 3417 che
403 3350 466 3418 ella
487 3374 553 3416 non
574 3353 592 3416 ὲ
614 3351 786 3417 manchata
809 3351 842 3417 di
864 3352 955 3418 farne
977 3353 1085 3438 giusta
1108 3351 1396 3440 demonstratione3
1413 3379 1448 3421 se

122 3455 182 3520 n’e
203 3454 343 3522 tolerato
359 3452 487 3541 qualch’
503 3477 568 3521 uno
591 3453 717 3520 credasi
733 3454 792 3521 che
814 3476 913 3521 nasce
935 3433 989 3521 dil
1011 3477 1076 3521 non
1098 3475 1171 3521 esse
1193 3477 1252 3522 sua
1273 3457 1331 3521 Ma
1355 3459 1450 3524 infor-

123 3569 203 3623 mata
228 3556 282 3622 dol
302 3579 391 3623 vero.

215 3659 350 3726 Obietto
372 3681 457 3724 nono
482 3659 616 3725 decimo.
720 3659 774 3724 Ha
796 3661 988 3725 cominoiato
1011 3657 1044 3725 S.
1060 3659 1119 3725 Ma
1138 3661 1181 3726 ad
1202 3684 1280 3727 usar
1303 3662 1323 3727 l’
1340 3665 1451 3730 antho-

121 3763 175 3827 rith
196 3762 366 3850 imperiale
382 3761 601 3828 confirmando
616 3761 786 3849 privilegii,
811 3761 918 3827 dando
934 3763 1124 3828 investitura
1147 3763 1188 3830 de
1202 3767 1277 3830 stati
1300 3789 1365 3832 non
1381 3767 1449 3834 solo

122 3866 249 3934 arnolti
271 3867 410 3954 principi
433 3866 466 3931 di
489 3865 675 3950 Germania,
697 3890 751 3932 ma
774 3864 826 3931 all'
841 3865 917 3932 Ill¹¹¹⁰
932 3867 1043 3952 signer
1065 3866 1151 3932 duca
1173 3867 1207 3932 di
1228 3858 1363 3934 Mantua
1385 3880 1452 3936 eta

122 3967 141 4032 li
163 3972 286 4060 signori
308 3969 464 4053 Lachesi,
488 3993 552 4035 non
571 3970 719 4036 obstante
742 3969 802 4036 che
825 3972 873 4034 sia
895 3979 971 4036 noto
994 3969 1054 4036 che
1082 3993 1148 4036 una
1170 3971 1211 4036 de
1231 3971 1262 4038 le
1285 3974 1451 4058 potissime

123 4095 215 4141 cause
240 4073 300 4140 che
322 4095 429 4139 moses
451 4071 615 4138 (liovanni
637 4073 738 4138 XXII
763 4096 784 4138 a
805 4097 870 4139 non
896 4073 988 4139 voler
1017 4095 1172 4140 coronare
1194 4073 1364 4142 Ludovioo
1386 4076 1448 4141 Ba-

123 4199 212 4261 raro,
235 4178 271 4242 fu
292 4175 315 4242 il
338 4199 476 4264 sappere
499 4175 559 4241 ohe
582 4185 656 4242 ante
680 4176 955 4242 confirmationem
977 4176 1115 4243 havesse
1137 4187 1232 4242 usata
1254 4176 1274 4242 l’
1291 4178 1453 4244 autharith

128 4291 155 4346 et
174 4289 304 4370 potesta
325 4278 518 4367 imperiale·

217 4385 377 4470 Risposta
480 4379 512 4448 S.
535 4381 593 4446 Ma
616 4405 682 4448 non
697 4381 740 4447 ha
762 4381 841 4448 fatto
858 4404 936 4447 cosa
951 4383 1039 4447 circa
1059 4381 1080 4447 l'
1096 4405 1192 4448 usare
1216 4381 1256 4448 dc
1278 4381 1310 4448 la
1326 4388 1453 4471 potesta

125 4486 304 4575 imperiale,
327 4484 361 4549 la
375 4483 470 4572 quale
485 4509 551 4551 non
566 4487 615 4550 sia
635 4487 668 4550 in
692 4485 945 4568 consuetudine,
969 4485 1052 4552 oltra
1067 4508 1087 4550 a
1101 4485 1121 4550 l'
1137 4507 1227 4552 esser
1249 4488 1374 4554 notorio
1391 4487 1450 4554 che

125 4587 141 4651 l'
155 4590 285 4655 Abbate
307 4599 340 4655 et
360 4587 434 4654 altri
457 4588 574 4654 dottcri
598 4589 713 4656 dicono
737 4589 796 4654 che
811 4589 856 4654 tal
880 4588 1112 4655 consuetudine
1134 4591 1220 4655 tiene
1242 4599 1274 4654 et
1297 4611 1411 4655 escusa
1433 4615 1453 4654 a

124 4693 323 4776 sufficientia,
348 4699 380 4758 et
403 4703 522 4779 quanto
538 4691 590 4757 all’
607 4695 766 4779 essempio
784 4691 817 4758 di
828 4691 997 4759 Ludovico
1013 4691 1152 4776 Bavaro‚
1177 4692 1230 4757 chi
1251 4693 1328 4758 vuol
1344 4692 1451 4780 legere

123 4805 302 4862 senamente
324 4793 354 4861 le
377 4817 452 4861 cose
475 4795 515 4860 de
538 4796 613 4883 quoi
635 4798 751 4882 tempi,
782 4796 940 4860 ritrovara
962 4794 1022 4860 che
1049 4793 1080 4860 le
1103 4816 1201 4860 cause
1224 4795 1283 4861 che
1306 4817 1450 4862 moesero

123 4919 202 4988 papa
216 4897 380 4964 Giovanni
394 4897 495 4964 XXII
519 4909 632 4964 contra
652 4898 707 4982 lui,
730 4897 844 4964 furono
868 4897 949 4964 altre
970 4907 1004 4963 et
1026 4898 1056 4964 d’
1073 4897 1156 4964 altra
1170 4899 1378 4988 importantia
1393 4899 1452 4966 che

122 5023 178 5070 non
198 5005 219 5070 'e
240 5011 365 5090 questa
465 5069 470 5078 ,
