3512 5838
377 701 411 736 ne
429 685 568 751 quisquam
586 700 677 736 eorum
694 683 791 734 sinistri
807 683 908 750 aliquid
925 684 1070 750 suspicetur
1087 685 1229 748 propterea
1245 681 1316 747 quod
1338 697 1417 748 super
1437 681 1490 732 hoc
1508 680 1633 734 reforma·

377 773 455 822 tionis
474 772 560 838 eapite
579 772 714 838 cupiemus
732 770 816 822 audiri
834 775 860 820 et
878 770 948 836 qnod
966 772 993 822 in
1012 773 1134 822 eventurn
1162 784 1214 836 quo
1232 769 1308 820 nobis
1326 784 1378 820 non
1395 768 1560 836 relinquntur
1576 767 1632 820 sui·

377 857 467 910 ticieus
485 857 648 912 deliberandi
666 859 779 924 spatium
796 886 830 896 -
847 861 922 924 grato
940 858 1026 910 animo
1044 857 1187 922 accipimus
1205 853 1248 924 [=
1266 855 1301 908 ib.
1321 853 1390 924 2541.

821 1457 1118 1548 OOLXXXV.

537 1681 605 1755 Die
634 1681 716 1756 drei
745 1678 1057 1757 concitentoren
1086 1697 1133 1752 en
1161 1679 1235 1754 den
1264 1677 1415 1772 Keis0r3

714 1859 844 1924 Tricnt,
860 1861 903 1912 28
921 1857 1120 1927 September
1143 1859 1233 1914 1663.

622 2039 803 2098 comneno,
828 2038 975 2111 ceptam·
995 2039 1027 2096 irs
1049 2044 1141 2112 bryo:
1164 2041 1184 2096 ⁶
1207 2037 1327 2096 Octodur.

417 2239 698 2322 Quemadmodum
721 2239 955 2320 divinabamus,
977 2263 1064 2306 nunc
1085 2263 1121 2306 re
1142 2239 1216 2327 ipsa
1238 2239 1431 2326 experimur,
1460 2245 1566 2325 patres
1589 2239 1643 2302 ni-

312 2344 428 2409 mirum
451 2352 525 2409 ante
546 2345 672 2408 initium
703 2342 854 2410 Octobris
882 2367 979 2431 super
1006 2345 1046 2409 21
1077 2341 1237 2431 capitibus
1265 2342 1440 2406 sententias
1468 2363 1542 2406 suae
1568 2363 1645 2407 non

313 2447 468 2532 finituros,
491 2448 554 2512 imo
578 2471 656 2514 vero
679 2447 707 2513 si
729 2447 838 2535 plures
861 2471 903 2514 ex
925 2445 1015 2512 ltalis
1038 2457 1071 2513 et
1091 2443 1197 2512 Gallis
1219 2445 1379 2533 episcopis
1393 2443 1544 2511 hincnon
1565 2443 1646 2510 abi-

313 2551 444 2634 sissent,
466 2553 626 2618 reversuri
648 2561 685 2616 ut
708 2550 825 2618 dicitur
846 2550 887 2616 ad
910 2551 1050 2618 futuram
1072 2551 1258 2634 sessionem,
1282 2550 1428 2638 quamvis
1449 2573 1508 2618 nos
1522 2549 1645 2616 creda·

313 2677 386 2720 mus
407 2677 472 2720 non
494 2677 604 2721 omnes
627 2655 796 2735 redituros,
819 2657 853 2722 in
867 2653 994 2742 longius
1009 2663 1136 2742 tempus
1150 2653 1247 2722 huius
1261 2655 1308 2722 rei
1322 2662 1477 2722 tractatus
1491 2653 1646 2742 prolatus

312 2757 433 2823 fuisset
458 2767 571 2846 quarto
593 2767 668 2846 post
688 2759 744 2824 Rea
765 2758 808 2824 D.
831 2757 868 2826 0.
890 2759 1082 2846 Letharingi
1096 2757 1273 2826 discessum
1289 2757 1341 2826 die
1356 2767 1462 2826 orator
1483 2757 1571 2826 cnr*
1586 2783 1647 2826 re

314 2863 364 2948 gis
386 2862 554 2928 Ferrarius
576 2864 610 2927 in
631 2861 765 2950 publica
787 2865 1037 2950 congregatione
1060 2863 1236 2930 orationem
1257 2861 1378 2948 habuit,
1402 2885 1484 2951 quae
1505 2884 1567 2929 uon
1584 2885 1647 2929 so·

314 2962 381 3030 lum
403 2962 518 3051 legatis
541 2975 573 3032 et
593 2965 740 3053 patribus
768 2965 825 3032 sed
853 2966 949 3032 etiam
975 2966 1137 3032 nonnullis
1166 2963 1268 3033 Gallis
1298 2965 1458 3054 episcopis
1486 2988 1550 3032 non
1576 2967 1647 3034 ad-

315 3067 446 3134 modum
468 3077 561 3154 grata
583 3068 710 3135 accidit.
733 3091 809 3134 nam
830 3068 907 3136 licet
928 3069 1028 3136 multa
1058 3071 1135 3137 satis
1158 3070 1400 3137 accommodate
1421 3069 1464 3136 ad
1484 3069 1647 3138 reforma·

316 3174 435 3237 tionem
464 3173 659 3259 pertinentia
687 3172 819 3252 dixerit,
855 3174 931 3261 quia
958 3182 1065 3240 tamen
1092 3175 1175 3239 inter
1202 3172 1265 3241 alia
1295 3172 1379 3239 dixit
1405 3196 1515 3260 regem
1542 3195 1648 3240 suum

315 3275 433 3342 Chr'm
453 3276 553 3341 veluti
577 3277 718 3342 omnium
740 3275 947 3342 ecclesiarum
970 3276 1214 3343 Gallicanarum
1241 3276 1444 3343 fundatorem
1471 3286 1504 3342 et
1529 3285 1648 3364 patr-o·

313 3401 390 3444 num
413 3401 509 3467 posse
532 3377 664 3445 arbitrio
687 3401 745 3446 suo
767 3379 860 3446 bonis
884 3381 1057 3446 earundem
1086 3381 1293 3447 ecclesiarum
1314 3402 1374 3467 pro
1396 3378 1649 3446 occurrentibus

314 3483 561 3550 necessitatibus
583 3482 675 3570 regni
698 3483 783 3549 illius
805 3481 906 3551 libere
929 3507 967 3551 ae
988 3486 1075 3551 licite
1097 3487 1160 3566 uti,
1190 3483 1326 3572 ideoque
1356 3506 1390 3550 ee
1418 3492 1451 3550 et
1479 3481 1649 3570 collegam

316 3607 408 3651 suum
431 3585 630 3652 intercedere
654 3587 801 3652 omnibus
825 3587 963 3654 decretis
986 3611 1069 3677 quae
1091 3588 1145 3654 illo
1174 3589 1278 3674 capite
1307 3587 1348 3654 de
1377 3588 1558 3674 principum
1587 3611 1649 3654 se-

316 3689 472 3756 cularium
495 3689 721 3756 reformatione
744 3693 954 3776 continentur,
977 3700 1010 3758 et
1031 3691 1102 3758 aliis
1122 3692 1368 3780 quibuscunque
1385 3689 1523 3778 quaein
1544 3713 1649 3777 prae-

314 3791 472 3856 iudicium
494 3793 545 3857 sui
566 3795 652 3880 regis
675 3793 716 3858 ab
739 3792 802 3860 hoc
824 3794 960 3861 concilio
983 3804 1208 3879 statuerentur,
1238 3815 1348 3860 omnes
1375 3794 1519 3880 graviter
1540 3793 1648 3860 offen·

315 3894 403 3961 disse
425 3895 563 3962 videtur.
593 3896 680 3982 quod
709 3919 782 3962 cum
803 3897 869 3962 ΒΨ
895 3897 936 3963 D.
964 3896 1079 3985 legatis
1106 3901 1348 3985 inexpectatum
1375 3896 1554 3981 accidisset,
1585 3896 1649 3963 illa

315 3999 506 4085 praesertim
529 3999 718 4066 intercessio
742 4021 799 4066 seu
820 4003 1017 4088 protestatio,
1040 4011 1195 4089 rogarunt
1217 3999 1287 4066 illos
1309 4008 1346 4066 ut
1366 4000 1531 4088 paulisper
1553 4023 1648 4068 secc-

318 4101 431 4166 dercnt
454 4123 518 4188 quo
540 4111 648 4188 patres
671 4101 711 4168 de
733 4125 889 4190 responso
911 4103 975 4169 illis
997 4103 1104 4171 dando
1126 4105 1210 4170 inter
1231 4127 1301 4170 sese
1318 4104 1506 4170 conferrent.
1529 4103 1575 4169 illi
1593 4129 1645 4172 re

315 4204 516 4290 sponderent
538 4227 573 4270 se
595 4204 719 4272 nulllum
742 4229 933 4294 responsum
956 4217 1144 4295 expectare,
1174 4207 1230 4274 sed
1252 4207 1333 4274 haec
1355 4217 1486 4273 sanctae
1514 4207 1645 4294 synodo

316 4307 516 4373 solummodo
539 4308 721 4394 significare
755 4319 785 4373 et
813 4310 855 4375 ab
887 4310 999 4376 eadem
1032 4321 1141 4399 petere
1167 4308 1316 4376 voluisse.
1349 4313 1457 4398 itaque
1484 4309 1647 4376 hactenus

319 4409 380 4474 illis
403 4409 481 4475 nihil
502 4434 693 4499 responsum
715 4423 773 4498 est,
797 4437 902 4502 neque
925 4416 987 4503 ipsi
1010 4415 1052 4480 ad
1073 4415 1220 4502 publicas
1244 4415 1511 4502 congregationes
1524 4424 1643 4501 postea

317 4523 484 4580 venerunt.
508 4539 570 4581 non
594 4514 766 4583 defuerunt
787 4526 898 4584 tamen
921 4518 1050 4606 qnidam
1074 4541 1114 4583 ex
1138 4519 1298 4607 episcopis
1313 4518 1403 4584 Italis
1419 4518 1474 4620 qui
1496 4515 1644 4583 dicentes

317 4641 392 4682 suas
416 4623 589 4686 sententiae
614 4621 656 4687 ad
679 4632 869 4707 argumenta
897 4645 1007 4690 eornm
1028 4623 1225 4710 respondere
1248 4620 1354 4688 conati
1376 4629 1459 4704 sunt,
1482 4643 1549 4686 non
1570 4624 1642 4688 sinc

318 4721 510 4809 quibusdam
534 4725 688 4811 gravibus
710 4727 890 4791 invectivis.

416 4831 546 4902 Accidit
568 4846 736 4923 praeterea
758 4837 977 4925 superioribus
999 4837 1113 4904 diebus
1140 4847 1177 4903 ut
1198 4837 1247 4904 Ill.
1271 4859 1378 4903 comes
1407 4859 1428 4901 a
1448 4835 1545 4902 Luna
1566 4860 1639 4924 pru-

318 4947 497 5003 curatorem
521 4941 681 5026 quendam
704 4951 926 5030 exemplorum
956 4940 1168 5030 capitulorum
1195 4941 1461 5027 Hispanicorum,
1495 4943 1551 5027 qui
1573 4941 1637 5006 iam

317 5039 384 5106 fere
406 5041 566 5128 integram
588 5067 707 5111 annum
728 5045 782 5113 hic
803 5055 965 5112 manserat
996 5068 1191 5132 causamque
1220 5043 1395 5112 eorundem
1427 5043 1637 5132 capitulorum
