3460 5826
243 592 245 596 ¹
351 513 413 574 sss

348 695 642 786 praesentationem
663 692 749 758 illius
780 691 935 780 epistolae
957 691 1077 757 diutius
1100 690 1232 757 minime
1254 691 1426 776 distulisse,
1455 693 1489 756 in
1512 711 1582 780 qna
1603 687 1684 754 nihil

348 812 397 868 est
420 823 484 889 quo
506 800 570 888 ipsi
591 797 646 862 R¹¹¹¹
677 795 777 883 legati
799 796 913 861 merito
937 793 1055 860 offendi
1079 795 1227 880 debeant,
1251 797 1346 862 sicuti
1370 817 1474 884 neque
1493 794 1565 862 8²¹·
1581 795 1626 859 D.
1642 794 1682 859 N.

349 905 489 970 offensus
512 910 575 982 est,
605 899 774 989 quoniam,
808 907 904 988 prout
932 898 974 964 ad
1002 922 1061 964 noe
1090 901 1218 988 scripsit
1246 899 1447 966 consiliarius
1477 905 1568 968 etin
1592 897 1683 966 Urbe

347 1017 454 1074 orator
474 1015 583 1072 noster
604 1003 795 1090 magnificus
817 1001 921 1068 fidelis
943 1001 1036 1067 nobis
1053 1001 1188 1070 dilectus
1203 1002 1344 1090 Prosper
1359 1025 1467 1072 comes
1489 1003 1607 1087 Archi,
1626 1002 1682 1067 8²¹·

348 1113 417 1178 eius
439 1108 581 1176 studium
596 1106 677 1172 illud
692 1116 837 1173 nostrum
852 1105 1065 1191 promovendi
1085 1106 1347 1174 reformationem
1362 1129 1401 1174 oo
1418 1131 1482 1194 quo
1497 1109 1550 1173 usi
1567 1129 1682 1172 snmus

347 1213 442 1279 modo
466 1222 500 1279 et
520 1214 575 1278 via
597 1233 792 1298 magnopere
815 1209 1055 1275 commendavit
1076 1231 1115 1276 ac
1137 1220 1272 1297 paterne
1294 1211 1456 1299 probavit,
1479 1213 1558 1300 quin
1584 1213 1682 1276 etiam

347 1339 480 1404 magnas
502 1314 595 1382 nobis
618 1323 790 1402 propterea
812 1315 934 1399 gratias
957 1314 1033 1399 egit,
1056 1311 1200 1400 pollicits
1224 1315 1379 1402 seipsam
1399 1336 1528 1403 quoque
1551 1317 1679 1380 eiusce·

347 1421 435 1488 modi
449 1423 539 1508 pium
556 1418 753 1484 desiderium
768 1427 912 1482 nostrum
928 1415 1069 1504 benigne
1092 1415 1276 1482 adiuturam
1298 1427 1330 1482 et
1351 1427 1574 1505 promoturum
1599 1441 1680 1483 esee.

347 1547 446 1616 quare
469 1545 588 1610 operae
616 1523 761 1610 precium
784 1521 852 1587 fore
874 1529 1036 1614 putamus
1053 1521 1142 1608 ipsos
1166 1543 1294 1608 quoque
1316 1521 1441 1608 legatos
1463 1521 1558 1589 vobis
1582 1523 1678 1588 inter-

344 1627 471 1696 nunciis
495 1626 620 1693 dehac
643 1625 696 1690 8¹²¹
720 1625 760 1690 D.
783 1625 824 1688 N.
847 1625 969 1712 optima
989 1623 1158 1690 voluntate
1180 1627 1332 1690 certiores
1354 1625 1434 1690 fieri.

447 1731 552 1798 Vobis
575 1729 750 1796 clementer
771 1737 869 1816 atque
885 1749 1039 1816 expresse
1055 1728 1252 1815 iniungimus
1268 1739 1304 1801 ut
1318 1729 1453 1816 posthac
1467 1729 1532 1818 ipsi
1547 1751 1676 1817 quoque

346 1860 411 1902 non
430 1835 528 1901 modo
555 1832 612 1898 illa
634 1855 718 1921 quae
746 1833 780 1897 in
803 1831 871 1898 dics
900 1855 921 1896 a
942 1831 1036 1897 vobis
1058 1831 1153 1896 isthic
1178 1842 1319 1920 aguntur
1346 1842 1379 1898 et
1399 1841 1589 1917 tractantur,
1620 1831 1676 1896 scd

345 1949 377 2006 et
398 1939 462 2004 alia
484 1958 697 2026 quaecunque
719 1935 813 2001 isthic
829 1943 1001 2001 occurrunt
1028 1957 1112 2022 quae
1133 1933 1332 2001 videbuntur
1354 1957 1425 2002 esse
1447 1935 1584 2002 alicuius
1608 1958 1673 2000 mo·

320 2041 323 2050 ’
344 2043 444 2110 menti
465 2040 508 2106 ad
529 2063 588 2106 nos
610 2038 893 2125 perscribatis...

445 2144 549 2210 Vobis
576 2142 717 2230 benigne
745 2143 942 2228 iniungimus
974 2151 1011 2205 ut
1038 2142 1070 2205 in
1094 2149 1245 2206 eventum
1274 2165 1338 2230 quo
1366 2141 1463 2208 nullis
1484 2141 1591 2207 modis
1621 2151 1675 2205 aut

344 2245 522 2315 rationibus
545 2245 683 2312 obtineri
705 2246 832 2333 poterit,
857 2244 945 2333 quod
964 2246 1113 2310 tractatio
1137 2243 1323 2332 dogmatum
1345 2245 1388 2311 ad
1409 2267 1564 2333 praesens
1578 2244 1671 2334 plane

344 2359 566 2444 postponatur,
591 2350 704 2416 saltem
726 2350 760 2415 in
782 2373 821 2416 eo
838 2348 1009 2436 diligenter
1032 2347 1277 2415 elaboretis...
1301 2349 1388 2438 quod
1410 2371 1448 2416 ea
1470 2371 1556 2436 quae
1577 2373 1598 2414 a
1619 2373 1670 2436 pa-

344 2457 447 2523 trrbus
469 2455 502 2519 in
523 2455 658 2519 materie
681 2452 869 2539 dogmatum
891 2453 1103 2518 decementur
1125 2475 1165 2519 ac
1187 2461 1382 2536 statuentur,
1413 2475 1500 2518 nunc
1523 2475 1588 2519 non
1611 2475 1669 2540 pu·

344 2559 507 2627 blicentur
529 2558 587 2622 sed
610 2556 723 2622 saltem
746 2579 849 2644 usque
872 2555 914 2621 ad
935 2557 1033 2622 linem
1049 2555 1178 2622 concilii
1196 2559 1409 2642 reticeantur3
1431 2565 1500 2622 tum
1515 2557 1602 2625 euim
1615 2557 1668 2622 mi-

343 2685 422 2729 nore
443 2662 587 2751 periculo
610 2683 649 2726 ac
670 2662 792 2727 maiore
815 2683 888 2727 cum
910 2660 1016 2725 fructu
1039 2679 1078 2725 ea
1099 2659 1260 2747 publicari
1287 2683 1384 2749 posse
1407 2681 1586 2750 speramus.

953 3115 1082 3204 CCV.

593 3335 701 3412 Thus
730 3336 805 3411 und
834 3331 1071 3412 Draskovica
1097 3356 1143 3412 sn
1173 3336 1247 3412 deu
1276 3336 1429 3432 Kaisar,

751 3499 882 3563 Trient,
902 3501 939 3550 18
957 3499 1155 3567 September
1172 3501 1262 3552 1562.

633 3661 810 3718 undussa.
834 3662 980 3735 offoimu
1001 3664 1032 3720 ia
1054 3670 1144 3736 torpor
1166 3667 1208 3720 26
1228 3663 1391 3736 septenos.

442 3807 497 3872 Ex
527 3805 598 3894 [Mu.
621 3807 661 3872 V.
696 3805 740 3896 S.]
770 3807 869 3874 literis
903 3807 935 3898 [4
956 3810 1052 3875 huius
1083 3811 1202 3876 mensis
1231 3809 1326 3899 datis]
1359 3834 1425 3877 non
1454 3813 1524 3878 sine
1552 3831 1658 3898 magno

340 3921 449 3977 nostro
473 3909 584 3976 dolore
606 3909 822 3978 intelleximus
851 3913 901 3976 Mt
922 3913 962 3978 V.
986 3913 1019 3979 S.
1048 3936 1114 3980 non
1145 3923 1273 4000 gratum
1296 3915 1470 3999 accidisse,
1499 3915 1585 4003 quod
1604 3935 1656 3979 nos

340 4015 409 4080 eius
431 4013 542 4078 literas
566 4012 609 4078 ad
630 4013 702 4078 ΒΜ·
723 4015 765 4079 D.
788 4014 914 4101 legatos
938 4015 1026 4102 apud
1047 4039 1106 4082 nos
1128 4017 1313 4083 retinendas
1345 4041 1416 4084 esse
1438 4019 1654 4096 censuerimus,

340 4118 449 4207 quoad
472 4117 671 4183 commodius
696 4117 829 4205 aliquod
850 4129 977 4206 tempus
1000 4123 1109 4186 nostro
1133 4119 1252 4187 iudicio
1267 4123 1356 4187 nacti
1372 4143 1514 4188 essemus
1531 4145 1592 4211 quo
1609 4143 1655 4186 ess

339 4223 384 4287 ita
406 4219 543 4287 reddere
566 4223 736 4308 possimus,
759 4245 799 4288 ne
823 4223 903 4310 quid
924 4233 1054 4318 nostrae
1078 4245 1195 4291 causae
1213 4235 1246 4290 et
1260 4225 1370 4291 calicis
1386 4227 1533 4314 petitioni
1548 4229 1651 4292 incom-

338 4324 554 4406 modaremus,
578 4325 666 4413 quod
687 4333 724 4390 ut
745 4325 924 4392 faceremus
946 4337 1041 4392 antea
1062 4327 1130 4392 ΜΝ
1154 4328 1196 4394 V.
1219 4329 1251 4396 S.
1274 4331 1485 4396 mandaverat
1513 4331 1546 4395 in
1568 4329 1653 4395 literis

337 4431 379 4496 26
402 4429 524 4492 mensis
547 4425 626 4493 Julii
656 4427 699 4494 ad
722 4439 780 4494 nos'
811 4430 904 4514 datis,
934 4429 1109 4516 inquibus
1139 4441 1188 4496 cst
1216 4441 1253 4497 ut
1273 4435 1419 4520 inprimis
1447 4456 1580 4520 operam
1605 4433 1652 4498 ds·

339 4555 446 4598 remus
469 4540 514 4614 ut,
551 4531 703 4617 expedito
726 4531 863 4598 articulo
887 4535 1130 4614 communionis,
1158 4543 1227 4599 tum
1249 4534 1379 4601 demum
1407 4536 1524 4624 reliqui
1554 4557 1652 4624 oppor-

335 4645 413 4700 tuno
437 4635 574 4722 quisque
597 4643 741 4721 tempore
763 4659 802 4700 ac
826 4634 937 4702 ordine
960 4639 993 4701 in
1013 4635 1140 4702 concilii
1161 4661 1335 4726 progressu
1369 4639 1562 4705 discutiendi
1594 4661 1649 4703 sus·

338 4741 531 4827 ciperentur,
554 4759 595 4802 ne
619 4737 729 4803 calicis
753 4741 918 4804 concessio
941 4737 1160 4826 impediretur.
1194 4742 1336 4806 rationes
1359 4741 1476 4829 quibus
1499 4753 1567 4808 tum
1587 4742 1651 4807 moti

336 4842 465 4924 fuimus,
489 4839 682 4906 arbitramur
708 4842 773 4907 iam
800 4843 878 4907 Mt*
899 4843 940 4908 V.
964 4841 996 4908 S.
1026 4867 1068 4908 ex
1097 4843 1140 4909 D.
1162 4843 1320 4932 Pragensl
1350 4845 1559 4924 intellexisse,
1581 4865 1650 4936 quae

336 4948 429 5011 certe'
444 4946 491 5010 ita
513 4967 630 5031 graves
653 4945 747 5012 nobis
769 4948 861 5013 visae
883 4956 957 5012 sunt
978 4956 1014 5012 ut
1035 4945 1145 5014 calicis
1169 4952 1410 5016 concessionem
1432 4950 1546 5038 procul
1567 4949 1647 5014 dubio

335 5049 547 5138 impediturus
576 5048 674 5116 fuisse
709 5051 981 5128 existimaremus,
1014 5071 1111 5140 quam
1144 5054 1359 5121 coniecturam
1392 5063 1533 5120 nostram
1566 5055 1645 5120 etism
