3532 5832
691 722 830 808 XXII.

395 939 515 1015 Franz
541 961 616 1016 von
644 940 786 1016 Thurin
814 962 860 1016 en
890 942 963 1017 den
993 941 1146 1035 lleieer3

563 1093 657 1159 nom,
675 1094 965 1150 aoranuursso.

289 1275 434 1346 amam
451 1240 580 1349 &aar
593 1274 643 1332 msc
657 1275 791 1349 cauea
804 1275 839 1332 a.
855 1276 899 1346 13,·
913 1276 944 1332 a
958 1279 1235 1352 amarescat.

195 1451 396 1542 [Episcopus
411 1453 664 1542 Terracinensie]
679 1455 990 1544 interloquendum,
1015 1457 1092 1525 dum
1106 1459 1195 1527 fecte
1209 1470 1295 1527 esset
1309 1465 1431 1530 mentio

107 1555 255 1623 detortis
288 1557 345 1623 illa
366 1559 575 1625 instructione
603 1581 687 1647 quae
710 1558 751 1625 ab
774 1561 845 1648 ipso
868 1562 989 1647 petitur
1009 1584 1069 1649 per
1089 1562 1167 1628 Mer
1187 1562 1246 1649 V.,
1275 1565 1353 1630 mihi
1377 1565 1432 1632 ob·

105 1659 164 1726 tulit
185 1663 385 1749 scripturam
406 1659 490 1729 hane
514 1665 674 1750 signatam
689 1663 783 1730 litera
796 1661 844 1748 A,
868 1665 902 1729 in
913 1687 979 1754 qua
994 1668 1198 1734 continentur
1213 1670 1331 1752 omnia,
1348 1691 1432 1735 sum-

106 1766 193 1830 narie
214 1775 330 1833 tamen
352 1789 436 1854 quae
457 1790 518 1856 per
540 1767 728 1834 defimetum
750 1767 935 1856 pontificem
956 1767 1010 1834 Me
1031 1768 1071 1835 V.
1088 1769 1124 1838 O.
1141 1769 1270 1837 obiecta
1290 1771 1431 1858 fuerunt,

105 1867 304 1957 addiditque,
327 1870 409 1938 haec
430 1894 490 1959 per
512 1895 547 1938 se
569 1873 659 1938 iussu
681 1872 842 1960 pontilicis
858 1895 901 1939 ex
915 1872 1063 1940 omuibus
1086 1876 1254 1962 scripturis
1277 1886 1433 1964 excerpta

105 1972 178 2036 etin
200 1975 415 2040 summarium
436 1974 570 2043 redacte
591 1976 700 2042 husee.
724 1977 928 2042 constituisse
951 1978 1036 2042 enim
1059 1976 1126 2044 8²⁸²
1149 1976 1193 2062 S,
1216 1987 1433 2068 posteaquam

105 2079 319 2143 mntrorersie
345 2102 428 2167 quae
463 2081 547 2146 inter
567 2079 648 2145 hP‘¹¹¹
661 2079 702 2145 V.
731 2088 763 2146 et
784 2078 1053 2168 praedefunctum
1088 2081 1275 2168 pontificem
1296 2083 1433 2150 interce·

106 2178 208 2266 debat,
233 2183 385 2250 omnibus
407 2185 559 2268 innotuit,
582 2194 619 2250 ut
640 2186 783 2250 omnium
805 2181 1069 2252 caluminautium
1091 2205 1149 2252 ora
1169 2185 1434 2274 praecluduntur,

105 2287 339 2374 quamprimum
360 2287 549 2354 veredarius
571 2310 668 2377 quem
690 2286 834 2378 quotidie
857 2299 993 2376 expecto
1008 2286 1072 2355 huc
1087 2291 1227 2374 venerit,
1250 2299 1283 2357 et
1305 2292 1433 2380 cognito

103 2386 159 2452 hl²¹⁸
178 2388 220 2454 V.
246 2392 373 2468 animo,
396 2414 437 2458 ce
450 2391 578 2459 obiecta
593 2391 671 2458 mihi
681 2393 729 2459 uti
742 2391 808 2458 ΜΨ
825 2391 866 2457 V.
889 2391 997 2482 legato
1021 2393 1154 2460 demere
1176 2417 1216 2461 ac
1231 2402 1356 2462 secrete
1370 2403 1434 2461 tre·

103 2490 180 2577 dere,
202 2503 242 2560 ut
258 2493 301 2563 de
314 2494 381 2578 his,
404 2519 444 2563 ac
460 2498 487 2562 si
502 2520 545 2562 ex
558 2519 611 2562 me
632 2497 703 2584 ipso
725 2497 928 2584 proveniret,
951 2494 1029 2561 M¹⁶¹¹
1047 2496 1087 2563 V.
1111 2499 1281 2564 certiorem
1303 2498 1433 2585 faciem,

104 2595 215 2664 adhoc
230 2609 271 2664 ut
284 2599 353 2666 Ma·
367 2599 409 2666 V.
426 2599 569 2688 aliquem
584 2601 617 2666 in
631 2599 775 2667 medium
790 2600 904 2666 afferet
918 2602 1176 2686 exeusationem,
1200 2612 1233 2667 et
1254 2624 1320 2668 non
1343 2602 1432 2690 quod

105 2721 140 2763 ex
158 2699 223 2768 hoc
246 2725 420 2790 processus
443 2705 586 2770 oriantur
607 2714 640 2771 et
660 2706 808 2791 insurget
830 2702 941 2791 eliqua
969 2702 1034 2770 elia
1055 2707 1201 2793 questio,
1240 2703 1299 2770 sed
1320 2716 1357 2771 ut
1379 2729 1435 2773 ex-

105 2807 264 2872 cusatione
285 2806 373 2873 iacta
395 2805 503 2896 aliquo
525 2809 609 2873 iusto
633 2806 739 2874 colore
762 2807 869 2874 omnia
890 2805 973 2873 haec
995 2805 1117 2874 aboleri
1139 2809 1279 2894 possint3
1304 2808 1436 2896 quodsi

107 2929 181 2993 quae
209 2913 259 2976 ite
286 2921 402 2977 exacte
424 2913 574 2980 excusari
601 2935 667 2978 non
693 2919 855 2998 poterunt,
878 2910 945 2978 8⁸⁸³
967 2908 1000 2978 S.
1024 2909 1253 2977 nihilhominus
1283 2911 1435 3000 supplere

106 3011 179 3078 velle
201 3025 237 3081 et
259 3016 388 3081 omnino
410 3014 493 3082 haec
513 3014 626 3104 tollere
649 3017 862 3083 constituisse.
884 3014 967 3082 baec
988 3024 1098 3082 eutem
1120 3013 1203 3080 dixit
1224 3015 1435 3084 Terracinen-

107 3116 144 3180 sis
163 3120 338 3206 episcopus
369 3140 405 3183 se
426 3117 503 3184 mihi
524 3121 615 3206 prius
638 3119 716 3185 dere
730 3119 871 3185 voluisse
877 3169 886 3204 ,
910 3119 954 3185 ad
978 3117 1042 3185 hoc
1063 3128 1100 3186 ut
1119 3117 1247 3184 facilius
1270 3128 1302 3185 et
1323 3142 1433 3207 prom·

106 3223 183 3306 ptius
207 3222 409 3290 obiectorum
431 3225 598 3312 responsio
621 3226 809 3312 praeparari
830 3225 946 3311 possit,
970 3233 1002 3289 et
1016 3222 1099 3289 baec
1113 3221 1229 3289 eedem
1244 3245 1316 3289 esse
1340 3223 1433 3309 dixit,

109 3323 144 3389 de
171 3325 291 3414 quibua
317 3329 351 3392 in
371 3327 471 3394 literis
509 3351 590 3416 quas
610 3327 665 3394 Ml
684 3328 725 3395 V.
747 3329 936 3415 perscripsit
967 3327 1162 3393 mentionem
1184 3326 1277 3411 facit,
1301 3350 1344 3393 ex
1366 3349 1432 3416 quo

106 3430 194 3496 etiam
218 3433 367 3518 cognovi,
391 3429 530 3498 eundem
551 3433 739 3520 episcopum
761 3453 832 3498 esee
845 3431 912 3496 Ml·
925 3431 968 3498 V.
991 3429 1269 3514 studiosissimum,
1291 3427 1438 3520 haecque

108 3533 256 3601 occultari
278 3536 383 3623 cupit,
405 3558 447 3600 ue
462 3533 636 3624 aliquando
653 3535 714 3602 sibi
736 3543 928 3602 nocumento
951 3535 1024 3600 siut.
1048 3531 1227 3600 consimilia
1256 3534 1353 3601 etiem
1375 3557 1435 3622 per

107 3639 289 3726 episcopum
310 3637 509 3726 Delphinum
536 3639 613 3706 mihi
639 3639 760 3706 tradita
780 3638 909 3706 fuerunt
921 3688 930 3722 ,
965 3659 1049 3727 queo
1071 3638 1169 3705 etiam
1191 3639 1320 3725 signate
1340 3637 1435 3705 litera

108 3741 136 3803 Β
154 3743 198 3808 sd
220 3741 300 3807 MV*
320 3743 361 3810 V.
385 3745 567 3810 transmitto
583 3793 591 3809 .
608 3793 641 3809 ..

203 3861 331 3952 Cupere
360 3861 427 3930 ΒΜ
449 3863 482 3932 S.
513 3888 612 3953 quam
644 3867 784 3954 primum
812 3887 912 3932 unum
940 3887 983 3930 ex
1009 3862 1182 3951 nepotibus
1210 3863 1277 3928 erus
1305 3853 1436 3930 nomine

108 3962 251 4034 ldarcum
273 3966 314 4034 ds
335 3967 438 4056 Empe
459 3979 572 4035 nebim
594 3992 637 4036 ex
657 3969 818 4056 pontificis
840 3991 950 4034 sorore
970 3969 1099 4034 mittere
1120 3965 1164 4033 ed
1185 3966 1263 4032 MV*
1284 3965 1326 4032 V.

239 4156 342 4208 Bereite
360 4172 403 4207 am
421 4159 437 4208 2
454 4159 606 4210 November
624 4159 689 4210 lose
707 4159 803 4209 wusete
822 4156 869 4208 der
885 4157 997 4220 Kaisar,
1027 4156 1088 4208 deae
1116 4154 1160 4207 die
1183 4156 1274 4206 seinse
1291 4153 1372 4206 Struit
1388 4153 1437 4205 mit

170 4243 234 4295 dem
250 4244 440 4296 verstorbeneu
456 4245 554 4312 Papste
572 4243 752 4296 betreffenden
769 4244 882 4310 Pepiere
905 4244 933 4296 iu
956 4243 1008 4294 den
1025 4242 1140 4295 thden
1167 4241 1215 4293 dee
1231 4239 1355 4294 Bischois
1383 4255 1438 4292 ron

169 4330 315 4382 Terracina
334 4327 366 4397 (a.
384 4331 429 4382 Νι.
447 4331 497 4397 ΧΙ)
513 4347 609 4395 waren,
627 4331 680 4382 und
697 4331 864 4397 beaultragte
882 4331 973 4381 eeinen
991 4329 1088 4381 Orator
1104 4330 1131 4380 iu
1148 4329 1225 4392 Rom,
1243 4327 1332 4380 weder
1353 4325 1436 4380 utha

171 4418 243 4469 nocb
255 4418 324 4470 Geld
336 4435 370 4470 au
381 4419 505 4483 scheueu,
523 4433 567 4469 um
579 4418 636 4469 sich
648 4417 817 4469 Abschritten
836 4416 1041 4482 dieserPapiere
1053 4431 1115 4467 vom
1125 4414 1238 4467 Biscbof
1252 4430 1287 4467 su
1302 4413 1436 4465 verschat·

172 4504 226 4556 ten.
244 4505 294 4556 Am
312 4507 328 4556 9
342 4506 492 4557 December
508 4504 623 4556 meldete
635 4503 732 4556 darauf
747 4503 854 4567 Thurin,
871 4501 933 4554 dass
951 4517 979 4554 er
995 4502 1100 4553 hiermit
1117 4503 1183 4553 awei
1199 4516 1261 4554 vom
1278 4498 1391 4554 Bischoi
1398 4514 1438 4550 er·

171 4591 280 4643 haltans
297 4591 397 4644 Stdcke
415 4592 553 4643 einaende:
576 4593 661 4656 prima
676 4591 816 4642 instructio
834 4590 939 4656 signata
955 4588 1033 4640 litera
1050 4590 1073 4640 Δ
1093 4593 1133 4640 est
1150 4588 1267 4655 episcopi
1284 4585 1383 4638 Dellini
1401 4585 1437 4637 ad

176 4677 336 4730 cardinalem
355 4678 510 4741 Gentium,
536 4677 621 4728 altera
638 4693 701 4728 vero
721 4678 838 4742 episcopi
855 4676 1040 4742 Bergomenais
1058 4676 1163 4742 signate
1179 4674 1257 4725 litera
1275 4671 1300 4724 Β
1317 4672 1353 4724 ed
1369 4673 1438 4723 Pau·

179 4763 233 4814 lum
250 4763 290 4816 1v
307 4762 468 4830 pontificem.
489 4762 573 4815 Beide
591 4763 719 4831 Beilagen
736 4763 825 4814 ieblen
838 4762 919 4829 jemt3
938 4761 981 4812 die
999 4765 1068 4812 erote
1080 4761 1145 4812 eber
1161 4761 1196 4811 ist
1212 4774 1262 4810 une
1279 4773 1328 4810 sus
1346 4757 1441 4809 andrer

176 4849 270 4912 Qnelle
288 4849 407 4902 bekannt
421 4848 477 4901 und
493 4851 521 4901 iu
538 4849 675 4916 Dtlliuger
691 4848 773 4900 Beitr.
794 4851 817 4912 1,
835 4850 886 4899 228
904 4846 1111 4911 rerdffeutlieht3
1129 4847 1179 4896 wie
1196 4845 1326 4897 Reimann
1342 4843 1440 4910 ricbtig

176 4935 310 5002 bemerkt,
332 4953 394 5004 meg
411 4937 451 4988 sie
467 4937 503 4988 im
520 4936 623 4987 Januar
642 4936 708 4987 tuoe
726 4934 841 4986 vertunt
858 4934 923 4985 sein.
957 4933 1008 4984 Am
1027 4935 1059 4986 to
1077 4934 1229 4985 December
1244 4931 1351 4982 eohrieb
1371 4930 1442 4981 dann

177 5021 225 5074 der
240 5021 354 5074 Bieohoi
367 5039 422 5074 ron
433 5023 576 5074 'femina
592 5021 676 5072 eelbst
693 5037 728 5073 an
746 5019 798 5072 den
809 5018 970 5072 Kaiserund
981 5018 1132 5085 rereprech,
1149 5016 1244 5070 tebald
1256 5033 1285 5070 ar
1301 5016 1360 5070 zeit
1371 5015 1440 5070 doru
