3532 5832
955 791 1065 876 aar.
1108 769 1110 772 ’

350 1010 394 1084 ὓ.
423 1011 618 1084 Francisci
640 1010 675 1083 Ι..
704 1011 740 1083 Β.
770 1012 818 1085 de
845 1012 955 1086 Turri
985 1009 1117 1086 relatio
1146 1032 1271 1086 rerum
1301 975 1441 1085 Romae
1469 1015 1684 1108 gestarum.

847 1226 982 1281 Romana.
1037 1222 1173 1296 oripisat.

450 1407 612 1488 Quoniam
635 1429 690 1471 eos
714 1405 807 1471 dccet
828 1406 883 1491 qui
906 1403 1018 1468 alicnis
1040 1401 1213 1490 arduisque
1232 1404 1369 1488 negotiis
1383 1403 1560 1488 praepositi
1575 1401 1683 1486 lisere,

348 1511 556 1576 invictissimo
585 1513 773 1596 imperator,
807 1533 873 1574 non
906 1508 1009 1574 solum
1043 1507 1228 1592 diligentem
1257 1505 1448 1592 prudentem
1476 1529 1515 1570 ac
1547 1505 1683 1570 fidelem

349 1636 480 1700 operam
504 1616 569 1680 suis
590 1637 711 1680 navare
726 1614 936 1701 principibus,
959 1611 1018 1677 sed
1040 1620 1072 1676 et
1091 1619 1256 1696 gestorum
1279 1610 1420 1674 omnium
1443 1631 1575 1674 suorum
1600 1613 1683 1697 opti-

347 1739 435 1782 mam
457 1717 519 1782 illis
541 1719 677 1784 reddere
699 1721 870 1801 rationem,
901 1716 987 1805 quod
1016 1737 1076 1800 ego
1105 1737 1164 1801 pro
1193 1737 1265 1778 mea
1287 1715 1320 1776 in
1341 1713 1419 1777 Μιοιιι
1440 1712 1480 1777 V.
1504 1712 1540 1779 O.
1565 1713 1683 1780 obser·

348 1823 458 1886 vantia
486 1845 525 1888 ac
554 1822 618 1888 fide
649 1823 810 1906 facturus,
844 1845 927 1908 quae
956 1823 988 1884 in
1016 1819 1176 1905 legatione
1204 1816 1283 1881 mihi
1304 1816 1450 1882 Romana
1481 1818 1683 1885 demandata

347 1923 446 2010 fuere,
476 1949 515 1991 aa
537 1929 721 1992 summatim
742 1927 947 2014 breviterque
969 1933 1093 1990 tantum
1117 1920 1299 1986 describere
1322 1921 1429 2000 statui,
1458 1945 1542 2008 quae
1565 1933 1683 1989 notatu

251 2081 254 2086 .
349 2030 499 2118 scituque
528 2029 627 2116 digna
659 2028 736 2095 mihi
759 2029 910 2096 videntur
936 2039 971 2094 ut
999 2052 1037 2094 ea
1064 2027 1117 2092 Mtl
1142 2026 1182 2092 V.
1216 2025 1351 2092 visenda
1381 2025 1682 2114 perpendendaque

348 2131 583 2200 auderem...
631 2131 724 2220 [folgt
745 2133 933 2216 Erzttblung
969 2131 1027 2198 der
1047 2131 1223 2217 Vorgange
1258 2132 1302 2196 im
1325 2129 1487 2196 Conclave
1517 2129 1589 2196 und
1625 2129 1683 2195 der

349 2247 455 2302 ersten
471 2235 663 2304 Audienzen
684 2239 736 2305 bei
760 2239 833 2304 dem
855 2236 1101 2323 neugewttblten
1113 2235 1232 2322 Papste
1246 2235 1297 2302 bis
1319 2257 1361 2300 zu
1377 2234 1435 2300 der
1448 2233 1683 2319 Unterrednng

349 2361 401 2408 am
423 2341 463 2408 27
489 2341 692 2432 Decemberl.
1545 2329 1549 2336 ¹

454 2445 528 2512 Hoc
550 2447 641 2513 finito
665 2447 811 2534 quaesivi
834 2469 928 2511 esua
942 2445 998 2511 Β110
1007 2495 1015 2528 ,
1039 2468 1080 2509 an
1097 2443 1137 2510 de
1154 2455 1280 2511 caetero
1296 2447 1358 2512 mci
1373 2447 1530 2512 rationem
1544 2443 1683 2511 baberet

348 2573 409 2635 pro
433 2573 583 2616 caesareo
608 2561 734 2617 oratore
758 2573 796 2617 ac
819 2553 852 2616 in
875 2574 913 2616 eo
936 2560 1022 2614 statu
1044 2549 1077 2613 in
1100 2571 1164 2636 quo
1188 2559 1261 2614 ante
1278 2550 1346 2614 eius
1362 2549 1550 2616 electionem
1567 2573 1588 2615 a
1609 2573 1682 2615 con·

351 2654 479 2719 sistorio
503 2653 717 2719 cardinalium
728 2664 836 2720 tentus
850 2655 911 2719 fui:
934 2655 1004 2738 ipse
1019 2675 1096 2716 vero
1112 2651 1278 2738 respondit
1293 2652 1380 2739 quod
1396 2653 1499 2718 ardua
1513 2654 1683 2740 petieram,

351 2757 427 2843 quia
448 2755 568 2822 multae
591 2758 818 2823 instructiones
841 2781 880 2822 ac
896 2759 1074 2842 scripturae
1090 2753 1220 2818 stabant
1235 2765 1348 2820 contra
1362 2756 1402 2821 V.
1418 2755 1496 2821 Man
1517 2778 1600 2844 quas
1616 2755 1682 2822 lon-

352 2881 429 2946 gum
453 2870 538 2926 esset
558 2861 718 2947 inspicere
741 2871 773 2927 et
796 2885 879 2949 quae
908 2881 1061 2946 magnam
1096 2857 1385 2925 considerationem
1407 2861 1618 2947 requirerent,
1653 2867 1684 2924 et

352 2963 440 3050 quod
462 2987 525 3028 non
549 2973 677 3050 poterat
698 2987 767 3030 rem
789 2965 877 3029 illam
901 2965 969 3028 sine
991 2963 1125 3027 fratrum
1149 2985 1278 3028 suorum
1302 2963 1435 3029 consilio
1459 2961 1683 3028 determinare.

351 3076 384 3132 at
406 3089 466 3152 ego
491 3068 520 3131 ei
542 3067 704 3153 respondi,
740 3067 828 3156 quod
850 3070 877 3132 si
899 3091 951 3134 me
973 3075 1127 3156 tanquam
1150 3091 1262 3134 verum
1285 3068 1426 3134 caesaris
1442 3075 1606 3132 oratorem
1620 3087 1683 3130 non

350 3168 543 3253 admitteret,
567 3169 716 3236 volebam
740 3173 847 3236 statim
869 3195 928 3258 per
949 3182 1059 3258 postas
1082 3172 1244 3254 recedere,
1268 3180 1300 3237 et
1323 3168 1410 3258 quod
1433 3171 1501 3256 ipse
1524 3170 1682 3255 cogitaret

351 3295 448 3359 quam
471 3275 580 3359 gravis
603 3297 642 3340 ae
664 3273 800 3339 molesta
824 3297 862 3340 ea
884 3297 936 3339 res
964 3275 1072 3340 futura
1106 3284 1191 3340 esset
1213 3275 1252 3338 V.
1283 3274 1362 3356 Ml,
1399 3281 1431 3338 ct
1463 3270 1551 3359 quod
1586 3292 1681 3357 super

350 3374 412 3441 boc
434 3387 573 3442 mentem
595 3376 672 3441 mibi
696 3399 787 3442 suam
810 3378 998 3464 explicaret,
1021 3385 1057 3442 ut
1071 3401 1201 3464 possem
1217 3399 1295 3442 suae
1310 3377 1464 3440 interesse
1481 3375 1679 3440 coronationi

350 3477 403 3543 vel
426 3471 598 3545 decernere
623 3479 701 3566 quid
722 3479 799 3544 mihi
822 3479 960 3565 amplius
983 3480 1146 3566 agendum
1169 3491 1267 3564 esset3
1297 3477 1383 3566 quod
1406 3500 1484 3543 vero
1515 3477 1559 3544 ad
1583 3479 1678 3563 scrip·

350 3588 494 3646 turarum
516 3581 751 3647 multitudinem
767 3605 864 3669 quarn
881 3581 913 3647 S.
936 3581 992 3648 ΒΝ
1016 3582 1189 3664 asserebat,
1207 3582 1274 3646 dixi
1290 3605 1341 3646 me
1356 3580 1435 3646 nihil
1450 3581 1534 3646 velle
1550 3603 1678 3668 respon·

351 3683 437 3768 dere,
462 3683 723 3772 quandoquidem
744 3685 821 3749 mibi
838 3687 1042 3752 commissum
1058 3687 1163 3752 fuerat
1177 3695 1213 3750 ut
1233 3685 1277 3750 nil
1294 3683 1443 3750 dicerem.
1466 3707 1579 3750 verum
1595 3681 1678 3771 quod

351 3809 411 3872 ego
438 3798 594 3873 tanquam
616 3787 810 3853 Franciscus
834 3787 874 3854 dc
896 3789 991 3854 Turri
1015 3790 1174 3854 affimuare
1197 3799 1357 3876 poteram,
1388 3787 1474 3874 quod
1504 3789 1679 3874 scripturae

351 3889 425 3955 illae
449 3900 540 3955 erant
561 3892 702 3957 incertae
726 3915 765 3957 ac
786 3892 905 3957 nullius
927 3890 1056 3970 valoris,
1080 3901 1111 3957 et
1133 3891 1286 3978 quadres
1309 3892 1381 3976 ipsa
1403 3890 1507 3955 solum
1529 3892 1678 3956 consiste·

351 3992 408 4057 bat
429 3995 462 4056 in
483 4015 614 4058 recessu
635 3993 800 4078 Pataviae,
828 3993 980 4084 quodque
1010 3997 1077 4060 eius
1106 3995 1272 4060 beatutido
1296 3993 1420 4061 sciebat
1441 3995 1474 4058 in
1503 4017 1567 4082 quo
1596 4001 1677 4058 statu

351 4095 593 4182 reperiebantur
626 4120 678 4162 res
702 4097 792 4162 ducis
815 4097 973 4181 Mauritii,
1005 4097 1156 4184 quodque
1177 4097 1218 4164 V.
1242 4097 1309 4162 ΜΨ
1334 4098 1441 4162 omnia
1469 4098 1591 4164 fecerat
1611 4105 1675 4160 tan-

352 4220 449 4284 quam
483 4198 641 4265 mediator
661 4199 786 4264 faelicis
809 4203 981 4266 memoriae
1004 4199 1111 4266 Caroli
1132 4201 1163 4266 V
1185 4203 1268 4266 inter
1294 4224 1365 4266 eam
1392 4201 1470 4266 ΜιοΙΙΒ
1499 4211 1531 4266 et
1560 4201 1676 4264 dictum

352 4301 548 4383 Mauritium,
573 4313 604 4367 et
625 4313 661 4365 ut
683 4305 910 4388 comprimeret
932 4303 1016 4366 illius
1039 4304 1178 4368 furorem
1201 4305 1257 4390 qui
1279 4315 1356 4368 tunc
1371 4305 1524 4389 temporis
1539 4309 1675 4368 armatus

350 4403 384 4467 in
406 4407 498 4469 terris
521 4406 561 4471 V.
577 4405 641 4469 M¹¹⁸
661 4405 891 4492 reperiebatur,
916 4416 947 4471 et
963 4405 1050 4492 quod
1066 4429 1124 4471 sua
1139 4405 1305 4472 beatitudo
1327 4405 1411 4471 bene
1426 4413 1562 4470 noverat
1575 4423 1675 4468 mores

353 4505 601 4591 Germanorum,
613 4518 786 4595 propterea
799 4505 831 4572 S.
849 4507 906 4572 8¹⁸⁸
922 4507 1044 4596 absque
1060 4510 1259 4596 inspectione
1274 4517 1436 4573 tantarum
1452 4509 1675 4595 scripturarum

352 4619 480 4697 poterat
501 4609 590 4675 illum
614 4611 784 4676 articulum
800 4611 970 4694 resolvere,
990 4612 1149 4698 siquidem
1165 4613 1311 4678 obiectae
1328 4611 1532 4677 difficultates
1547 4607 1674 4676 frivolae

353 4736 392 4778 ac
414 4715 526 4778 inanes
549 4724 649 4779 erant.
673 4722 707 4778 at
729 4737 788 4778 sua
799 4713 965 4780 beatitudo
989 4714 1105 4779 obtulit
1127 4739 1194 4780 rem
1217 4716 1303 4780 illam
1326 4737 1361 4780 se
1384 4716 1470 4780 omni
1486 4723 1602 4780 conatu
1623 4733 1672 4776 ex·

354 4816 474 4902 pedire,
499 4826 531 4880 et
553 4817 660 4881 statim
683 4818 715 4880 in
728 4839 801 4883 mea
814 4819 999 4903 praesentia
1014 4819 1165 4882 accersiri
1181 4817 1256 4882 fecit
1272 4819 1460 4905 episcopum
1475 4816 1670 4892 Terracinae,

352 4921 404 4983 cui
428 4920 585 4984 commisit
613 4929 648 4984 ut
669 4921 842 5006 inspiceret
865 4922 1040 5006 scripturas
1062 4923 1226 5007 negotium
1247 4921 1288 4986 V.
1311 4921 1376 4985 Ml·
1402 4929 1570 5006 tangentes
1592 4929 1623 4986 ct
1646 4915 1671 4980 ei

350 5022 485 5088 referret
507 5021 548 5087 de
571 5031 656 5087 statu
678 5025 734 5087 rei.
758 5045 798 5088 ea
819 5047 871 5088 res
894 5046 946 5088 me
967 5046 1086 5110 magno
1110 5025 1216 5090 affecit
1238 5023 1375 5111 gaudio,
1402 5045 1478 5088 nam
1493 5026 1669 5111 episcopum
