3450 5818
616 771 827 860 OLXVIl.

311 974 390 1049 Der
417 974 550 1049 Kaisar
574 995 621 1050 an
651 976 723 1051 den
753 978 870 1078 libnip
898 977 1138 1066 Maximillam

555 1131 651 1200 prag,
669 1131 685 1184 o
703 1132 769 1184 nas
789 1134 882 1186 mor.

576 1311 711 1369 Romano.
736 1311 873 1386 Oricinol.

159 1489 381 1556 Recordemur
407 1489 509 1555 Dilm
530 1491 572 1556 V.
600 1494 633 1557 in
667 1491 765 1557 literis
799 1513 881 1578 quas
914 1491 966 1554 die
993 1492 1035 1555 28
1067 1491 1239 1578 superioris
1267 1491 1385 1555 mensis

71 1591 167 1656 llartii
189 1592 231 1658 ad
253 1616 312 1659 nos
335 1593 425 1659 dedit
445 1597 478 1658 in
500 1595 637 1681 negocio
660 1595 787 1660 futurae
803 1592 968 1660 electionis
983 1595 1092 1680 regiae
1107 1594 1280 1675 Romanae,
1303 1595 1387 1658 inter

71 1693 123 1759 alia
149 1695 350 1762 consuluisse
380 1705 431 1780 ut,
461 1697 590 1785 quondo
620 1699 784 1786 accepturi
813 1719 956 1762 essemus
985 1705 1107 1762 certum
1128 1717 1319 1783 responsum
1343 1695 1384 1760 ab

72 1798 208 1867 omnibus
231 1799 433 1884 electoribus,
456 1823 524 1867 rem
547 1825 620 1867 cum
637 1823 760 1866 summo
775 1801 927 1888 pontifice
943 1799 1141 1865 familiariter
1156 1799 1383 1866 conferremus.

73 1903 170 1990 iuque
191 1907 318 1970 tametsi
340 1903 483 1970 nondum
505 1925 544 1970 eo
567 1927 619 1970 res
642 1904 782 1972 deducta
812 1913 861 1969 est
889 1902 977 1992 quod
998 1903 1216 1969 necessarium
1239 1901 1389 1968 videatur

8 2025 9 2040 ¹
73 2028 134 2070 cum
156 2003 201 2070 8¹·
225 2008 293 2072 eius
314 2015 485 2073 tractatum
509 2006 651 2095 aliquem
673 2008 812 2090 institui,
844 2007 1065 2073 existimamus
1089 2017 1197 2071 tamen
1220 2005 1388 2072 commode

73 2108 131 2174 fieri
150 2131 216 2174 uon
238 2131 332 2196 posse
355 2112 434 2197 quin
456 2109 569 2177 saltem
590 2134 650 2199 per
680 2121 839 2177 oratorem
866 2119 1010 2176 nostrum
1033 2109 1072 2175 S“
1099 2109 1168 2175 eius
1198 2129 1289 2195 spem
1310 2109 1388 2174 faci·

8 2239 9 2254 .
73 2235 163 2294 emus,
187 2213 275 2300 quod
295 2212 440 2280 breviter
460 2216 490 2279 ei
509 2217 611 2282 ¹totius
633 2215 761 2302 negocii
784 2223 901 2279 statum
925 2211 1102 2299 exposituri
1118 2214 1226 2294 simus,
1249 2235 1290 2277 ne
1305 2212 1388 2277 forte

73 2313 118 2379 δ”·
134 2317 204 2382 eius
227 2318 408 2404 suspicetur
430 2317 518 2404 quod
539 2321 643 2406 ipsam
667 2319 729 2384 hec
750 2341 786 2382 re
809 2316 914 2382 celare
936 2315 1081 2381 velimus.
1103 2317 1212 2402 itaque
1234 2316 1386 2379 iussimus

73 2417 133 2482 lieri
164 2439 324 2484 annexam
355 2420 525 2486 formulam
554 2421 718 2487 literarum
750 2421 793 2485 ed
821 2429 979 2485 oratorem
1008 2427 1151 2484 nostrum
1181 2417 1389 2504 magnificum

73 2521 190 2588 fidelem
213 2523 306 2589 uobis
329 2522 480 2590 dilectum
504 2523 699 2612 Prosperum
722 2526 870 2590 comitem
892 2521 992 2588 Archi
1016 2520 1268 2604 scribendarum,
1292 2545 1390 2608 quam

74 2625 230 2691 lormnlam
254 2625 338 2692 Dil¹¹⁰
358 2627 399 2692 V.
430 2628 631 2694 examinabit
659 2638 691 2694 et
717 2627 796 2717 quid
822 2629 855 2691 in
885 2647 924 2692 ea
953 2623 1028 2690 addi
1057 2626 1157 2690 minui
1186 2647 1244 2691 seu
1272 2626 1389 2690 mutari

75 2732 181 2818 cupiet,
204 2731 307 2818 primo
331 2754 461 2820 quoque
483 2741 628 2820 tempore
650 2733 743 2799 nobis
767 2728 971 2818 significabit.

164 2833 335 2900 Praeterea
357 2834 501 2908 redditae
523 2835 617 2902 nobis
638 2836 767 2902 bierunt
788 2835 900 2902 literae
923 2833 1010 2900 Dil¹¹¹'
1032 2834 1072 2899 V.
1101 2831 1212 2898 ultim
1242 2831 1388 2919 proxime

75 2934 165 3024 elapsi
185 2939 306 3003 mensis
327 2937 450 3025 Aprilis
474 2937 576 3022 datae,
601 2938 719 3024 quibua
740 2937 826 3002 Dil⁶⁰
838 2939 877 3002 V.
894 2945 988 3024 rogat
1001 2946 1037 3001 ut
1051 2937 1231 3001 institutum
1245 2943 1390 3000 nostrum

76 3039 258 3106 obtinendae
280 3062 301 3105 a
322 3041 473 3128 pontifice
497 3041 745 3129 dispensationis
776 3063 835 3129 pro
857 3041 920 3106 illis
943 3041 1053 3128 quiin
1075 3039 1136 3104 boc
1159 3045 1267 3103 nostro
1291 3059 1391 3124 regno

76 3140 238 3210 Bohemiae
264 3142 352 3210 bona
379 3143 596 3210 ecclesiastica
624 3153 748 3220 tenent,
784 3144 887 3211 donec
915 3142 999 3210 Dii*o
1029 3141 1068 3207 V.
1100 3141 1164 3206 huc
1197 3140 1257 3206 deo
1293 3140 1390 3206 dante

76 3249 188 3312 venerit
209 3257 242 3314 et
262 3247 432 3314 nobiscum
454 3270 564 3314 coram
587 3271 626 3314 ca
648 3249 689 3315 de
710 3273 746 3314 re
768 3247 954 3336 colloquuta
972 3247 1076 3328 firerit,
1100 3243 1227 3310 differre
1242 3243 1389 3309 velimus.

76 3348 215 3416 nolumus
236 3361 344 3417 autem
366 3350 468 3415 Dilnm
490 3352 531 3417 V.
555 3351 653 3418 latere
675 3351 848 3439 quodiam
870 3350 994 3438 pridem
1026 3347 1066 3412 de
1093 3347 1156 3412 hoc
1183 3347 1319 3432 negocio
1346 3347 1390 3412 ad

76 3453 286 3540 supradictum
309 3465 467 3521 oratorem
489 3467 634 3522 nostrum
657 3457 879 3542 scripserimus
902 3455 941 3518 iis
963 3451 1072 3517 verbis
1088 3472 1171 3539 quae
1187 3450 1389 3515 continentur

77 3553 106 3618 in
124 3555 271 3623 adiuncto
295 3556 454 3645 exemplo,
478 3561 534 3647 qui
556 3560 653 3626 etiam
676 3581 744 3626 rem
766 3559 910 3646 pontifici
931 3555 1108 3644 proposuit,
1133 3551 1189 3620 S²⁸⁸
1220 3575 1298 3618 vero
1320 3553 1388 3618 eius

78 3679 138 3723 eam
159 3682 231 3726 cum
253 3657 368 3748 legatis
391 3662 423 3726 in
442 3661 575 3728 consilio
592 3662 850 3746 communicavit,
874 3661 920 3725 ita
935 3658 1023 3748 quod
1037 3681 1124 3724 nunc
1138 3655 1227 3722 aliud
1241 3657 1311 3723 fieri
1325 3681 1390 3724 non

79 3765 166 3846 possit
180 3787 279 3852 qnam
293 3773 329 3830 ut
343 3763 392 3830 8²¹¹
409 3764 444 3832 S.
464 3765 690 3835 resolutionem
707 3773 924 3852 expectemus.
946 3761 1041 3830 nobis
1057 3771 1153 3844 certe,
1178 3782 1250 3824 oum
1273 3762 1306 3825 in
1327 3759 1391 3825 bac

79 3862 296 3934 deliberatione
317 3891 527 3954 versaremur,
551 3891 615 3934 non
638 3870 670 3934 in
687 3877 827 3934 mentem
842 3868 931 3934 venit
953 3888 1027 3930 cum
1041 3864 1123 3929 Dil¹¹⁶
1135 3862 1175 3927 V.
1192 3863 1389 3928 eiuscemodi

80 3979 211 4036 noenum
239 3973 419 4038 institutum
447 3975 699 4052 communicare,
729 3971 868 4059 alioquin
898 3969 932 4034 id
958 3991 1022 4035 non
1054 3967 1388 4055 praetermisissemus,

79 4081 163 4162 atque
186 4075 377 4142 confidimus
399 4075 479 4142 nihil
500 4075 607 4142 adhuc
629 4074 660 4140 in
684 4074 744 4140 hac
766 4085 857 4162 parte
878 4073 998 4139 factum
1022 4070 1110 4158 quod
1131 4068 1224 4133 nobis
1245 4078 1300 4132 aut
1315 4066 1391 4132 Dil¹¹

80 4173 110 4240 V.
131 4187 186 4244 aut
206 4179 324 4244 nostris
348 4179 587 4246 successoribus
610 4177 832 4266 praeiudicare
854 4176 971 4264 possit,
1000 4174 1076 4262 quia
1098 4172 1222 4238 etiamsi
1245 4171 1300 4235 8²⁸·
1322 4171 1391 4236 eius

79 4283 263 4348 concesserit
284 4282 416 4368 petitam
445 4282 732 4369 dispensationem,
759 4278 895 4345 liberum
917 4279 979 4343 erit
998 4275 1131 4342 arbitrio
1153 4283 1261 4340 nostro
1285 4297 1324 4339 ee
1345 4273 1393 4338 uti

78 4382 122 4448 vel
142 4409 207 4452 nou
228 4386 284 4467 uti,
308 4395 341 4450 et
360 4387 537 4473 poterimus
559 4395 626 4450 tum
648 4384 772 4472 absque
794 4380 996 4448 incommodo
1018 4387 1073 4444 ant
1088 4377 1280 4444 detrimento
1294 4377 1392 4441 insor-

78 4489 242 4556 mationem
265 4511 361 4575 quem
382 4487 468 4554 Dil¹⁰
490 4489 530 4556 V.
553 4487 647 4554 nobis
670 4509 705 4552 se
728 4486 875 4552 daturam
906 4481 1048 4550 ostendit
1074 4483 1163 4569 prius
1186 4499 1392 4567 cognoscere.

171 4591 343 4658 Caeterum
366 4589 589 4656 huiuscemodi
612 4590 737 4656 consilii
760 4598 793 4654 et
813 4589 949 4654 instituti
975 4587 1076 4651 nostri
1106 4583 1190 4649 ultro
1217 4605 1256 4648 ac
1279 4591 1394 4667 sponte

80 4696 211 4782 suscepti
232 4715 298 4764 uon
319 4691 409 4760 leves
432 4717 548 4761 causae
569 4693 663 4760 nobie
685 4693 832 4776 fuerunt,
859 4689 983 4758 sufficet
1004 4697 1041 4754 ut
1060 4688 1123 4754 hac
1144 4689 1199 4752 via
1220 4685 1393 4752 communi-

81 4805 179 4862 cantes
201 4797 262 4864 sub
283 4805 418 4885 utraque
440 4799 549 4885 specie
571 4798 605 4864 in
626 4797 689 4862 hoc
710 4818 811 4884 regno
833 4805 943 4861 nostro
967 4793 1009 4858 ad
1026 4791 1244 4858 obedientiam
1259 4787 1292 4854 S.
1308 4786 1394 4852 sedis

83 4899 267 4984 apostolicae
288 4900 524 4984 reduceremus,
547 4901 665 4966 deinde
688 4921 753 4987 quo
773 4900 948 4965 firmiorem
970 4897 1055 4961 inter
1067 4895 1127 4960 bos
1142 4901 1269 4959 nostros
1283 4888 1396 4956 fideles

83 5001 250 5087 regnicolas
272 5004 477 5070 concordiam
499 5027 539 5070 ac
560 5005 738 5070 animorum
762 5003 1020 5068 coniunctionem
1044 4998 1311 5064 constitueremus
1332 5000 1396 5057 sta·

127 5107 222 5158 Siclsl,
236 5121 256 5152 a.
269 5107 295 5149 G.
309 5105 331 5148 d.
346 5105 437 5148 &nullu
1191 5117 1225 5170 2⁰
