3532 5832
333 708 498 788 praestare
521 697 646 786 possint
667 709 807 786 actuque
828 705 993 784 praestent
1015 691 1219 780 caelibatum,
1242 715 1338 762 nemo
1361 719 1427 763 non
1449 693 1539 764 videt
1561 709 1595 765 et
1612 695 1675 765 de-

334 803 448 890 plorat.
481 804 601 867 frustra
621 825 751 888 nanque
774 812 823 868 est
838 823 975 889 sperare
998 800 1085 888 quod
1114 800 1300 866 huiusmodi
1327 803 1461 868 iuvenes
1489 813 1522 867 et
1548 802 1677 870 lubrici

334 908 518 972 sacerdotes
541 919 616 994 post
637 913 824 994 susceptum
846 905 1064 972 sacerdotium
1087 907 1257 972 castiorem
1281 917 1313 970 et
1334 904 1549 972 honestiorem
1563 907 1675 972 vitam

334 1024 366 1077 ct
386 1033 452 1076 non
473 1012 579 1096 potius
603 1011 839 1076 dissolutiorem
862 1012 925 1076 sint
946 1009 1096 1092 habituri,
1118 1019 1290 1096 postquam
1319 1012 1382 1074 iarn
1406 1009 1527 1076 habent
1547 1009 1633 1075 illud
1651 1033 1677 1076 a

334 1139 397 1202 quo
419 1116 508 1200 prius
531 1138 573 1179 ex
594 1114 680 1180 mala
701 1117 788 1179 vitae
809 1115 897 1179 fama
918 1112 1093 1178 formidare
1115 1122 1265 1199 poterant
1286 1114 1409 1200 repelli.

434 1218 573 1282 Proinde
595 1227 706 1282 vetant
721 1241 861 1284 canones
877 1217 1010 1282 clericos
1032 1217 1067 1280 in
1089 1218 1189 1281 sacris
1212 1215 1380 1282 ordinibus
1396 1219 1585 1282 constitutos
1608 1219 1675 1304 qui

332 1321 460 1408 publice
484 1320 680 1386 concubinas
702 1330 821 1402 tenent,
846 1319 964 1384 adeas
987 1319 1186 1385 abiurandas
1210 1320 1374 1406 compelli,
1405 1343 1446 1386 ne
1468 1323 1502 1385 in
1524 1319 1672 1386 eandem

332 1425 580 1491 fornicationem
601 1425 755 1488 instinctu
778 1422 958 1488 diabolicae
979 1422 1103 1486 fraudis
1124 1421 1298 1488 redeuntes
1320 1425 1454 1510 periurii
1475 1434 1603 1488 reatum
1618 1425 1673 1487 in·

333 1537 473 1594 currant.
497 1528 738 1612 quantominus
760 1549 838 1611 ergo
861 1523 1047 1591 sacerdotes
1068 1524 1122 1590 vel
1144 1545 1188 1590 ex
1209 1535 1285 1590 voto
1308 1525 1361 1591 vel
1377 1550 1420 1594 ex
1435 1527 1672 1592 constitutione

332 1631 375 1694 ad
396 1639 587 1716 perpetuam
610 1631 837 1694 continentiam
862 1629 1075 1716 compellendi
1106 1629 1273 1712 videntur,
1304 1653 1386 1717 qnos
1420 1639 1508 1696 certo
1542 1631 1670 1694 scimus

332 1745 364 1800 et
379 1733 511 1821 periurii
527 1743 559 1798 et
570 1734 637 1798 voti
653 1731 748 1796 simul
763 1740 861 1819 atque
876 1733 1016 1800 violatae
1032 1735 1267 1800 constitutionis
1283 1734 1523 1800 ecclesiasticae
1534 1743 1669 1799 reatum

321 1857 528 1902 'mcursuroa

433 1939 477 2003 Et
499 1961 572 2002 oum
595 1938 810 2002 continentiae
832 1936 887 2003 lex
909 1962 975 2006 non
1002 1943 1044 2006 sit
1070 1943 1148 2004 iuris
1177 1941 1278 2005 divini
1309 1963 1370 2006 nec
1399 1941 1440 2005 de
1467 1940 1668 2006 necessitate

332 2041 443 2106 salutis
465 2065 526 2106 nec
548 2043 645 2106 etiam
666 2043 700 2104 in
723 2040 847 2106 clericis
870 2043 1070 2109 secularibus
1094 2042 1134 2108 de
1158 2043 1340 2110 substantia
1358 2043 1488 2126 ordinis,
1512 2044 1667 2108 nimirum

331 2147 357 2210 si
381 2169 438 2232 pro
460 2145 547 2210 bono
571 2155 603 2210 et
625 2143 728 2208 salute
751 2146 933 2209 animarum
956 2145 1084 2211 salubre
1108 2154 1263 2210 statutum
1278 2155 1372 2226 esset,
1396 2151 1432 2209 ut
1446 2144 1555 2210 clerici
1570 2143 1667 2210 latini

331 2271 390 2313 seu
413 2246 622 2314 occidentalis
644 2245 802 2312 ccclesiae
824 2246 970 2314 volentes
993 2250 1156 2314 continere
1185 2257 1217 2313 et
1239 2248 1342 2334 magis
1364 2249 1479 2314 mereri
1501 2247 1666 2334 relinque-

330 2361 441 2416 rentur
462 2351 621 2416 voluntati
644 2372 775 2433 eorum,
797 2373 862 2416 non
883 2351 1029 2417 volentes
1053 2363 1160 2418 autem
1187 2353 1350 2418 continere
1379 2353 1505 2438 possint
1534 2361 1662 2416 contra-

333 2452 420 2538 here,
444 2456 521 2542 quia
543 2455 743 2540 experientia
766 2453 902 2520 docente
926 2458 1106 2521 contrarius
1128 2477 1260 2542 prorsus
1284 2454 1416 2520 effectus
1441 2463 1597 2542 sequatur
1619 2477 1666 2518 ex

330 2557 385 2622 illa
406 2557 479 2643 lege
503 2559 728 2640 continentiae,
753 2579 827 2622 cum
841 2557 937 2623 hodie
953 2581 1018 2624 non
1033 2559 1145 2622 vivant
1161 2555 1369 2644 spiritualiter
1383 2579 1445 2622 nec
1460 2559 1524 2620 sint
1538 2557 1664 2638 mundi,

330 2661 389 2726 sed
410 2661 612 2726 maculentur
633 2659 744 2726 illicito
768 2663 854 2727 coitu
877 2684 1084 2727 cum-eorum
1107 2663 1299 2748 gravissimo
1329 2669 1479 2746 peccato,
1508 2659 1564 2724 ubi
1586 2681 1664 2724 cunr

328 2766 460 2851 propria
483 2786 584 2830 uxore
607 2774 693 2829 esset
715 2767 856 2849 castitas,
880 2765 967 2830 unde
990 2764 1128 2830 ecclesia
1154 2774 1267 2851 posset
1286 2748 1406 2828 ¹facere
1440 2765 1523 2828 sicut
1555 2761 1663 2827 bonus

329 2868 484 2950 medicus,
507 2878 542 2931 ut
565 2869 592 2931 si
613 2866 776 2932 medicina
800 2867 936 2933 docente
959 2869 1160 2954 experientia
1181 2869 1290 2954 potius
1314 2867 1414 2933 officit
1435 2887 1533 2953 quam
1548 2867 1661 2952 prosit,

330 2993 403 3036 eam
424 2970 524 3036 tollat.
1505 3027 1508 3036 .

432 3074 529 3155 Quod
560 3083 668 3139 autem
697 3073 863 3163 plaerique
896 3085 1029 3163 propter
1062 3073 1286 3142 conservanda
1317 3073 1405 3140 bona
1439 3071 1663 3139 ecclesiastica

329 3175 523 3242 caelibatum
543 3178 707 3244 mordicus
729 3179 931 3244 retinendam
952 3187 1076 3266 putant,
1099 3178 1346 3266 ponderandum
1368 3179 1458 3243 venit
1480 3199 1522 3242 an
1545 3177 1662 3242 deceat

329 3280 499 3346 ecclesiam
520 3290 612 3346 tanta
627 3282 806 3346 animarum
821 3281 1055 3368 periclitatione
1071 3281 1302 3348 conservandis
1315 3281 1412 3348 'nonis
1428 3281 1657 3346 ecclesiasticis

328 3383 503 3468 intendere,
526 3407 600 3450 cum
614 3407 725 3450 eorum
739 3385 942 3452 indemnitati
957 3385 1028 3451 aliis
1043 3385 1195 3472 legitimis
1217 3409 1258 3450 ac
1273 3386 1436 3451 canonicis
1453 3383 1656 3450 cautionibus

326 3489 503 3553 rectissime
526 3487 691 3575 provideri
713 3497 820 3575 queat.
844 3491 970 3576 possint
991 3490 1087 3554 etiam
1110 3511 1169 3575 pro
1192 3489 1320 3554 certiori
1334 3489 1579 3553 conservatione
1600 3485 1657 3552 bo-

327 3615 441 3658 norum
464 3591 756 3658 ecelesiasticorum
779 3590 929 3679 exemplo
951 3593 1038 3679 regis
1059 3592 1134 3656 Ioas
1158 3591 1284 3657 scribae
1304 3590 1589 3676 recognoscendae
1603 3611 1659 3676 pe-

327 3697 442 3762 cuniae
465 3705 497 3759 et
517 3695 677 3762 bonorum
700 3695 857 3762 ccclesiae
873 3720 938 3763 una
954 3719 1028 3762 cum
1043 3695 1268 3762 sacerdotibus
1283 3694 1426 3782 praefici,
1441 3717 1483 3760 ne
1499 3713 1564 3781 qua
1579 3715 1655 3779 pars

327 3799 442 3864 fraude
466 3798 636 3885 deperiret.

423 3903 494 3969 Nec
516 3902 646 3968 obstare
670 3902 809 3990 denique
831 3903 961 3969 videtur
983 3903 1072 3991 quod
1094 3903 1221 3983 dicitur,
1243 3901 1432 3972 sacerdotes
1455 3903 1561 3966 minus
1583 3922 1657 3987 pec-

328 4031 401 4073 care
423 4007 613 4072 fornicando
637 4029 736 4094 quam
758 4009 998 4074 matrimonium
1022 4006 1241 4074 contrahendo
1264 4016 1362 4094 atque
1377 4005 1459 4071 adeo
1474 4015 1655 4089 tramgres·

329 4132 418 4176 sores
441 4111 572 4176 canonis
596 4109 808 4174 ecclesiastici
831 4111 963 4196 gravim
985 4108 1167 4197 puniendos
1189 4133 1287 4196 quom
1301 4107 1476 4176 violatores
1490 4108 1656 4194 praecepti

328 4213 436 4296 divini,
461 4236 535 4278 cum
557 4214 755 4278 contrarium
770 4235 813 4277 ex
829 4212 967 4278 decretis
983 4213 1146 4278 canonicis
1162 4213 1382 4294 convincatur,
1404 4233 1520 4298 nempe
1534 4209 1655 4297 presbi-

328 4328 434 4382 terum
457 4316 668 4381 fornicantem
690 4315 763 4402 plus
786 4338 884 4403 quam
911 4315 1054 4401 legitime
1082 4315 1324 4382 contrahentem
1351 4312 1550 4401 puniendum
1573 4333 1652 4396 esse,

329 4420 416 4485 hunc
427 4421 512 4485 enim
524 4419 725 4485 solummodo
738 4429 851 4484 contra
863 4420 913 4484 ius
924 4421 1109 4507 positivum,
1125 4417 1216 4484 illum
1227 4441 1305 4484 vero
1318 4419 1496 4484 contraius
1512 4416 1653 4482 divinum

327 4534 360 4592 et
380 4525 556 4612 positivum
579 4523 674 4588 simul
696 4546 842 4610 peccare.

428 4629 483 4694 Ex
505 4627 623 4714 quibus
646 4627 794 4693 omnibus
817 4627 1000 4692 summatim
1022 4637 1160 4714 apparet
1185 4649 1253 4692 rem
1274 4623 1359 4692 hanc
1381 4634 1482 4691 totam
1503 4625 1538 4690 in
1559 4645 1653 4690 manu

325 4733 431 4819 gratia
453 4740 486 4797 et
507 4732 698 4796 auctoritate
721 4733 837 4796 summi
859 4731 1020 4818 pontificis
1043 4741 1076 4797 et
1090 4731 1246 4796 ecclesiae
1268 4731 1454 4808 consistere,
1476 4752 1519 4794 an
1534 4728 1652 4794 scilicet

324 4835 509 4924 praedictos
531 4835 683 4900 articulos
705 4843 862 4923 tanquam
883 4859 949 4902 non
972 4835 1074 4900 divini
1096 4835 1155 4900 sed
1168 4835 1299 4921 positivi
1314 4834 1392 4898 iuris
1409 4833 1648 4900 constitutiones

324 4963 384 5028 pro
406 4941 586 5029 praesentis
609 4941 762 5026 temporis
778 4962 887 5006 rerum
902 4949 935 5006 et
947 4961 1159 5027 personarum
1174 4948 1261 5004 statu
1276 4961 1315 5004 ac
1331 4937 1514 5005 conditione
1528 4957 1648 5024 proque

326 5045 570 5112 conservatione
591 5041 765 5111 multarum
785 5043 920 5112 millium
935 5045 1114 5112 animarum
1131 5042 1191 5110 sub
1208 5044 1304 5112 certis
1318 5040 1533 5130 legitimisque
1549 5037 1648 5108 modis
