3498 5830
334 619 446 698 queat,
470 621 567 699 prout
587 633 652 678 non
676 611 859 680 dubitemus
881 611 966 678 bunc
989 613 1149 678 sincerum
1171 623 1204 680 et
1233 611 1407 680 candidum
1436 615 1576 682 animum
1606 639 1669 682 no·

333 723 434 780 strum
456 713 499 781 8²¹
526 716 595 781 eius
618 717 696 780 satis
712 737 874 804 superque
890 717 1053 803 cognitum
1070 727 1102 782 et
1116 725 1321 804 perspectum
1336 739 1418 784 esse.
1440 741 1547 806 nequo
1561 721 1667 786 etiam

272 809 275 816 ’
334 816 439 885 levem
461 816 573 884 haberi
596 841 617 884 a
637 819 730 885 nobis
752 831 935 908 respectum
958 821 1028 886 111⁸*
1055 820 1147 887 ducis
1162 820 1355 906 Florentiae,
1379 823 1521 910 quinimo
1544 845 1584 889 ea
1599 847 1668 890 nos

333 919 415 984 D¹³⁸m
432 921 533 1008 ipsius
555 922 781 989 benevolentia
804 924 988 1011 complecti,
1010 933 1132 991 utnon
1154 924 1258 1010 solum
1280 924 1500 992 lubentissime
1521 925 1670 994 velimus

333 1021 389 1089 D¹¹¹
413 1025 481 1090 eius
500 1047 567 1091 rem
586 1035 711 1112 gratam
728 1026 846 1112 facere,
868 1050 982 1095 verum
1001 1030 1097 1095 etiam
1108 1029 1350 1115 propensissimi
1366 1031 1465 1094 simus
1477 1029 1519 1096 ad
1532 1052 1668 1116 promo-

336 1127 444 1193 venda
465 1128 734 1217 procurandaque
768 1131 923 1218 singulari
956 1131 1063 1198 studio
1098 1153 1311 1221 quaecunque
1337 1131 1395 1196 1)·Ι
1419 1133 1488 1198 eius
1521 1134 1596 1198 usui
1634 1145 1672 1199 et

248 1249 253 1260 ·
335 1241 522 1298 ornamento
545 1231 613 1299 fore
636 1233 842 1301 videbuntur.
865 1235 928 1301 hoc
949 1245 1057 1302 tammr
1070 1233 1124 1301 8¹²¹
1150 1234 1193 1302 D.
1216 1234 1255 1300 N.
1270 1236 1450 1302 institutum
1464 1236 1670 1304 eiuscemodi

335 1355 415 1419 esse,
439 1345 475 1400 ut
497 1333 532 1401 id
553 1335 595 1402 ob
617 1357 735 1423 graves
758 1348 790 1405 et
811 1337 930 1404 arduas
953 1338 1109 1425 quasdam
1126 1359 1242 1404 causas
1257 1338 1396 1425 probare
1410 1361 1475 1405 non
1490 1341 1669 1427 possimus,

334 1437 445 1504 habita
467 1440 591 1506 ratione
614 1441 702 1528 quod
723 1464 787 1506 non
810 1441 977 1507 videamus
1000 1441 1162 1530 quomodo
1184 1441 1249 1507 tale
1274 1463 1395 1507 novum
1425 1459 1559 1530 regnum
1590 1443 1669 1510 abs-

336 1565 399 1632 que
420 1545 613 1630 gravissima
634 1555 700 1611 tarn
725 1555 856 1612 sanctae
879 1548 965 1613 sedis
988 1547 1186 1634 apostolicae
1209 1569 1307 1636 quam
1328 1557 1438 1613 nostro
1461 1557 1494 1614 et
1515 1547 1603 1613 sacri
1627 1547 1668 1613 R.

334 1649 458 1735 imperii
479 1671 627 1715 necnon
650 1648 787 1716 aliorum
807 1651 922 1717 Italiae
944 1651 1127 1738 principum
1153 1662 1186 1717 et
1212 1650 1523 1738 rerumpublicarum
1550 1659 1668 1717 contu·

334 1749 431 1817 melia
453 1752 623 1840 dispendio
646 1763 678 1820 et
700 1756 825 1820 iactura
846 1777 886 1820 ac
909 1775 1035 1820 summa
1060 1755 1158 1821 totius
1180 1753 1295 1820 Italiae
1323 1763 1355 1820 et
1383 1775 1489 1820 rerum
1517 1756 1667 1820 omnium

334 1857 575 1944 perturbatione
599 1867 695 1946 atque
724 1858 806 1925 adeo
835 1858 959 1947 absque
986 1861 1129 1924 maximo
1158 1859 1326 1945 ipsiusmet
1354 1857 1446 1924 ducis
1474 1867 1507 1924 et
1535 1879 1667 1924 succes·

335 1981 443 2026 sorum
466 1981 597 2028 suorum
618 1961 762 2050 periculo
785 1973 818 2029 et
841 1962 958 2029 damno
981 1962 1103 2028 institui
1126 1971 1233 2049 queat
1256 1983 1331 2027 nam
1354 1961 1441 2049 quod
1456 1962 1500 2027 ad
1515 1970 1666 2027 sanctam

334 2063 445 2130 sedem
468 2063 678 2151 apostolicam
700 2087 739 2131 ec
761 2087 889 2130 sacrum
910 2067 1080 2152 imperinm
1103 2064 1197 2131 simul
1212 2068 1336 2150 attinet,
1360 2087 1432 2132 cum
1455 2063 1666 2132 manifestum

335 2168 376 2232 sit
397 2167 485 2256 quod
505 2170 658 2234 universa
678 2191 762 2258 pene
784 2168 881 2234 Italia
900 2170 970 2234 iura
993 2168 1111 2236 debeat
1133 2167 1166 2235 S.
1189 2169 1228 2234 R.
1251 2169 1408 2235 ecclesiae
1423 2177 1456 2235 et
1472 2169 1611 2256 imperio
1627 2168 1665 2232 lt

335 2269 481 2336 subiecta
503 2293 574 2338 esse
597 2294 702 2359 neque
725 2271 824 2338 ullum
847 2271 945 2338 alium
967 2295 1077 2359 regem
1105 2294 1203 2360 quam
1233 2273 1458 2360 imperatorem
1489 2281 1522 2337 ct
1548 2293 1665 2358 regem

333 2373 550 2441 Romanorum
572 2397 814 2462 recognoscere,
837 2375 933 2441 facile
955 2377 1052 2441 etiam
1074 2375 1149 2441 inde
1172 2375 1323 2462 colligere
1350 2375 1448 2440 liceat
1469 2373 1559 2462 quod
1582 2373 1666 2439 haec

333 2479 411 2544 novi
433 2479 524 2564 regni
547 2480 672 2563 species
695 2478 809 2565 procul
839 2478 937 2545 dubio
967 2479 1193 2546 auctoritatam
1221 2488 1287 2544 tam
1315 2481 1415 2567 ipsius
1443 2476 1477 2544 S.
1504 2476 1545 2542 A.
1577 2475 1666 2543 sodis

335 2602 432 2669 quam
454 2582 579 2667 imperii
603 2580 691 2668 apud
712 2581 858 2648 homines
879 2605 986 2647 rerum
1008 2605 1165 2648 novarum
1189 2581 1324 2669 cupidos
1352 2583 1385 2648 in
1413 2601 1571 2668 magnum
1602 2579 1665 2646 dis-

333 2685 455 2750 crimen
475 2695 562 2750 esset
573 2683 755 2750 adductura
766 2692 862 2773 atque
874 2687 1005 2772 insuper
1027 2683 1097 2750 aliis
1120 2684 1282 2751 ambiendi
1293 2683 1511 2773 captandique
1522 2683 1665 2750 eandem

335 2786 525 2874 dignitatem
546 2787 657 2853 lavore
679 2786 859 2853 futurorum
892 2788 1079 2876 pontificum
1113 2797 1169 2854 aut
1202 2788 1272 2854 aliis
1306 2786 1429 2854 artibus
1462 2807 1600 2852 causam
1633 2796 1666 2852 et

335 2911 448 2956 ansam
472 2890 760 2958 subministratum.
793 2892 880 2980 quod
903 2895 930 2958 si
953 2892 1006 2958 8¹¹·
1039 2913 1117 2958 suae
1147 2891 1331 2979 exemplum
1359 2899 1504 2958 caeteros
1532 2910 1666 2978 quoque

333 2994 503 3082 pontifices
524 2995 641 3060 imitari
663 3006 761 3084 atque
784 2995 865 3062 alios
889 3017 1017 3083 quoquo
1039 2997 1202 3085 principes
1224 2995 1339 3062 Italiae
1361 2995 1423 3061 sibi
1437 2993 1490 3062 vel
1505 2995 1664 3081 sanguine

336 3095 389 3162 vel
411 3096 656 3164 benevolentiae
679 3109 711 3164 st
733 3101 892 3164 amicitiae
914 3099 1052 3165 vinculis
1075 3100 1352 3166 coniunctissimos
1375 3098 1418 3165 ad
1440 3096 1582 3165 eandem
1604 3093 1663 3162 cel·

337 3199 512 3266 simdinem
534 3200 672 3267 evehere
695 3202 905 3288 contingeret,
926 3204 1041 3289 paucis
1057 3204 1149 3268 annis
1164 3202 1347 3269 habituram
1361 3201 1490 3268 Italiam
1505 3209 1556 3267 tot
1570 3219 1662 3285 roges

337 3311 416 3389 quot
436 3302 536 3368 habet
557 3303 600 3368 ad
621 3326 777 3389 praesens
799 3305 973 3393 principes.
1004 3327 1087 3393 quae
1109 3315 1187 3370 tunc
1209 3304 1317 3370 futura
1339 3313 1425 3370 esset
1445 3325 1555 3370 rerum
1578 3300 1661 3368 Itali·

336 3427 447 3471 oarum
465 3407 620 3492 confusio,
644 3406 763 3474 clarius
785 3430 942 3495 apparere
965 3429 1063 3496 quam
1086 3418 1121 3474 ut
1143 3408 1184 3473 8⁸¹
1203 3431 1282 3474 suae
1303 3407 1451 3495 pluribus
1474 3408 1516 3472 sit
1529 3407 1662 3474 demon·

337 3510 514 3577 strandum.

438 3613 536 3696 Quod
557 3636 635 3681 vero
658 3615 701 3681 ad
723 3624 866 3680 nostrum
890 3625 923 3682 et
934 3617 1017 3681 sacri
1032 3616 1157 3702 imperii
1172 3617 1327 3681 interesse
1341 3617 1375 3681 in
1386 3613 1499 3702 specie
1513 3615 1660 3702 pertinet,

336 3739 410 3782 eum
432 3719 543 3804 negari
566 3727 706 3808 nequeat
728 3720 807 3805 quin
837 3727 939 3784 status
963 3718 1115 3785 Senensis
1144 3717 1329 3806 dependeat
1358 3715 1399 3785 ab
1427 3719 1573 3806 imperio,
1600 3715 1660 3803 ipsi

336 3841 414 3886 sane
436 3819 512 3886 duci
534 3821 664 3886 minimo
685 3821 848 3907 integrum
876 3843 948 3888 osse
976 3821 1064 3909 quod
1091 3824 1123 3886 in
1151 3845 1189 3888 eo
1217 3831 1304 3887 statu
1332 3823 1506 3910 quicquam
1536 3821 1659 3907 absque

335 3932 446 3990 nostro
468 3933 504 3988 ut
525 3925 729 4011 imperatoris
751 3933 784 3990 et
798 3926 938 4011 supremi
954 3923 1075 3990 domini
1091 3924 1304 4012 ordinumque
1318 3925 1444 4012 imperii
1459 3922 1658 4012 beneplacito

335 4035 369 4093 et
391 4047 551 4093 consensu
572 4036 761 4113 praesumat
782 4035 923 4093 stabrere
945 4036 1165 4106 ammittere,
1194 4037 1290 4115 prout
1310 4049 1418 4115 neque
1441 4025 1483 4094 de
1505 4025 1559 4093 Si·
1584 4043 1657 4090 suae

336 4129 587 4219 aequanimitate
608 4128 702 4195 nobis
724 4129 875 4196 videatur
896 4131 1083 4216 timendum,
1107 4131 1194 4219 quod
1221 4130 1300 4197 velit
1326 4132 1361 4195 in
1388 4130 1509 4197 ditione
1536 4125 1658 4217 imperii

336 4232 424 4320 quod
446 4232 490 4297 ad
511 4231 703 4320 temporalia
725 4241 850 4320 spectet
872 4235 1038 4323 quippiam
1059 4257 1118 4323 pro
1146 4234 1304 4300 arbitratu
1325 4233 1379 4300 8²¹·
1410 4239 1502 4300 suae'
1522 4241 1656 4298 sumere

336 4344 393 4402 aut
414 4336 447 4402 in
469 4357 509 4402 ea
531 4357 615 4422 quae
637 4335 679 4401 ad
702 4337 901 4424 imperialem
922 4347 1066 4404 nostram
1082 4337 1392 4406 administrationem
1406 4339 1569 4426 pertinent
1589 4353 1655 4400 sese

335 4441 495 4526 ingerere,
518 4439 613 4505 sicuti
634 4461 694 4506 nos
715 4461 822 4530 neque
844 4440 885 4508 ss
917 4445 986 4508 eius
1001 4444 1033 4507 in
1048 4442 1155 4509 officio
1169 4451 1203 4510 et
1216 4441 1372 4530 gubernio
1387 4443 1488 4529 ipsius
1503 4451 1569 4508 tam
1583 4447 1654 4503 tem·

335 4541 439 4630 porali
462 4563 560 4630 quam
581 4541 739 4630 spirituali
760 4543 794 4606 in
815 4543 909 4608 terris
931 4541 1088 4609 ecclesiae
1110 4545 1283 4631 quicquam
1303 4543 1430 4629 negocii
1452 4539 1506 4607 vel
1527 4534 1651 4626 impedi·

336 4647 435 4713 menti
458 4645 613 4712 exhibere
634 4646 848 4714 intendamus.

438 4749 539 4818 Porro
561 4759 724 4838 utcunque
742 4749 819 4816 huic
833 4748 887 4816 Sl·
907 4771 986 4816 suae
1008 4749 1142 4818 consilio
1157 4751 1264 4839 ipsum
1284 4748 1383 4816 Ill¹¹¹¹¹¹¹
1398 4747 1582 4816 Florentiae
1601 4743 1651 4810 dn-

339 4875 409 4921 cem
430 4853 521 4940 regio
543 4852 636 4919 titulo
658 4851 793 4918 ornandi
817 4861 945 4941 optatus
968 4861 1103 4920 eventus
1132 4853 1357 4942 responderet,
1385 4875 1445 4921 nos
1467 4863 1651 4920 tamennon

336 4955 449 5032 videre
471 4956 550 5054 quid
570 4955 716 5028 utilitatis
730 4955 796 5022 Ι)ιιο
814 4957 883 5026 eius
906 4975 949 5024 ex
970 4955 1033 5025 hoc
1054 4957 1145 5043 regio
1159 4955 1253 5024 titulo
1267 4967 1462 5047 perceptura
1477 4965 1569 5040 esset,
1584 4970 1650 5020 cum
