3450 5818
604 773 880 862 CLXXXIV.

360 995 439 1069 Der
467 993 598 1069 Kaisar
622 1015 668 1070 an
697 995 759 1069 dte
786 991 1118 1084 Ooucllorstorcu3

565 1139 665 1206 Prsg,
682 1141 716 1192 29
735 1139 814 1192 Juni
833 1139 922 1190 1662.

619 1431 692 1487 Areo
714 1431 747 1487 Δ.
772 1427 863 1502 Copia.

170 1594 240 1660 His
272 1592 335 1683 [dis
361 1593 601 1662 ausfflhrlichen
627 1593 874 1681 lllittheilungon
903 1591 960 1658 des
989 1591 1112 1676 Preger
1138 1587 1347 1659 Erabischofs
1368 1590 1402 1656 in

72 1694 124 1760 llr.
158 1695 339 1786 CLXXX}
370 1719 449 1764 sane
481 1698 583 1785 probe
604 1696 775 1764 intellectis
799 1747 808 1762 .
831 1745 839 1761 .
862 1746 869 1762 .
901 1695 1154 1762 existimavimus
1188 1715 1305 1781 operae
1332 1715 1403 1779 pre·

74 1800 155 1864 cium
178 1800 257 1868 iore
282 1811 319 1866 nt
340 1801 433 1868 vobis
455 1803 537 1868 citra
557 1800 736 1887 longiorem
757 1822 880 1866 moram
900 1799 1042 1867 animum
1064 1807 1096 1864 et
1118 1796 1316 1864 voluntatem
1331 1817 1404 1864 nos·

73 1911 150 1966 tram
173 1927 281 1990 super
302 1904 437 1992 singulis
459 1905 602 1972 mficuds
625 1905 775 1972 dranus
797 1903 1008 1968 declaremus.

171 2006 247 2074 Ubi
268 2029 342 2074 cum
363 2009 397 2073 in
418 2009 529 2094 primis
552 2017 700 2074 occurrat
721 2009 863 2074 excimta
885 2005 928 2071 ab
950 2013 1077 2071 oratore
1110 2013 1143 2068 et
1163 2001 1313 2090 praelatis
1344 2003 1404 2068 Hi·

74 2110 182 2194 spanis
199 2107 376 2176 difficultas
392 2112 639 2178 continuationis
663 2133 760 2198 quam
781 2109 845 2196 ipsi
865 2109 1011 2196 protinus
1034 2115 1144 2195 aperta
1159 2105 1404 2193 exprimendam

73 2231 140 2276 esse
165 2213 381 2296 contendunt,
411 2224 442 2280 et
463 2215 496 2280 in
518 2236 583 2302 qua
604 2212 660 2280 1³²¹
678 2215 732 2280 isti
753 2211 934 2278 cardinales
956 2210 1056 2297 legati
1077 2210 1175 2276 misso
1197 2209 1240 2276 ad
1261 2232 1320 2275 vos
1344 2211 1404 2276 ΒΜ

74 2314 243 2382 cardinale
265 2315 469 2384 Warmionse
497 2302 720 2403 significarunt
748 2337 819 2381 sese
840 2334 983 2380 annuere
1010 2311 1180 2401 postulatis
1202 2315 1329 2397 nostris,
1359 2315 1405 2379 ita

72 2425 105 2480 ut
124 2419 217 2486 inter
240 2430 388 2506 quartam
410 2430 443 2486 et
464 2421 610 2508 quintam
632 2421 816 2502 sessionem,
849 2419 902 2484 oui
926 2418 967 2484 16
989 2416 1058 2483 dies
1079 2417 1219 2504 proximi
1241 2417 1404 2504 sequentis

73 2524 195 2588 mensis
219 2523 301 2590 Jnlii
322 2523 469 2610 praefixa
486 2525 536 2606 sit,
560 2523 807 2590 continuationis
820 2521 941 2589 mentio
956 2519 1082 2608 sepulta
1095 2529 1233 2600 mmeat,
1255 2541 1329 2587 cum
1342 2518 1405 2588 hac

74 2625 265 2694 conditione
286 2635 322 2692 ut
343 2628 470 2693 interim
491 2628 574 2694 inter
595 2649 654 2694 nos
674 2650 714 2694 aa
735 2625 849 2693 Serunua
870 2626 1049 2713 principem
1076 2624 1118 2690 D.
1141 2621 1325 2711 Philippum
1346 2623 1405 2688 Hi·

75 2731 267 2813 spaniarum
282 2739 315 2796 et
334 2751 446 2816 regern
468 2728 596 2796 Cethemm
631 2740 781 2816 nepotem
803 2737 949 2796 nostrum
970 2727 1193 2796 charissimum
1213 2726 1276 2792 hac
1303 2725 1345 2792 dc
1366 2749 1402 2792 re

75 2833 253 2899 concordia
274 2841 307 2899 at
329 2833 524 2900 couveniens
546 2833 738 2919 compositio
760 2833 834 2900 liat:
865 2831 971 2920 quoad
1000 2831 1088 2898 hunc
1109 2833 1207 2917 igitur
1236 2829 1405 2896 necdum

74 2933 272 3002 arbitramur
298 2935 393 3023 plane
423 2959 494 3002 esse
525 2958 802 3024 supervacaneum
825 2935 974 3025 pluribus
1001 2936 1057 3002 lnic
1077 2943 1223 3020 repetere
1252 2932 1404 3000 honestas

76 3046 106 3100 et
127 3039 252 3106 arduas
274 3036 347 3104 illas
362 3061 477 3106 causas
493 3041 689 3123 strutiones,
711 3050 844 3126 propter
863 3062 942 3128 quas
958 3037 1125 3126 hucusque
1139 3044 1308 3125 tantopere
1322 3035 1405 3102 desi·

75 3137 273 3218 duravimus,
303 3165 477 3228 suppressa
507 3142 570 3208 hac
590 3143 703 3212 odiosa
732 3143 981 3210 continuationis
1010 3143 1172 3209 montone
1201 3141 1406 3227 anteposita

76 3263 206 3332 quoque
229 3245 317 3312 omni
338 3243 525 3332 dogmatum
550 3247 751 3329 uaomtione,
780 3246 820 3311 de
841 3245 1067 3312 reformatione
1090 3243 1286 3314 instituenda
1306 3243 1405 3330 pot's·

74 3346 191 3414 simum
214 3346 277 3414 hoc
298 3358 443 3435 tempore
464 3351 518 3434 agi
532 3394 541 3410 ·
557 3397 588 3415 ..

175 3451 261 3518 Sunt
282 3449 411 3538 quidem
433 3473 550 3520 causae
571 3462 605 3519 et
624 3454 764 3520 redonas
786 3451 861 3518 illac
883 3454 952 3518 eius
966 3454 1138 3518 momsneti
1159 3461 1196 3517 ut
1216 3451 1309 3519 nobis
1325 3453 1406 3520 vitio

76 3553 158 3618 verti
179 3555 314 3622 minime
336 3555 447 3641 possit,
472 3555 559 3642 quod
574 3555 754 3622 istimmodi
770 3555 965 3624 desiderium
979 3565 1124 3622 nostrum
1139 3557 1246 3622 acrius
1261 3564 1293 3622 st
1306 3555 1402 3623 vehe-

77 3659 215 3724 mentius
242 3680 301 3744 per
333 3679 393 3724 vos
420 3659 529 3745 iugeri
557 3658 762 3726 voluerimus.
795 3658 854 3726 sed
880 3661 957 3747 quia
989 3679 1076 3724 nunc
1098 3660 1311 3746 comperimus
1340 3681 1407 3726 non
1521 3659 1528 3678 ¹

77 3771 273 3842 postremam
304 3763 388 3830 inter
410 3759 483 3828 illas
504 3763 645 3830 rationes
674 3770 706 3830 et
728 3783 844 3828 causas
867 3763 1033 3850 expirasse
1059 3785 1118 3849 por
1139 3761 1314 3828 adventum
1336 3784 1407 3828 ora·

78 3868 182 3931 torum
211 3874 245 3930 et
265 3865 483 3950 praelatorum
505 3863 634 3935 Galliae
662 3867 940 3932 attrectationem
962 3865 1150 3954 dogmatum
1178 3866 1224 3932 ita
1253 3865 1406 3948 inchoari,

79 3973 113 4029 ut
133 3967 211 4034 inde
233 3991 299 4036 non
320 3967 468 4036 videatur
501 3970 684 4036 necessario
712 3971 804 4057 sequi
831 3969 919 4058 quod
947 3971 1250 4057 pertractationem
1279 3967 1407 4035 articuli

81 4066 171 4138 indus
201 4070 244 4136 de
265 4080 470 4140 sacrosancto
493 4071 706 4138 eucharistiae
728 4073 939 4152 sacramento,
972 4095 1067 4160 quem
1095 4081 1204 4159 patres
1226 4071 1320 4138 modo
1342 4071 1407 4138 dis-

81 4173 267 4240 cutiendum
294 4186 327 4242 et
356 4173 591 4242 decernendum
614 4184 834 4262 susceperunt,
866 4197 982 4242 revera
1009 4173 1135 4242 concilii
1163 4175 1278 4263 prioris
1306 4177 1405 4242 conti·

81 4279 186 4344 nunde
209 4277 267 4344 fiat
288 4326 296 4342 .
319 4325 327 4344 .
351 4327 360 4342 .
386 4301 445 4344 nos
467 4299 546 4346 sane
575 4279 630 4366 qui
658 4288 822 4366 tamquam
844 4277 1021 4346 catholicus
1042 4280 1193 4366 princeps
1224 4278 1406 4346 auctoritati

82 4382 162 4445 sacri
195 4381 322 4448 concilii
349 4381 436 4448 haud
467 4383 627 4467 paratim
657 4403 717 4448 nos
740 4381 927 4448 subiicimus
960 4403 1063 4448 neca
1096 4403 1287 4470 quocunque
1322 4391 1405 4448 trec-

84 4483 166 4550 tandi
194 4483 292 4552 modo
315 4484 534 4568 abhorremus,
565 4483 737 4551 dummodo
759 4495 890 4573 propter
912 4487 1041 4551 manem
1064 4484 1225 4574 quandam
1248 4483 1403 4568 digladia-

84 4583 198 4654 tionem
231 4587 400 4656 verborum
435 4587 478 4654 ad
508 4589 632 4657 maiora
660 4587 768 4676 aliqua
799 4589 1057 4655 inconvenientia
1092 4611 1157 4655 non
1189 4587 1403 4676 perveniatur,

85 4705 175 4774 super
203 4690 371 4776 postulatis
399 4690 502 4758 Bm
527 4690 569 4755 D.
600 4689 811 4756 cardinalium
843 4690 1021 4778 legatorum
1047 4693 1094 4758 ita
1119 4713 1178 4756 nos
1205 4689 1403 4776 resolvimus,

86 4789 226 4860 nimirum
248 4793 336 4880 quod
357 4815 416 4858 vos
439 4792 583 4860 debeatis
611 4792 714 4860 dictos
736 4794 807 4860 ΒΜ
828 4793 953 4880 legatos
974 4796 1077 4882 primo
1106 4815 1233 4881 quoque
1261 4803 1404 4881 temporo

87 4891 169 4961 adire
191 4905 223 4962 et
244 4895 323 4964 ΡΜ·
346 4919 458 4964 eorum
479 4896 544 4962 ΒΨ
566 4895 675 4963 verbis
696 4899 813 4964 nostris
830 4898 959 4982 referre,
982 4921 1040 4963 nos
1062 4921 1083 4964 a
1096 4899 1241 4984 praelato
1263 4897 1403 4964 Antonio

88 4991 135 5057 R¹⁰
167 4998 409 5089 archiepiscopo
445 4999 601 5087 Pragensi
636 5001 833 5070 intellexisse
869 5001 947 5090 quid
985 5002 1132 5088 responsi
1168 4998 1315 5068 dederint
1345 4999 1403 5066 ΡΝ
