3450 5818
929 849 1080 938 CXCI.

620 1072 699 1147 Der
725 1072 857 1147 Ksieer
882 1093 929 1146 an
950 1069 1021 1174 [die
1040 1069 1375 1163 concinniorem

820 1226 919 1291 Prng,
940 1226 978 1276 16
996 1223 1071 1276 tuli
1091 1226 1180 1276 1562.

839 1405 1018 1460 οοηοῑιωιω.
1043 1404 1166 1477 mecept

438 1567 596 1634 Redditae
610 1566 704 1634 nobis
726 1566 855 1634 fuerunt
875 1569 987 1636 literae
999 1577 1129 1635 vestrae
1142 1568 1254 1656 qussi
1278 1567 1331 1634 die
1345 1569 1526 1656 praesentis
1540 1572 1660 1637 mensis

338 1671 381 1738 ad
402 1693 462 1738 nos
485 1671 634 1756 dedistis,
668 1671 753 1738 unde
783 1671 938 1759 singulari
966 1693 1039 1738 cum
1069 1671 1279 1738 admiratione
1313 1681 1410 1759 atque
1438 1672 1589 1740 molestia
1621 1675 1665 1737 in·

339 1773 522 1840 telleximus
543 1773 653 1861 plures
673 1797 717 1840 ax
730 1775 877 1860 patribus
899 1776 968 1840 ism
990 1776 1053 1840 cito
1077 1775 1268 1840 sententium
1290 1774 1331 1841 dc
1354 1773 1456 1842 culice
1477 1775 1571 1842 laicis
1596 1799 1666 1842 oon·

339 1876 483 1944 cedendo
507 1886 648 1942 mutasse
670 1886 704 1942 et
726 1876 820 1942 simul
843 1878 941 1942 etiam
961 1879 1133 1963 negocium
1147 1878 1383 1944 reformationis
1398 1881 1550 1966 postponi
1566 1888 1662 1966 atque

340 1981 423 2048 adeo
445 1980 598 2068 publicae
609 1982 809 2048 necessitatis
823 1991 891 2048 tam
903 1983 1054 2068 exiguum
1076 1983 1235 2048 rationem
1251 1981 1364 2048 haberi
1387 1991 1420 2047 et
1435 1981 1595 2071 pleraque
1610 2005 1660 2048 ne·

338 2086 433 2172 gocia
455 2083 568 2150 urdine
597 2093 663 2149 tam
686 2084 815 2150 sinistro
836 2086 916 2170 geri,
944 2094 981 2149 ut
1002 2085 1082 2150 nihil
1102 2085 1198 2151 isthic
1225 2086 1288 2150 nisi
1316 2088 1443 2174 mugnis
1467 2085 1661 2175 quibusdam

337 2189 491 2274 practicis
505 2187 588 2252 effici
602 2189 712 2274 possit.
735 2210 794 2253 nos
810 2209 888 2253 sane
908 2189 956 2252 ita
976 2187 1164 2272 iudicamus,
1187 2189 1214 2253 si
1235 2188 1293 2253 R⁰¹
1316 2190 1369 2256 isti
1390 2188 1490 2276 legati
1513 2211 1553 2254 ac
1568 2189 1618 2254 R‘¹¹
1636 2199 1665 2254 et

337 2289 400 2356 vu.
413 2300 521 2378 patres
536 2289 623 2356 hunc
634 2313 729 2377 quem
745 2301 921 2378 coeperunt
935 2291 1067 2358 modum
1088 2291 1287 2380 procedendi
1309 2293 1342 2357 in
1357 2292 1494 2359 concilio
1508 2292 1660 2378 deinceps

338 2415 466 2482 quoque
488 2403 597 2460 tenere
619 2394 729 2475 velint,
752 2397 799 2460 ita
819 2405 855 2460 ut
876 2394 955 2460 nihil
978 2395 1064 2462 effici
1085 2405 1193 2484 queat,
1209 2397 1272 2460 nisi
1287 2395 1375 2484 quod
1389 2395 1527 2462 dirersis
1542 2396 1661 2461 ardbue

339 2499 521 2565 confectum
542 2501 593 2584 sit,
615 2497 668 2564 vel
691 2500 786 2564 etiam
808 2501 842 2564 in
863 2499 1006 2565 ferendis
1028 2500 1189 2586 suffragiis
1210 2500 1317 2586 potius
1339 2499 1383 2564 ud
1398 2498 1536 2565 aliorum
1550 2497 1658 2566 volun·

337 2612 437 2668 tatem
459 2611 492 2666 et
512 2604 652 2688 gratiam
675 2611 832 2689 spectare,
855 2623 954 2690 quam
968 2602 1011 2668 ad
1025 2605 1252 2669 nenessitatem
1267 2611 1301 2669 et
1313 2601 1484 2670 utilitatem
1498 2601 1660 2690 publicam

339 2729 413 2772 cum
435 2705 536 2772 divini
556 2707 695 2771 nominis
709 2704 814 2793 gloria
836 2707 1051 2790 coniunctam,
1074 2706 1162 2794 quod
1177 2705 1273 2793 longe
1287 2715 1470 2794 praestaret
1483 2704 1661 2772 huiusmodi
1701 2747 1702 2770 r

337 2808 506 2876 concilium
526 2831 692 2897 nunquam
713 2809 893 2874 institutum
910 2808 1024 2894 iuuisse,
1048 2809 1209 2898 siquidem
1230 2833 1273 2876 ex
1295 2833 1333 2876 eo
1348 2808 1422 2896 plus
1444 2808 1613 2875 turbarum
1633 2817 1662 2873 et

338 2912 542 2978 dissidiorum
571 2935 669 3000 quam
697 2913 813 2999 quietis
847 2914 979 2978 unitatis
1013 2921 1046 2978 et
1067 2912 1229 2980 commodi
1260 2911 1499 3000 expectandum
1526 2913 1657 2980 videtur.
1701 2907 1702 2988 J

337 3027 545 3104 vestrumque
567 3018 665 3103 igitur
687 3017 747 3081 erit
769 3026 805 3081 ut
826 3016 1099 3105 quemadmodum
1121 3016 1277 3083 hactenus
1295 3016 1426 3101 fecistis,
1449 3020 1496 3082 sic
1511 3017 1658 3083 etiamin

336 3129 501 3208 posterum
522 3143 582 3208 pro
605 3117 691 3184 virili
711 3129 820 3185 vestra
842 3129 934 3208 parte
956 3120 1071 3187 sedulo
1094 3142 1133 3186 ac
1156 3120 1325 3207 diligenter
1348 3120 1504 3186 studeatis
1535 3121 1656 3186 efficere

339 3225 499 3290 monendo
522 3221 669 3312 rogando
693 3234 725 3290 et
746 3223 906 3302 instando,
939 3234 975 3290 ut
997 3225 1104 3290 omnia
1125 3226 1186 3290 rite
1218 3233 1251 3290 et
1270 3222 1357 3290 bono
1380 3223 1491 3290 ordine
1514 3233 1659 3312 gerantur

338 3338 371 3394 ct
402 3336 438 3394 ut
459 3326 594 3394 concilio
617 3350 676 3394 sua
696 3326 830 3394 libertas
851 3325 1066 3415 relinquatur,
1096 3327 1365 3414 quemadmodum
1387 3327 1450 3394 hac
1473 3329 1546 3414 ipsa
1568 3327 1608 3392 de
1628 3347 1657 3388 re

336 3453 424 3498 nunc
444 3453 556 3496 rursus
578 3453 652 3496 cum
674 3429 731 3496 8¹²⁰
752 3429 794 3497 D.
812 3431 851 3496 N.
875 3453 972 3519 agere
994 3431 1270 3497 decrevimus...

439 3533 483 3598 Et
505 3536 581 3622 quia
609 3535 786 3622 inscripto
815 3534 870 3601 illo
899 3535 987 3623 quod
1009 3534 1230 3623 superioribus
1260 3533 1376 3600 diebus
1405 3533 1447 3599 ad
1474 3555 1535 3600 vos
1562 3542 1655 3597 nans-

336 3639 553 3703 misimus...
577 3639 653 3701 satis
674 3637 842 3704 manifeste
863 3647 1008 3726 apparet,
1032 3659 1185 3726 quorsum
1206 3661 1297 3704 mens
1324 3660 1363 3703 ac
1385 3635 1536 3705 voluntas
1551 3645 1654 3702 nostra

338 3739 374 3805 in
386 3739 449 3805 hoc
463 3741 598 3826 negocio
614 3741 848 3807 communionis
871 3741 912 3806 de
934 3764 998 3830 quo
1020 3740 1116 3808 modo
1132 3741 1239 3830 agitur
1254 3751 1387 3829 spectat,
1411 3764 1476 3807 non
1491 3758 1653 3828 possumus

339 3843 380 3910 ab
409 3866 447 3910 eo
470 3844 589 3930 scripto
613 3867 700 3911 nunc
723 3867 852 3933 quoque
872 3845 1036 3926 recedere,
1065 3846 1143 3932 quin
1165 3845 1314 3912 volumus
1335 3854 1380 3929 ut,
1413 3846 1506 3910 sicuti
1529 3842 1655 3910 antehac

339 3947 433 4016 vobis
455 3948 662 4032 iniunximus,
688 3948 777 4035 apud
787 3949 859 4014 ΒΜ·
881 3950 961 4016 istos
977 3948 1157 4016 cardinales
1172 3959 1205 4016 et
1220 3949 1344 4035 legatos
1359 3948 1465 4014 studio
1482 3944 1654 4024 elaboretis,

339 4059 464 4116 uttam
490 4050 551 4116 hoc
573 4073 670 4139 quam
692 4051 818 4140 reliqua
840 4055 947 4140 capita
974 4054 1007 4118 in
1037 4073 1076 4118 eo
1098 4051 1332 4139 comprehensa
1359 4050 1474 4117 saltem
1502 4049 1652 4136 sigillatim

339 4165 372 4220 et
393 4155 595 4222 convenienti
616 4164 761 4242 tempore
784 4157 931 4242 patribus
953 4157 988 4220 in
1002 4154 1138 4221 concilio
1162 4153 1364 4220 discutienda
1377 4165 1605 4242 proponantur,
1627 4159 1652 4214 et

339 4260 528 4346 praesertim
548 4268 586 4325 ut
606 4267 739 4346 peracta
760 4257 822 4324 hac
845 4259 988 4324 sessione
1010 4257 1055 4323 illi
1078 4280 1207 4346 quoque
1230 4257 1293 4323 duo
1315 4258 1471 4346 postremi
1486 4255 1649 4324 articuliin

340 4363 473 4427 materia
495 4362 707 4431 eucharistiae
731 4365 786 4451 qui
807 4385 895 4429 nunc
909 4363 1019 4427 omissi
1033 4362 1171 4446 fuerumt,
1195 4363 1418 4428 examinentur
1440 4369 1650 4428 attractentur

339 4487 401 4530 nec
429 4464 495 4532 ullo
524 4466 620 4534 modo
650 4466 913 4554 posthabeantur,
943 4465 1155 4553 adductisque
1182 4469 1378 4553 argumentis
1402 4465 1527 4532 idoneis
1554 4475 1648 4553 patres

340 4579 454 4636 exacte
476 4570 653 4636 informetis
676 4569 716 4636 dc
739 4579 824 4636 statu
845 4569 1007 4657 religionis
1032 4573 1066 4635 in
1087 4569 1120 4636 S.
1143 4570 1181 4634 R.
1203 4571 1336 4657 imperio
1352 4571 1526 4658 regnisque
1542 4579 1647 4655 etpro-

341 4674 455 4738 vinciis
477 4676 595 4740 nostris
616 4673 852 4764 haereditariis,
873 4677 928 4761 qui
950 4675 1100 4738 nimirum
1122 4672 1195 4738 talis
1217 4675 1258 4738 sit
1279 4683 1322 4757 ut,
1352 4675 1413 4738 nisi
1436 4675 1469 4738 in
1491 4673 1554 4740 hac
1568 4681 1644 4760 parte

341 4787 454 4842 sancta
481 4778 624 4864 synodus
645 4780 872 4867 tempestivum
902 4787 934 4844 et
956 4776 1083 4843 salubre
1104 4777 1282 4843 remedium
1304 4776 1454 4862 attulerit,
1485 4773 1645 4842 verendum

341 4881 383 4945 sit
409 4904 456 4947 ne
482 4884 616 4968 exiguas
650 4905 778 4970 quoque
819 4883 916 4948 hasce
943 4880 1094 4969 reliquias
1126 4879 1290 4967 religionis
1318 4880 1495 4946 catholicae
1528 4895 1643 4969 prorsus

342 4987 534 5052 omittamus.
557 4983 621 5050 hac
638 4995 745 5050 autem
758 4985 798 5051 de
809 5007 844 5050 re
856 5007 974 5073 operae
984 4985 1130 5071 precium
1151 4985 1280 5048 eritvos
1302 4985 1454 5072 privatim
1475 5007 1540 5050 uon
1560 4977 1641 5048 modu

343 5110 415 5156 cum
438 5087 617 5155 oratoribus
640 5087 742 5155 (latht‘
768 5097 802 5154 et
830 5087 923 5154 (llrr¹'³¹
952 5109 1074 5174 regum,
1097 5109 1209 5155 verum
1232 5088 1329 5153 etiam
1351 5109 1425 5153 cum
1446 5087 1597 5176 Hispanis
1614 5101 1644 5146 ut
