3498 5818
330 553 387 621 tts

326 749 463 833 ineptias
492 745 632 814 levitatis
661 749 725 814 iam
753 771 855 836 prope
885 759 1085 816 evanuerunt
1094 739 1112 832 ‚⁸
1134 747 1305 815 videantur
1333 748 1465 814 decreta
1488 747 1651 837 pontificia

327 873 424 937 quam
446 849 502 917 illa
525 852 586 918 sibi
608 861 764 918 constent

426 953 519 1020 Haec
548 977 612 1020 non
639 954 712 1020 ideo
741 959 985 1022 commemorari
1007 957 1100 1023 iussit
1120 956 1352 1023 illustrissimus
1374 957 1535 1043 princeps,
1559 956 1646 1044 quod

327 1059 463 1126 acerbus
496 1059 529 1122 in
558 1056 700 1145 legatum
727 1059 830 1125 videri
857 1043 936 1125 velit
964 1057 1016 1126 vel
1045 1059 1310 1148 disceptationem
1328 1068 1385 1125 aut
1400 1060 1647 1148 disputationem

327 1163 480 1245 instituat,
504 1161 562 1227 sed
576 1172 613 1226 ut
625 1161 799 1227 admoneat
811 1161 964 1249 legatum,
986 1164 1012 1228 si
1036 1163 1076 1230 de
1092 1161 1279 1229 haeresibus
1300 1161 1450 1228 tollendis
1466 1172 1498 1229 et
1511 1162 1654 1228 moribus

328 1265 536 1332 emendandis
558 1263 801 1330 deliberandum
824 1266 1094 1355 statuendumque
1117 1269 1166 1350 sit,
1191 1290 1255 1354 quo
1277 1267 1347 1354 ipse
1370 1267 1532 1331 existimet
1553 1267 1586 1329 in
1610 1267 1654 1330 iu·

328 1369 446 1435 dicium
460 1368 625 1435 vocandos
640 1379 794 1456 tanquam
808 1391 881 1435 reos
897 1372 952 1457 qui
968 1393 1010 1436 ex
1025 1393 1103 1456 agro
1121 1369 1280 1435 dominico
1296 1368 1497 1458 exstirpandi
1513 1371 1653 1436 veniant.

326 1474 435 1559 itaque
457 1474 483 1536 si
506 1494 591 1536 nunc
614 1471 655 1536 de
676 1471 782 1536 iudice
806 1475 903 1537 stanti
917 1495 1050 1539 necesse
1073 1483 1122 1538 est
1138 1475 1193 1560 qui
1209 1471 1249 1538 de
1264 1471 1452 1540 haeresibus
1469 1483 1653 1559 cognoscat,

328 1576 564 1641 controversias
587 1572 725 1658 dirimat,
749 1595 874 1640 morum
898 1575 1139 1642 emendationes
1162 1575 1316 1658 instituat,
1339 1585 1426 1641 certe
1448 1573 1487 1640 R.
1509 1575 1655 1662 pontifex

328 1680 355 1743 is
386 1699 457 1744 esse
485 1699 547 1742 nec
573 1688 680 1765 potest
708 1701 769 1744 nec
804 1677 920 1762 debet;
958 1689 1131 1745 accusatur
1161 1680 1246 1744 enim
1274 1677 1314 1744 de
1336 1678 1387 1743 his
1410 1678 1559 1744 omuibus
1583 1701 1655 1743 cum

328 1781 477 1848 omnibus
506 1783 589 1847 suis.
617 1783 716 1868 igitur
743 1806 804 1848 nec
833 1781 932 1846 divini
961 1805 1021 1848 nec
1048 1780 1205 1848 naturalis
1235 1783 1312 1848 iuris
1340 1805 1400 1847 nec
1423 1780 1551 1848 honesti
1573 1783 1653 1847 ratio

330 1885 394 1951 hoc
408 1887 537 1971 patitur,
561 1893 597 1949 ut
618 1887 645 1948 is
668 1883 753 1951 idern
769 1886 869 1951 iudex
884 1887 925 1950 sit
940 1888 993 1973 qui
1012 1895 1044 1950 et
1058 1908 1150 1970 reus;
1174 1883 1274 1950 multo
1291 1887 1396 1950 minus
1413 1883 1655 1950 eoncedendum

331 1998 380 2054 est
409 1997 444 2052 ut
471 1987 591 2054 habeat
617 1998 808 2074 potestatem
838 1987 1000 2054 indicendi
1031 1988 1158 2055 concilii
1187 1998 1220 2054 et
1252 1987 1467 2054 constituendi
1491 1987 1654 2069 iudicium,

328 2093 362 2155 in
392 2113 456 2178 quo
486 2090 609 2155 iudices
639 2091 736 2156 futuri
761 2093 823 2157 sint
852 2093 906 2179 qui
930 2089 1087 2157 obnoxias
1110 2091 1220 2157 dicant
1243 2093 1417 2158 sententias
1441 2114 1483 2158 ex
1504 2089 1542 2156 R.
1569 2091 1655 2158 curia

329 2194 453 2276 allatas,
477 2217 542 2260 non
565 2194 741 2260 secundum
764 2197 932 2262 veritatem
956 2195 1144 2284 exquisitas.
1169 2195 1245 2261 lieet
1268 2205 1375 2260 autem
1398 2203 1454 2258 tua
1475 2193 1654 2260 reverenda

330 2296 504 2362 dominatio
527 2297 716 2384 profiteatur
738 2309 863 2367 nostros
887 2301 983 2364 etiam
1007 2299 1134 2364 auditos
1157 2299 1236 2382 fore,
1259 2307 1368 2362 tamen
1389 2296 1451 2362 hoe
1472 2295 1553 2360 nihil
1570 2293 1654 2360 aliud

329 2410 387 2483 est,
411 2423 508 2488 quam
531 2405 558 2466 si
581 2404 653 2490 qnis
675 2403 801 2491 lepores
824 2403 935 2469 iubeat
957 2403 1138 2469 concionari
1164 2405 1247 2468 inter
1266 2399 1386 2486 leones,
1410 2424 1487 2466 nam
1510 2395 1655 2487 deputati

329 2505 362 2568 in
385 2505 520 2570 concilio
541 2509 646 2593 magis
675 2508 900 2594 episcoporum
922 2505 1104 2573 voluntates
1133 2529 1230 2594 quam
1259 2507 1431 2570 veritatem
1461 2503 1654 2589 spectabunt

330 2616 363 2673 et
385 2609 453 2673 sine
477 2608 576 2675 dubio
601 2609 712 2674 dentes
736 2621 767 2676 et
789 2633 915 2698 ungues
937 2610 1116 2678 ostendent.

432 2711 541 2793 Quare
569 2711 781 2779 illustrissimo
809 2715 946 2801 principi
975 2716 1135 2800 integrum
1162 2736 1227 2779 non
1256 2711 1361 2778 estin
1383 2719 1590 2798 praetensam
1612 2709 1655 2773 in·

331 2814 503 2882 dictionem
538 2815 664 2882 concilii
698 2819 893 2902 consentire,
938 2841 1011 2884 cum
1045 2817 1080 2882 R
1115 2815 1301 2904 pontificem
1334 2838 1395 2881 nec
1431 2815 1655 2902 magistratum

330 2929 487 3006 agnoscat
507 2943 568 2986 neo
590 2921 640 2985 ius
664 2919 792 2987 dicendi
815 2921 844 2986 ei
867 2921 996 2987 tribuat
1020 2918 1293 3010 quemadmodum
1316 2929 1424 2986 autem
1453 2918 1556 2983 nostri
1577 2939 1656 2982 nun·

331 3045 429 3112 quam
451 3022 644 3110 defugerent
658 3022 884 3091 authoritatem
898 3025 1033 3112 legitimi
1048 3024 1184 3108 concilii,
1208 3025 1253 3090 ita
1267 3025 1419 3112 precatu'r
1433 3019 1483 3087 Ill.
1504 3021 1654 3110 princeps

331 3136 367 3192 ut
388 3127 594 3214 magistratus
617 3129 704 3194 ineat
725 3130 882 3195 rationem
905 3152 969 3218 qua
991 3128 1135 3216 legitima
1157 3129 1297 3216 cognitio
1321 3136 1353 3192 ct
1381 3125 1570 3192 diiudicatio
1593 3148 1655 3191 om·

331 3231 419 3296 nium
435 3231 725 3296 controversiarum
740 3233 933 3298 instituatur.
958 3231 1045 3320 quod
1067 3232 1094 3296 si
1110 3255 1203 3299 secus
1218 3231 1339 3298 factum
1354 3229 1450 3296 fuerit
1463 3239 1500 3294 ut
1514 3230 1655 3296 maxima

331 3337 442 3401 vineat
462 3335 579 3400 iniuria
602 3344 633 3400 et
654 3335 714 3418 ius,
738 3345 845 3402 tamen
867 3335 991 3402 laetitia
1013 3359 1182 3404 successus
1204 3359 1269 3402 non
1292 3337 1352 3402 erit
1376 3335 1535 3401 diuturna.

435 3439 523 3523 Quid
549 3461 626 3504 vero
660 3449 773 3505 contra
801 3439 957 3506 eiusmodi
985 3449 1191 3528 praetensum
1233 3437 1405 3504 concilium
1439 3435 1488 3502 Ill.
1522 3435 1657 3524 principi

328 3543 513 3610 faciendum
536 3543 577 3607 sit
599 3565 657 3630 pro
681 3541 786 3610 officio
811 3553 844 3610 et
865 3543 1021 3631 religione
1044 3567 1112 3628 sua,
1137 3543 1177 3609 de
1199 3541 1262 3610 hoc
1284 3551 1404 3608 statuet
1423 3539 1655 3607 communicato

329 3646 461 3714 consilio
505 3667 577 3712 oum
616 3644 686 3710 aliis
718 3647 918 3734 principibus
953 3658 986 3714 et
1020 3647 1185 3714 ordinibus
1216 3647 1350 3734 imperii,
1390 3653 1422 3711 et
1456 3644 1524 3710 sinc
1561 3641 1655 3708 dubio

330 3751 501 3819 afferentur
529 3776 568 3818 ea
600 3775 684 3840 quae
713 3753 846 3818 veritate
875 3754 1016 3818 nitentur
1044 3762 1077 3818 et
1099 3749 1234 3816 vanitati
1257 3757 1345 3815 recte
1369 3747 1488 3835 opponi
1510 3747 1655 3834 poterint

329 3855 388 3921 tibi
409 3877 496 3940 vero,
520 3854 703 3922 reverende
726 3853 865 3943 praesul,
888 3866 1053 3944 tamquam
1076 3853 1183 3942 legato
1206 3861 1239 3920 et
1258 3849 1366 3918 multis
1382 3847 1555 3915 virtutihus
1570 3871 1657 3938 prae·

330 3956 396 4024 dito
434 3959 518 4024 omni
555 3983 679 4046 genere
717 3959 895 4026 officiorum
933 3981 1017 4048 quae
1055 3958 1096 4024 ab
1133 3957 1234 4043 ipsius
1272 3953 1461 4024 celsitudine
1498 3951 1655 4042 proficisci

221 4143 223 4148 Ι
330 4071 480 4150 possunt,
517 4062 694 4146 gratificari
724 4063 828 4149 cupit,
866 4073 898 4128 et
925 4071 961 4129 ut
982 4061 1064 4130 haec
1086 4062 1232 4147 responsi
1254 4058 1326 4126 loco
1349 4058 1392 4124 ad
1412 4057 1451 4123 R.
1474 4057 1653 4145 pontificem

331 4166 451 4232 referas
473 4174 577 4252 rogat.

470 4353 559 4412 Ueher
576 4355 648 4412 seins
665 4354 744 4411 Reiss
768 4355 820 4411 nnd
844 4357 924 4412 deren
942 4355 1102 4424 Ergsbnisse
1120 4357 1170 4409 seit
1188 4355 1248 4408 dem
1265 4353 1449 4423 Namnburgsr
1466 4351 1539 4421 Tage
1557 4345 1653 4404 bench·

402 4449 440 4497 tat
458 4445 654 4498 Commendone
679 4448 706 4498 in
729 4447 820 4498 seinen
837 4445 950 4498 Bristsn.
985 4446 1029 4496 Da
1052 4445 1094 4496 dis
1110 4444 1229 4496 Antwort
1255 4444 1302 4494 des
1320 4441 1489 4510 Markgraton
1512 4457 1565 4492 von
1583 4439 1653 4490 Com·

399 4531 528 4584 mendone
542 4532 663 4598 (Miscell.
684 4530 707 4598 fi,
727 4534 768 4584 87.
788 4535 850 4596 1293
868 4532 937 4584 auch
948 4532 1032 4598 Epist
1046 4531 1182 4598 Pogianae
1194 4534 1218 4595 2,
1236 4531 1307 4595 ato),
1324 4545 1375 4580 von
1388 4528 1544 4580 Pallavicini
1556 4542 1582 4579 ιι.
1592 4541 1612 4577 s.
1624 4540 1652 4574 w.

400 4615 439 4670 als
458 4615 500 4670 die
518 4619 646 4669 schttrfste
664 4613 718 4668 und
736 4617 964 4686 ungszismendstc
983 4615 1198 4683 lrorvorgehoben
1216 4617 1288 4681 wird,
1312 4615 1393 4666 thsilc
1418 4614 1463 4664 ich
1480 4613 1554 4664 ihren
1571 4611 1651 4662 Wort·

401 4704 458 4756 laut
475 4705 521 4755 mit
539 4705 587 4755 wie
605 4703 650 4754 ibn
668 4703 715 4755 der
727 4703 864 4770 Markgras
879 4721 920 4755 am
939 4705 972 4756 27
985 4703 1103 4756 Februsr
1121 4703 1180 4754 dem
1193 4705 1296 4770 Konige
1307 4700 1469 4753 Maximillam
1488 4697 1651 4749 einschickta

401 4818 434 4829 ·-
452 4789 502 4842 biit
520 4791 579 4841 dem
597 4789 705 4841 Wiener
722 4791 792 4842 Hofe
812 4789 1036 4856 correspondiorte
1049 4790 1243 4841 Commendone
1262 4788 1353 4840 selten.
1377 4787 1428 4839 Die
1440 4787 1558 4853 wenigan
1570 4781 1651 4835 Briefc

400 4891 452 4929 von
470 4877 523 4928 ihm
547 4876 611 4927 odor
633 4891 667 4927 an
689 4875 734 4928 ibn
758 4877 800 4928 die
818 4876 861 4928 ich
878 4875 948 4928 finde
977 4878 1005 4932 (8
1024 4876 1078 4926 Mai
1101 4891 1149 4926 ans
1166 4875 1322 4942 Antwerpen
1341 4887 1376 4926 sn
1393 4869 1464 4932 Seld,
1493 4869 1587 4924 lduni
1607 4879 1651 4918 ans

401 4963 508 5016 hachen
531 4964 586 5014 und
610 4967 640 5015 12
658 4963 714 5016 Juli
736 4977 785 5016 ans
802 4963 913 5016 Lttback
931 4979 966 5016 an
981 4961 1145 5026 Perdiccam
1173 4961 1240 5014 doru
1258 4959 1306 5014 des
1331 4962 1440 5014 latatsm
1456 4961 1574 5012 Antsrort
1594 4965 1649 5006 vom

404 5053 435 5102 18
461 5049 527 5116 Mai)
552 5049 667 5104 handsln
693 5052 770 5102 meist
796 5067 849 5104 ron
875 5049 921 5104 des
949 5049 1061 5104 Nuntius
1086 5049 1294 5116 Reiscbeglsitsr
1320 5045 1382 5102 dem'
1405 5047 1432 5100 k.
1457 5045 1526 5098 Rath
1554 5042 1582 5100 (l.
1601 5055 1648 5092 von

404 5135 550 5191 Scbbnsirb
568 5137 621 5190 und
639 5139 783 5190 vorsciscn
801 5139 835 5190 im
854 5138 963 5208 ttbrigon
977 5137 1025 5190 nul
1034 5136 1077 5188 die
1090 5135 1211 5190 Bariobtc
1223 5150 1256 5190 ιιι
1268 5135 1366 5192 Hosius
1378 5133 1499 5209 (Miscell.
1513 5135 1537 5202 o,
1551 5133 1596 5188 tat
1606 5129 1648 5200 fi).
