3450 5818
189 617 349 686 Proximis
372 621 487 688 diebus
510 623 708 712 disputatum
733 624 797 690 tuit
822 622 905 690 inter
927 624 998 688 ΒΜ·
1021 622 1063 688 D.
1086 623 1209 711 legatos
1231 644 1290 689 nos
1313 632 1410 710 atque

102 721 250 810 Hispanos
281 725 451 812 episcopos
484 724 525 792 de
546 725 674 794 dnobus
695 727 840 811 vocibus,
866 726 1060 796 residentiae
1082 727 1206 792 scilicet
1228 734 1260 791 et
1281 723 1410 792 concilii

100 826 346 894 oonb'nuatione.
363 875 396 894 ..
417 837 520 896 totum
548 840 656 898 autem
687 831 936 898 continuationis
968 831 1139 918 negocium
1172 828 1214 895 ab
1248 829 1409 916 episcopis

99 929 238 1016 Hispanis
268 931 302 996 in
331 929 399 996 111⁸*
421 931 463 997 D.
486 933 681 1001 marchionis
703 934 867 1002 Piscariae
889 933 1064 1000 adrerum
1086 934 1241 1000 reiectum
1262 932 1331 1016 fuit,
1356 932 1410 1019 qui
1502 935 1504 940 '

98 1031 215 1120 qnidam
236 1033 378 1123 Hispani
399 1035 602 1103 affirmarem
629 1059 664 1102 se
686 1035 806 1104 nullam
829 1038 922 1104 nobis
944 1036 1082 1126 amplius
1104 1036 1330 1123 disputationis
1353 1055 1411 1101 seu

96 1133 283 1202 difficultatis
311 1137 406 1204 ullius
434 1142 565 1208 omnino
595 1143 796 1208 occasionem
822 1141 1039 1230 praebituros,
1071 1161 1208 1230 eumque
1235 1139 1298 1206 hoc
1325 1138 1411 1205 idem

95 1239 181 1304 etiam
207 1239 252 1305 D.
275 1238 401 1327 legatos
423 1244 541 1310 sentire
561 1243 762 1328 videremus,
793 1267 904 1312 eorum
925 1245 1144 1311 admonitione
1172 1265 1245 1309 oum
1274 1244 1345 1330 ipso
1366 1240 1410 1307 D.

94 1343 270 1410 nmcbione
292 1346 358 1410 iam
377 1357 550 1433 praesente
572 1369 611 1415 ea
632 1348 672 1414 de
687 1368 722 1416 re
737 1349 830 1416 nobis
846 1369 943 1436 agere
957 1350 1061 1414 visum
1076 1346 1145 1412 fuit
1169 1347 1200 1410 in
1217 1348 1287 1432 ipso
1302 1347 1412 1431 itaque

95 1443 248 1535 colloquio
269 1448 467 1514 adduximus
488 1451 691 1520 rationes...
708 1475 791 1541 quae
806 1451 1053 1518 continuationis
1067 1450 1130 1517 hoo
1144 1459 1288 1536 tempore
1304 1446 1409 1513 decla·

95 1550 244 1616 rationem
270 1551 429 1638 impedire
456 1575 552 1641 posse
580 1556 784 1622 videbantur.
817 1555 896 1622 illud
924 1557 1135 1643 praecipuum
1165 1563 1234 1619 erat
1255 1551 1297 1616 D.
1327 1571 1411 1615 mar·

14 1735 16 1774 1
93 1650 208 1719 chionis
231 1663 265 1720 et
285 1655 505 1743 Hispanorum
529 1660 753 1748 episcoporum
775 1660 809 1724 in
829 1661 1021 1748 nostratium
1035 1667 1160 1745 partem
1177 1663 1410 1742 argumentum,

14 1789 15 1810 .
91 1765 299 1841 protestantes
321 1758 445 1826 scilicet
466 1762 651 1848 ingeniosos
674 1785 745 1829 esse
766 1760 927 1851 facileque
951 1762 1110 1827 coniicere
1128 1781 1234 1846 posse,
1257 1779 1315 1824 nos
1330 1754 1410 1821 nihil

91 1856 170 1924 *liud
191 1883 293 1947 agore
315 1884 413 1950 quam
436 1863 607 1931 eondtm
623 1868 819 1950 continuare,
843 1868 869 1930 si
887 1863 1106 1952 superioribus
1121 1865 1214 1928 annis
1229 1861 1411 1927 intermissa

91 1961 274 2050 dogmatum
295 1969 444 2034 tractatio
465 1989 553 2033 nuno
574 1979 794 2036 reassumatur
816 1980 849 2035 et
869 1991 929 2058 per
949 1978 1058 2056 patres
1081 1968 1115 2033 in
1145 1965 1282 2033 concilio
1305 1963 1411 2029 disou

89 2064 196 2150 tiatnr,
225 2067 338 2155 itaque
364 2091 430 2136 non
456 2091 589 2156 nocere,
619 2073 650 2138 si
676 2072 893 2140 disertissimis
914 2072 1021 2138 verbis
1044 2070 1172 2138 concilii
1193 2069 1288 2134 buius
1311 2067 1411 2134 conti-

88 2171 192 2237 nuatio
216 2173 320 2258 primo
344 2195 474 2263 quoque
496 2185 642 2264 tempore
664 2176 856 2243 declaretur.
879 2176 922 2243 ad
945 2199 1042 2265 qnam
1065 2174 1196 2263 quidem
1212 2173 1311 2259 ipsius
1327 2191 1408 2236 mar

89 2270 207 2340 ebionis
231 2273 446 2342 obiectionem
468 2279 545 2344 satis
567 2278 712 2346 modeste
741 2279 972 2368 respondentes
1001 2278 1215 2360 ostendimus,
1246 2276 1410 2340 continua-

87 2375 202 2444 tionem
225 2379 340 2467 ipsam,
363 2382 522 2469 siquidem
546 2405 618 2448 eam
640 2380 774 2450 ulterius
796 2383 892 2449 nullis
915 2382 1096 2450 rationibus
1118 2380 1275 2469 impedire
1297 2397 1409 2466 possu-

86 2501 162 2565 mus,
185 2503 225 2547 re
246 2482 376 2571 quidem
398 2485 471 2572 ipsa
491 2485 561 2550 fieri
582 2505 679 2573 posse
702 2495 735 2552 et
756 2489 801 2552 ita
822 2497 858 2553 nt
880 2489 983 2553 omnis
1006 2485 1146 2574 suspicio
1162 2482 1411 2550 continuationis

5 2641 7 2684 ,
87 2584 238 2670 evitetur,
265 2589 453 2673 praesertim
477 2609 550 2654 cum
574 2589 618 2655 ob
638 2591 766 2656 noviter
785 2599 879 2656 natm
902 2591 1090 2656 occasiones
1112 2609 1155 2656 ex
1177 2586 1320 2653 adventu
1342 2605 1411 2651 ora·

87 2690 159 2754 toris
182 2687 254 2754 Ill-¹
278 2689 370 2756 ducis
392 2691 558 2758 Bavariae
575 2692 673 2758 iidem
695 2693 741 2758 illi
764 2693 891 2759 articuli
913 2693 1046 2759 necari
1074 2699 1227 2780 poterunt
1249 2691 1304 2777 qui
1326 2699 1411 2755 trae

86 2799 229 2859 tarentm
250 2815 290 2858 ac
312 2794 340 2858 si
361 2796 433 2882 ipsa
455 2797 652 2864 continuatio
673 2797 774 2863 lieret.
798 2796 938 2864 diximus
954 2797 1050 2862 etiam
1065 2817 1124 2861 nos
1139 2816 1205 2860 non
1219 2813 1316 2883 posse
1332 2793 1410 2860 satis

88 2895 211 2978 mirari,
242 2919 301 2962 onr
322 2896 363 2963 de
384 2921 465 2964 voce
488 2900 557 2986 ipse
579 2909 747 2989 tantopere
769 2901 885 2967 soliciti
908 2921 979 2965 esse
1001 2899 1157 2984 debeant,
1187 2921 1260 2965 oum
1282 2917 1317 2962 re
1339 2898 1411 2984 ipsa

88 2997 248 3066 desiderio
272 3009 305 3066 et
326 3002 472 3090 petitioni
492 3001 594 3069 caphe
614 3006 700 3090 regis
722 3003 785 3070 hao
806 3005 931 3071 ratione
954 3003 1131 3094 satisfieret.
1155 3004 1194 3068 iis
1215 3009 1323 3066 umen
1344 3020 1410 3065 om-

85 3101 177 3168 nibus
199 3123 266 3170 non
290 3103 491 3171 obstantibus
513 3128 619 3194 neque
641 3109 739 3174 etiam
755 3107 798 3172 D.
810 3107 992 3194 legatorum
1013 3107 1182 3173 nobiscum
1205 3103 1410 3170 sentientium

85 3207 192 3272 verbis
220 3216 254 3273 et
278 3208 458 3276 rationibus
486 3209 609 3298 aliquid
635 3203 891 3298 proficientibus,
925 3219 1111 3276 constanter
1137 3219 1245 3275 orator
1275 3209 1344 3297 ipse
1367 3229 1409 3272 ex

87 3309 220 3376 consilio
243 3311 464 3400 Hispanorum
486 3315 711 3401 episcoporum
733 3311 793 3380 soli
815 3312 968 3378 mandato
984 3314 1035 3378 aui
1048 3314 1135 3400 regis
1151 3314 1289 3378 innitens
1304 3312 1338 3375 in
1353 3331 1411 3374 sua

86 3415 244 3480 sententia
272 3417 412 3501 perstitit
441 3426 473 3482 et
495 3415 746 3483 continuationis
766 3418 961 3482 mentionem
983 3437 1047 3482 non
1071 3413 1269 3503 simplicibus
1291 3411 1409 3497 verbis,
1519 3497 1524 3506 ,

87 3515 143 3582 sed
166 3540 321 3606 expresse
343 3519 411 3584 fieri
439 3519 543 3585 voluit
570 3541 642 3586 cum
671 3521 861 3608 repetitione
895 3528 927 3586 et
960 3519 1237 3586 commendatione
1270 3519 1411 3584 omnium

86 3641 197 3687 eornm
228 3644 311 3710 quae
340 3644 361 3686 a
381 3621 482 3688 Paulo
505 3623 557 3688 111
587 3623 630 3690 ad
657 3619 744 3690 hunc
771 3645 874 3712 usque
901 3623 986 3690 diem
1009 3626 1040 3688 in
1065 3621 1199 3690 concilio
1221 3621 1411 3688 Tridentino

86 3733 160 3790 acta
182 3733 266 3790 sunt

189 3827 284 3910 Quae
314 3831 561 3896 continuationis
590 3833 711 3896 mentio
741 3840 808 3896 tem
837 3829 988 3896 solemnis
1017 3829 1112 3896 nobis
1140 3828 1312 3896 videbatur
1338 3851 1411 3918 pro·

85 3932 212 4019 gressm
233 3931 329 3998 huius
350 3931 384 3999 S.
407 3933 535 4000 concilii
557 3933 644 4024 apud
665 3943 881 4022 protestantes
903 3954 969 4000 non
983 3955 1098 4020 parum
1112 3934 1269 4018 nocitura,
1293 3933 1412 4021 quibus

86 4037 334 4103 continuationis
356 4035 516 4104 vocabulo
539 4035 618 4103 nihil
641 4037 782 4105 odiosius
805 4047 868 4118 est,
892 4059 956 4126 quo
980 4036 1109 4126 quidem
1131 4038 1154 4102 ii
1176 4038 1271 4102 etiam
1293 4036 1411 4124 quibus

86 4139 129 4206 ad
150 4139 322 4206 concilium
344 4141 495 4208 veniendi
518 4143 644 4208 animus
667 4150 716 4208 est
744 4141 917 4208 absterreri
944 4148 1091 4230 possent,
1120 4142 1310 4228 praesertim
1338 4163 1411 4207 cum

85 4243 174 4309 nulla
196 4244 444 4310 continuationis
466 4246 499 4309 in
521 4243 612 4312 salvo
636 4245 798 4312 conductu
820 4246 899 4333 ipsis
930 4245 1006 4311 dato
1033 4244 1152 4310 mentio
1176 4243 1350 4328 habeatur,
1380 4252 1413 4308 et

88 4348 149 4433 ipsi
172 4370 215 4414 ex
238 4369 278 4413 ea
299 4345 431 4434 publica
452 4347 516 4414 fide
539 4367 628 4436 spem
651 4348 716 4414 lmo
743 4348 893 4415 veniendi
921 4347 1029 4414 multis
1056 4347 1199 4414 fecerint
1229 4347 1412 4414 cumomni

90 4472 154 4537 qua
181 4451 345 4538 potuimus
372 4451 532 4518 modestia
557 4461 623 4517 tam
654 4451 741 4540 apud
768 4451 841 4517 itm·
863 4451 905 4517 D.
933 4451 1058 4538 lagatos
1081 4473 1179 4540 quam
1201 4452 1290 4540 apud
1311 4447 1412 4518 cant

88 4559 172 4643 regia
195 4566 355 4622 oratorem
378 4555 412 4622 id
434 4558 558 4643 egimus
581 4565 618 4622 ut
638 4557 698 4621 M*
720 4555 762 4622 V.
786 4555 819 4622 S.
842 4579 882 4622 ea
903 4558 985 4622 ratio
1008 4555 1192 4640 haberetur,
1215 4579 1256 4622 ne
1278 4556 1412 4622 contusa

93 4659 330 4748 quodammodo
344 4658 377 4726 S.
395 4661 522 4726 concilii
539 4659 687 4728 libertale
709 4682 762 4726 res
783 4660 940 4730 eiusmodi
962 4683 983 4725 a
1003 4659 1081 4726 solia
1096 4653 1252 4748 Hispanis
1272 4661 1418 4748 peridem¹

44 4805 48 4816 ·
91 4764 265 4832 videretur.
301 4764 377 4830 dum
404 4765 514 4853 itaque
543 4765 750 4831 &satiantes
776 4767 944 4853 utriusque
971 4761 1071 4852 partis
1093 4768 1232 4832 rabones
1255 4765 1418 4830 adductas·

94 4866 133 4934 D.
156 4867 257 4956 legati
280 4869 358 4934 satis
381 4870 537 4955 ancipites
559 4868 742 4953 haererent,
765 4869 871 4934 viarm
893 4879 946 4934 est
964 4864 1027 4934 illis
1047 4879 1121 4957 post
1141 4866 1272 4957 longam
1294 4869 1412 4936 delibe-

93 4975 247 5040 rationem
270 4971 515 5040 rationabilibus
538 4973 579 5038 de
601 4977 729 5059 ausis,
747 4993 812 5041 non
834 4977 929 5064 qumi
951 4995 992 5044 ex
1014 4975 1108 5042 nobis
1129 4974 1181 5042 vel
1203 4977 1288 5062 regis
1310 4975 1412 5044 eatht
