3512 5838
341 657 514 746 quominus
545 654 730 742 principum
763 649 957 720 secularium
983 650 1169 718 reformatio
1190 649 1300 734 fieret,
1327 672 1350 722 a
1378 648 1495 738 quibus
1524 649 1659 718 omnium

341 759 551 826 ecclesiarum
584 759 769 823 immunitas
798 766 831 823 et
856 757 930 844 ipsa
959 777 1088 845 quoque
1115 753 1293 822 residentia
1321 753 1547 841 impediretur,
1579 777 1660 822 nunc

339 871 448 929 tamen
471 885 536 928 non
559 861 663 928 selum
685 859 834 950 querelae
859 861 916 927 sed
938 859 1086 948 publicas
1109 880 1238 948 quoque
1253 859 1503 946 protestationes
1516 858 1659 946 trequen-
1738 861 1739 870 ’

339 977 390 1034 ter
411 968 524 1033 audire
546 968 700 1054 cogimur.
725 976 757 1031 et
779 967 927 1054 quamvis
945 987 1040 1030 nemo
1055 965 1239 1053 principum
1252 962 1441 1029 nominatim
1458 963 1659 1049 exprimatur,
1738 985 1739 1050 ,

340 1079 448 1137 tamen
471 1094 544 1136 cum
571 1069 684 1136 harum
715 1093 823 1136 rerum
849 1069 971 1136 mentio
993 1067 1043 1154 fit,
1078 1069 1220 1134 omnium
1248 1065 1359 1133 oculos
1381 1066 1415 1132 in
1436 1088 1496 1133 nos
1521 1068 1659 1132 conserti
1738 1055 1739 1058 ¹

339 1174 507 1258 videmus,
537 1197 600 1261 quo
622 1174 660 1238 iit
679 1183 717 1239 nt
737 1173 891 1260 privatim
921 1183 954 1240 et
975 1171 1107 1259 publice
1128 1173 1224 1238 etiam
1252 1169 1415 1238 interdum
1436 1192 1593 1255 cogamur
1611 1191 1661 1256 pa·

226 1260 234 1282 ‘
340 1277 443 1342 tribus
466 1277 649 1364 significare
672 1286 705 1343 et
727 1277 864 1342 suadere
886 1278 996 1360 edam,
1030 1275 1082 1341 Mo
1095 1274 1136 1340 V.
1168 1274 1201 1340 S.
1229 1274 1375 1360 inprimis
1404 1295 1503 1338 curae
1534 1293 1605 1338 esse
1632 1282 1661 1338 et

340 1403 471 1468 semper
491 1381 590 1447 fuisse
621 1390 657 1446 ut
683 1377 874 1445 universalis
905 1389 1003 1467 atque
1026 1378 1069 1443 ad
1091 1399 1202 1442 omnes
1229 1377 1394 1464 pertinens
1422 1376 1609 1442 reformatio
1635 1387 1663 1442 et

341 1485 470 1572 quidem
494 1487 578 1550 seria
599 1485 792 1569 instituatur,
816 1483 901 1549 unde
923 1481 1019 1548 facile
1043 1480 1151 1566 colligi
1173 1482 1276 1568 possit
1298 1477 1374 1544 ΜΨ·
1391 1477 1432 1545 V.
1449 1477 1481 1546 S.
1498 1503 1659 1568 nunquam

339 1588 393 1654 vel
415 1589 576 1674 cogitasse
599 1589 722 1672 saltem,
746 1598 781 1654 ut
802 1589 986 1675 principum
1008 1585 1202 1653 secularium
1224 1587 1258 1650 in
1280 1583 1504 1652 ecclesiastica
1517 1583 1661 1650 libertate

339 1690 502 1758 turbanda
523 1692 654 1757 licentia
675 1691 766 1756 salva
787 1701 945 1774 maneret,
978 1713 1051 1758 cum
1079 1693 1152 1777 ipsa
1180 1713 1223 1756 ex
1250 1711 1383 1754 munere
1414 1711 1473 1756 suo
1502 1686 1658 1774 imperiali
1738 1755 1739 1762 χ

342 1799 484 1861 omnium
507 1795 713 1862 ecelesiarum
736 1795 888 1860 defensor
909 1796 1036 1859 existet.
1066 1793 1116 1858 his
1138 1802 1248 1858 tamen
1270 1790 1419 1858 omnibus
1445 1813 1513 1858 non
1536 1791 1661 1857 obstan·
1738 1775 1739 1860 i

343 1899 439 1981 tibus,
464 1917 537 1964 eum
563 1899 600 1962 ll
623 1899 718 1963 huius
740 1899 860 1963 mensis
883 1897 936 1962 die
959 1897 1001 1962 sd
1022 1898 1205 1983 propositos
1228 1894 1381 1960 articulos
1396 1896 1430 1958 in
1444 1893 1580 1981 publica
1595 1916 1662 1960 con·

340 2004 529 2090 gregatione
552 2013 660 2088 patres
683 2003 857 2068 sententias
882 1999 997 2066 dicturi
1020 2008 1142 2084 essent,
1171 1995 1244 2064 R...-
1266 1997 1308 2064 D.
1336 1997 1491 2064 Mcronus
1521 2020 1596 2063 cum
1623 1998 1661 2062 D.
1738 2009 1739 2040 ³

340 2105 473 2190 collegis
496 2107 572 2187 suis,
596 2105 857 2171 animadvertens
880 2127 1016 2192 magnos
1037 2104 1162 2171 futuros
1185 2125 1257 2170 esse
1279 2102 1436 2169 clamores
1459 2111 1492 2167 et
1513 2100 1660 2166 tumultus

338 2219 471 2298 propter
498 2231 564 2274 non
595 2209 797 2294 propositum
827 2207 907 2273 illud
938 2218 1038 2295 eaput
1065 2208 1105 2272 de
1134 2207 1318 2294 principum
1345 2205 1576 2272 reformatione
1604 2227 1660 2292 quo
1738 2233 1739 2306 ,

338 2315 446 2379 omnia
467 2311 697 2398 impedimenta
718 2311 913 2390 residentiae
934 2310 1003 2376 tolli
1024 2311 1229 2393 videbantur,
1251 2311 1315 2375 imo
1337 2331 1415 2374 vero
1430 2329 1507 2373 cum
1522 2307 1659 2373 animad-

336 2426 499 2482 verterent
522 2437 576 2482 eos
599 2439 664 2480 non
688 2415 831 2482 dicturos
854 2417 1044 2499 sententias,
1074 2417 1264 2502 priusquam
1295 2416 1373 2480 certi
1403 2421 1514 2478 essent
1542 2413 1611 2478 fore
1630 2421 1660 2476 ut

337 2517 417 2586 illud
440 2530 538 2606 eaput
559 2521 718 2606 integrum
739 2529 940 2608 proponatur
955 2543 994 2585 ac
1010 2518 1051 2584 de
1067 2543 1104 2585 eo
1121 2519 1153 2584 in
1170 2517 1305 2584 concilio
1321 2517 1523 2600 decernatur,
1549 2517 1660 2603 apertis

338 2621 446 2689 verbis
468 2634 565 2711 atque
587 2623 652 2689 fide
674 2625 863 2710 interposita
885 2623 1072 2710 promittere
1096 2622 1200 2688 coacti
1222 2631 1298 2686 sunt
1320 2619 1406 2707 quod
1428 2619 1514 2686 infra
1535 2617 1659 2686 biduum
1738 2629 1739 2700 l

338 2726 391 2792 vel
414 2727 456 2791 ed
477 2749 638 2792 summum
661 2726 803 2791 triduum
825 2726 904 2791 illud
927 2748 1056 2814 quoque
1078 2735 1177 2811 eaput
1198 2747 1271 2791 cum
1286 2723 1358 2788 aliis
1374 2722 1519 2789 articulis
1536 2723 1580 2788 ad
1594 2747 1658 2790 ean·
1738 2715 1739 2738 ³

339 2829 413 2896 dem
426 2829 695 2895 'reformationem
716 2829 952 2917 pertinentibus
980 2829 1023 2893 ad
1050 2829 1288 2894 discutiendnm
1319 2829 1519 2914 proposituri
1550 2837 1657 2908 essent,

337 2935 384 2998 ita
405 2943 513 2998 umen
535 2941 571 2998 ut
592 2955 655 2998 non
679 2933 713 2997 in
733 2931 797 2998 hac
821 2955 903 3021 quae
918 2932 1071 2998 habenda
1087 2932 1279 3019 sperebatur
1294 2932 1446 3012 sessione,
1470 2929 1528 2996 sed
1545 2933 1579 2994 in
1594 2954 1657 3018 pro-

337 3038 427 3104 xime
450 3037 659 3124 subsequenti
682 3059 720 3101 ea
743 3035 784 3100 de
806 3059 841 3101 re
865 3036 1101 3102 decerneretur.
1124 3057 1229 3122 neque
1252 3045 1360 3099 tamen
1376 3033 1438 3098 bac
1452 3035 1658 3119 promissione

339 3141 479 3208 contenti
502 3139 726 3226 patriarchae,
756 3141 813 3226 qui
842 3149 917 3226 post
949 3138 1128 3206 cardinales
1156 3137 1252 3224 primi
1285 3136 1393 3202 dicere
1415 3148 1657 3222 consueverunt,

338 3246 513 3310 sententias
536 3263 612 3309 suas
635 3246 705 3308 sine
727 3242 851 3307 solenni
873 3243 1106 3330 protestatione
1128 3241 1236 3306 dicere
1257 3239 1429 3306 voluemmt
1458 3263 1581 3330 easque
1605 3263 1657 3329 pro

337 3370 402 3413 non
438 3347 532 3413 dictis
554 3347 683 3432 haberi,
718 3349 745 3411 si
780 3357 878 3434 caput
901 3347 942 3412 de
963 3345 1164 3434 principibus
1191 3345 1276 3410 intra
1302 3338 1497 3432 promissum
1518 3367 1538 3410 a
1559 3345 1600 3410 D.
1622 3345 1658 3410 le

336 3453 421 3538 gatis
447 3453 600 3538 temporis
624 3452 764 3538 spatium
786 3474 851 3516 non
874 3449 1090 3532 exhiberetur,
1113 3448 1370 3536 postulaverunt.
1395 3449 1497 3513 secuti
1513 3459 1589 3514 sunt
1602 3449 1655 3516 hos

338 3555 405 3620 fere
428 3577 539 3620 omnes
561 3553 797 3643 archiepiscopi
821 3554 875 3641 qui
905 3553 1062 3618 hactenus
1077 3555 1253 3618 sententias
1280 3550 1440 3617 dixerunt.
1463 3560 1563 3640 atque
1593 3575 1659 3618 cnm

337 3660 403 3723 iam
424 3656 606 3723 videremus
628 3680 687 3723 nos
709 3656 894 3723 huiusmodi
917 3655 1231 3743 expostulationibus
1259 3664 1291 3720 et
1320 3653 1514 3719 clamoribus
1544 3658 1656 3721 nonin

340 3784 458 3848 parvas
480 3762 646 3848 angustias
670 3762 833 3826 coniectos
857 3782 938 3844 esse,
976 3769 1132 3847 oportune
1167 3758 1287 3824 accidit
1314 3769 1349 3823 ut
1370 3769 1499 3847 praeter
1522 3761 1656 3825 omnium
1738 3749 1739 3752 ¹

337 3865 598 3952 expectationem
620 3873 729 3952 patres
745 3864 779 3928 in
795 3863 940 3929 dicendis
962 3865 1128 3929 sententiis
1145 3885 1242 3950 super
1256 3862 1296 3927 21
1314 3861 1458 3927 articulis
1473 3862 1656 3950 prolixiores

340 3978 448 4034 essent
476 3991 515 4033 ac
545 3967 585 4033 de
613 3969 824 4033 matrimoniis
855 3968 1065 4034 clandestinis
1092 3966 1187 4033 valde
1216 3965 1417 4031 dissiderent.
1454 3965 1593 4055 ideoque
1621 3963 1656 4029 ad

338 4072 573 4158 praescriptum
595 4073 776 4149 terminum,
799 4071 861 4136 hoc
883 4081 932 4136 est
953 4070 1107 4158 perendie
1131 4071 1233 4135 sessio
1255 4069 1369 4135 haberi
1391 4071 1448 4134 vix
1469 4072 1589 4155 poterit
1609 4065 1653 4133 vel

337 4185 423 4241 certe
446 4175 575 4240 omnino
598 4197 663 4240 non
684 4176 810 4261 poterit.
835 4173 1044 4262 cogitandum
1066 4175 1176 4262 itaque
1199 4176 1260 4239 erit
1281 4173 1322 4242 de
1344 4173 1406 4239 hac
1429 4177 1574 4240 sessione
1589 4193 1651 4260 pro·

336 4279 491 4366 roganda,
514 4281 597 4345 intra
619 4301 715 4366 quem
737 4281 907 4344 terminum
930 4289 962 4344 et
983 4302 1004 4343 a
1024 4279 1081 4344 Μ’·
1098 4277 1139 4343 V.
1155 4277 1188 4344 S.
1211 4301 1401 4367 responsum
1422 4301 1482 4344 nos
1497 4277 1653 4344 habituros

337 4393 370 4448 et
391 4383 520 4468 negotia
542 4380 656 4450 ntelius
679 4381 781 4467 digeri
802 4402 898 4468 posse
922 4401 1099 4469 speramus.
1121 4403 1187 4446 non
1211 4379 1327 4447 desunt
1346 4381 1493 4470 plerique
1520 4387 1577 4469 qui
1598 4401 1652 4444 ses·

339 4488 460 4551 sionem
485 4485 584 4567 hanc,
608 4487 790 4550 intermissa
806 4487 1048 4570 reformatione,
1076 4485 1152 4551 solis
1174 4485 1224 4551 his
1247 4484 1419 4573 publicatis
1442 4507 1526 4572 quae
1549 4484 1592 4550 ad
1611 4505 1652 4546 sa·

338 4599 535 4654 crumentum
557 4589 751 4654 matrimonii
773 4591 934 4674 pertinent
957 4600 989 4655 et
1010 4591 1076 4653 iam
1091 4587 1256 4675 disputata
1279 4599 1362 4666 sunt,
1386 4588 1568 4654 habendam
1589 4608 1651 4652 ceu·

338 4701 417 4758 sent.
445 4715 558 4756 verum
587 4713 628 4756 ne
656 4691 719 4758 hoc
740 4701 870 4778 praeter
897 4692 1092 4760 desiderium
1115 4702 1147 4757 et
1168 4693 1355 4779 petitionem
1377 4701 1518 4756 nostram
1541 4694 1574 4756 in
1594 4711 1650 4754 ma·

336 4797 459 4860 ximum
481 4795 717 4860 reformationis
750 4795 984 4884 praeiudicium
1014 4795 1143 4860 aecidat
1178 4797 1347 4882 omniaque
1377 4803 1577 4860 sacramenta
1602 4814 1649 4856 ne·

336 4899 442 4983 glecta
463 4898 688 4964 reformatione
710 4899 927 4982 absolvuntur,
952 4902 1129 4966 coniunctis
1155 4899 1294 4966 consiliis
1318 4922 1391 4964 cum
1412 4898 1462 4964 lit
1484 4899 1596 4971 comite
1616 4891 1649 4956 dt

336 5002 444 5084 Luna,
476 4999 581 5066 Gallis
608 5012 641 5066 et
667 5002 828 5068 nonnullis
857 5003 928 5068 aliis
960 5005 1142 5090 principum
1175 5001 1356 5068 oratoribus
1385 5001 1649 5089 diligentissimam
