3468 5820
311 519 380 598 sili

334 763 337 770 ,
386 711 399 760 1
418 709 473 762 Mai
491 709 561 765 ihrer
576 699 705 780 dumtge
724 710 892 780 entlsdigten,
909 727 939 764 so
957 712 1083 767 wionius
1101 715 1193 766 swsits
1216 713 1317 775 welpho
1335 715 1381 768 die
1392 715 1474 768 ihnen
1492 729 1534 768 sm
1551 718 1568 766 9
1586 717 1639 768 Mat

383 797 504 847 ertheilte
522 798 640 848 Antwort
658 797 769 863 anuuit)
787 797 842 848 und
860 801 907 848 mit
925 799 972 849 der
988 816 1041 850 von
1058 801 1154 870 Birugo
1172 801 1243 872 naon
1260 802 1352 852 Trient
1373 802 1428 852 und
1453 817 1487 852 an
1511 802 1561 853 den
1584 803 1640 854 kai-

382 881 513 934 serliehen
530 883 588 935 Hoi
604 885 653 948 (Le
670 883 731 934 Plut
748 885 773 946 6,
792 888 808 936 9
826 899 914 950 sequ.;
933 883 1010 951 Sarpi
1027 885 1096 952 696).
1113 885 1188 936 Naeh
1208 887 1280 938 einer
1296 901 1349 937 von
1366 885 1435 938 dieo
1454 889 1640 955 eingesandten

381 967 495 1035 Zeitung
503 970 604 1036 goristh
611 970 675 1020 Pius
685 971 727 1022 bei
738 967 796 1022 dem
804 971 1023 1038 erstenilmplang
1031 971 1079 1024 der
1087 972 1284 1024 flammineum
1292 971 1480 1041 Abgssandten
1488 976 1515 1025 in
1525 975 1640 1038 usstigun
1731 1021 1732 1048 p

380 1055 462 1118 torn,
487 1057 551 1122 ging
567 1057 633 1108 aber
650 1056 715 1108 bald
732 1057 830 1108 wieder
846 1073 881 1110 su
900 1059 1083 1112 nsuodltohen
1100 1058 1369 1112 Sohmeiohelworten
1385 1062 1459 1115 uber.
1488 1062 1544 1112 Der
1561 1061 1641 1128 Papst

382 1140 507 1208 beklagte
525 1142 583 1194 sioh
600 1140 701 1194 damnis
719 1143 788 1194 auoh
806 1143 960 1197 wiedsrholt
977 1146 1043 1196 ltber
1061 1145 1112 1196 den
1126 1145 1403 1213 G.vonLoth1iugeri‚
1420 1147 1571 1200 namenlieh
1583 1149 1641 1198 weil
1731 1175 1732 1198 ι

382 1243 411 1280 er
428 1225 476 1277 auf
492 1227 534 1278 die
552 1227 658 1281 Reform
677 1230 722 1288 des
741 1229 875 1282 Conclave
894 1231 1323 1300 drings(Prosper0sm19Mat;
1342 1233 1410 1287 dean
1421 1233 1522 1286 Beluae
1534 1237 1558 1294 3,
1572 1235 1642 1298 453).

380 1313 415 1365 Je
435 1319 594 1382 gespannter
611 1333 641 1366 so
662 1313 709 1366 das
727 1311 890 1368 Verhllltniss
909 1318 1040 1369 swisolien
1058 1317 1103 1369 des
1124 1315 1202 1370 Curio
1213 1319 1268 1370 und
1280 1319 1443 1371 Frankreioli
1455 1317 1556 1384 echion,
1570 1319 1642 1371 desto
1731 1343 1732 1369 ι

382 1403 473 1453 besses
491 1402 631 1469 gestultete
650 1403 707 1454 sloh
720 1403 789 1470 jetst
807 1403 855 1455 des
872 1403 1004 1456 metschen
1022 1405 1085 1456 Pius
1101 1405 1157 1456 und
1175 1403 1260 1458 Avila
1279 1407 1350 1458 Areo
1363 1405 1417 1457 und
1429 1405 1537 1458 cusano
1548 1408 1643 1458 visson
1731 1385 1732 1444 l

381 1487 470 1539 dauon
485 1490 514 1540 in
528 1489 619 1555 jedsm
636 1490 725 1542 Briele
742 1507 775 1542 m
794 1489 916 1542 moulon
930 1492 987 1542 nnd
1005 1491 1086 1544 sehon
1109 1493 1282 1546 insbesendrs
1305 1490 1401 1546 sorani
1425 1493 1486 1544 dus
1509 1493 1558 1544 der
1580 1494 1643 1546 Von

379 1576 537 1641 rangsatteit
551 1591 585 1626 an
603 1576 722 1630 Gunsteu
740 1576 869 1644 Spaniens
886 1579 1058 1650 sntseliedep
1074 1578 1179 1632 werden
1196 1579 1270 1632 wird.
1299 1606 1332 1618 -··
1349 1579 1440 1632 Usbsr
1455 1579 1500 1632 die
1518 1579 1645 1647 Seudnng

380 1677 434 1711 von
452 1661 570 1712 concino
590 1662 724 1714 euthalten
742 1664 785 1714 die
802 1664 961 1730 Depesehen
980 1665 1066 1716 dieser
1083 1666 1141 1717 Zeit
1158 1666 1258 1718 allerlei
1276 1665 1500 1732 Vermuthnngsu,
1524 1672 1643 1720 nameus·

383 1747 437 1798 lioh
456 1748 498 1798 die
517 1747 578 1798 dass
597 1749 644 1802 der
661 1747 766 1816 Herzog
784 1751 856 1804 einer
873 1748 1029 1810 ftrmliohen
1046 1751 1150 1807 Alliann
1167 1753 1298 1803 zwisehen
1315 1752 1378 1803 Pius
1396 1753 1451 1806 und
1462 1751 1570 1820 Philipp
1591 1759 1643 1804 ent·

311 1828 315 1844 “
381 1835 600 1900 gegenzuwirksn
618 1833 708 1899 suone,
726 1837 781 1886 und
800 1837 843 1888 die
861 1837 922 1888 dass
945 1832 1014 1888 such
1039 1853 1067 1888 er
1092 1837 1134 1888 die
1151 1839 1325 1904 Bestls'tlgung
1347 1834 1524 1912 Maximilians
1548 1839 1643 1890 hinter-

381 1921 483 1970 treibeu
501 1904 571 1972 oderv
583 1924 741 1988 wenigstens
759 1939 792 1973 nn
811 1921 1003 1990 Bodingungen
1021 1923 1150 1990 geknttpst
1168 1923 1247 1975 sehon
1265 1925 1350 1976 wolle.
1374 1925 1435 1977 Wio
1452 1925 1586 1992 Prospero
1604 1941 1644 1976 am

379 2005 478 2058 Huni
496 2007 634 2074 beriohtet,
653 2009 750 2075 glssbo
768 2009 821 2062 alls
840 2011 911 2064 Welt
928 2013 957 2064 in
973 2009 1120 2064 Roni'dem
1137 2011 1209 2064 anuh,
1221 2011 1288 2077 jetst
1310 2012 1412 2066 wieder
1433 2014 1496 2065 Pina
1521 2015 1550 2066 in
1576 2009 1644 2064 allen

378 2093 623 2164 sngstsgsnhousn
640 2112 693 2150 von
712 2096 772 2150 dem
790 2097 914 2170 Hmogs
931 2098 1087 2152 buimont
1102 2097 1198 2150 werde.

889 2481 1050 2572 OCLV.

618 2707 697 2784 Dsr
725 2708 856 2782 Kaisar
882 2729 929 2784 on
953 2705 1368 2793 distimulet-otonem

656 2840 660 2851 '
705 2848 707 2856 '
747 2861 1095 2929 simulamentis
1119 2861 1212 2916 ssos.
1443 2840 1446 2847 ’

837 3026 976 3083 Romam
1001 3025 1123 3100 concept.

419 3207 580 3274 Redditus
602 3207 695 3274 nobis
718 3207 847 3272 fuerunt
868 3205 986 3286 ‚literae
1007 3214 1135 3275 vestrae
1163 3203 1215 3270 dis
1243 3205 1283 3270 21
1315 3205 1495 3292 praesentis
1526 3207 1642 3275 mensis

316 3307 487 3377 datae...
512 3312 598 3404 quod
621 3322 729 3389 autem
752 3311 891 3382 scribitis
913 3311 973 3378 Βιιιο
994 3309 1030 3379 O.
1053 3308 1254 3395 Lotharingo
1277 3307 1391 3394 videri,
1414 3332 1474 3375 nos
1497 3333 1573 3376 oum
1587 3309 1643 3374 ΒΜ

316 3413 352 3481 Ο.
375 3413 510 3484 Morono
534 3419 567 3482 in
591 3415 785 3506 quibusdam
808 3413 950 3482 articulis
973 3415 1068 3480 nimis
1092 3409 1207 3478 leniter
1229 3421 1261 3482 et
1281 3409 1377 3478 facile
1390 3413 1507 3499 egisse,
1532 3414 1640 3482 existi·

316 3542 441 3586 memus
465 3521 553 3610 quod
574 3521 633 3606 ιΡ““
655 3520 724 3586 eius
745 3519 807 3586 ΒΜ
830 3517 923 3584 aliter
946 3527 1031 3600 esset
1052 3515 1244 3598 iudicatura,
1274 3517 1301 3580 si
1329 3515 1508 3582 audivisset
1535 3539 1641 3582 eoram

316 3643 427 3690 omnes
450 3623 707 3690 illossermones
731 3645 812 3710 quos
836 3644 908 3688 oum
932 3621 1017 3688 dioto
1040 3621 1101 3684 R¹¹¹⁰
1126 3620 1162 3686 Ο.
1178 3617 1315 3686 Morono
1335 3617 1518 3688 habuimus.
1546 3643 1642 3710 quare

316 3729 597 3814 operaepretium
620 3729 689 3804 erit,
713 3727 739 3791 si
763 3725 893 3814 quando
916 3724 1003 3795 idem
1024 3723 1096 3790 ΒΜ·
1119 3723 1154 3792 0.
1171 3723 1391 3812 Lotharingus
1407 3721 1446 3793 de
1461 3721 1641 3795 istiusmodi

314 3838 426 3899 nostra
449 3829 610 3898 facilitate-
626 3841 658 3898 et
680 3831 811 3898 lenitate
837 3851 949 3894 rursus
977 3827 1173 3897 montionem
1202 3827 1362 3908 iniiceret,
1392 3827 1480 3918 quod
1507 3827 1552 3892 P'¹
1579 3827 1642 3893 eius

315 3932 388 3998 ΒΜ
412 3933 598 4020 significetis
620 3958 678 4000 nos
700 3935 734 4000 in
756 3935 795 3998 iis
819 3931 988 4020 colloquiis
1012 3955 1094 4022 quae
1109 3931 1281 4000 habuimus
1305 3955 1379 3997 oum
1401 3927 1516 4001 eodem
1532 3932 1593 3997 R²¹⁰
1609 3929 1639 3996 Ο.

315 4035 469 4118 Morono,
503 4038 583 4106 nihil
610 4061 743 4125 prorsus
773 4035 1030 4104 dissimulavisse
1061 4059 1170 4102 eorum
1206 4058 1290 4124 quae
1321 4037 1355 4100 in
1386 4037 1483 4100 rebus
1519 4033 1640 4102 concilii

316 4141 573 4209 emendationem
595 4144 666 4208 visa
688 4152 763 4208 sunt
791 4141 970 4228 requirere,
998 4139 1079 4207 adeo
1109 4150 1144 4205 ut
1171 4141 1211 4204 iis
1240 4138 1280 4205 de
1308 4139 1404 4204 rebus
1433 4162 1454 4203 a
1483 4135 1637 4205 catholieo

314 4249 422 4313 aerius
445 4256 501 4314 aut
522 4247 745 4314 vehementius
767 4247 820 4333 agi
842 4269 907 4312 non
929 4245 1097 4334 potuisset.
1121 4243 1179 4310 sed
1202 4242 1291 4330 quod
1312 4241 1549 4330 disputationes
1572 4241 1637 4308 illae

315 4359 445 4416 nostras
467 4373 532 4417 non
553 4351 673 4417 fuerint
695 4351 822 4437 seriptis
846 4349 1108 4438 comprehensas,
1131 4347 1165 4412 id
1189 4348 1301 4412 morito
1322 4347 1446 4412 factum
1468 4345 1637 4412 modestiae

317 4475 416 4520 eausa
438 4464 470 4518 et
492 4456 525 4518 in
547 4455 685 4542 gratiam
709 4453 787 4520 dieti
809 4451 864 4518 Βἀι
880 4453 915 4519 0.
931 4453 1068 4538 Momm,
1090 4451 1280 4539 praeseutim
1303 4450 1477 4517 cumidem
1491 4451 1636 4516 Moronus

315 4558 349 4626 iu
371 4557 412 4622 iis
434 4556 578 4624 articulis
600 4559 633 4623 in
657 4557 775 4648 quibus
797 4555 868 4622 ΒΜ·
890 4555 933 4624 D.
956 4555 1174 4642 Lotharingus
1203 4563 1296 4644 putat
1325 4577 1384 4622 nos
1415 4555 1512 4620 nimis
1545 4549 1637 4619 indul·

305 4671 429 4750 genter
451 4661 574 4748 egisse,
602 4661 697 4728 nobis
725 4670 887 4748 postremo
915 4661 993 4726 satis
1020 4658 1189 4734 oommode
1218 4657 1430 4746 responderit
1462 4653 1636 4726 etenim'ds

314 4767 489 4831 secretario
511 4763 639 4831 oonoilii
661 4785 813 4852 magnam
837 4785 927 4852 spem
950 4764 1026 4830 feeit
1040 4773 1151 4830 nostro
1168 4761 1369 4852 aliorumque
1383 4785 1499 4848 regum
1515 4771 1547 4828 et
1559 4759 1633 4847 prin·

316 4871 424 4956 eipum
453 4868 702 4934 ohsistianorum
736 4869 897 4934 desiderio
932 4867 1131 4932 satisfactum
1158 4867 1207 4930 iri.
1241 4876 1410 4952 praeterea
1444 4867 1477 4931 in
1510 4859 1633 4931 articulo

315 4972 569 5062 proponentibus
592 4971 708 5060 legatis
732 4968 771 5038 de
795 4975 859 5061 quo
882 4967 984 5038 multa
1028 4971 1148 5036 naviter
1168 4991 1228 5058 per
1250 4993 1309 5036 nos
1332 4969 1420 5035 dieta
1434 4979 1467 5034 et
1480 4965 1633 5058 proposito

314 5079 453 5164 fuerunt,
476 5079 510 5148 iu
533 5099 608 5144 eum
629 5077 727 5152 finem
750 5077 838 5167 quod
860 5075 990 5168 omnino
1006 4995 1075 5144 loo
1098 5073 1264 5170 deonetum
1292 5071 1423 5162 publice
1452 5067 1579 5140 deberet
1601 5069 1629 5131 in
