3460 5826
1361 535 1424 602 lii

91 727 262 812 ipsummet
302 749 459 792 summum
492 725 677 814 pontificem
721 725 832 791 literas
873 727 1024 793 daremus
1060 724 1242 792 seeundum
1279 733 1423 790 tenorem

91 827 232 916 exempli
255 829 343 916 quod
366 831 396 894 ei
417 839 494 895 tunc
516 829 586 916 ipse
616 831 787 916 epiecopus
811 827 1167 920 Quinquiescclesiensis
1190 827 1305 894 offerre
1329 825 1424 892 debe-

91 929 144 1013 hit,
168 931 306 998 ulterius
328 933 359 996 ei
382 931 595 1017 significando
618 953 678 996 nos
702 953 893 1018 persuasum
923 931 1043 998 habere
1075 929 1260 996 huiusmodi
1282 938 1425 996 noemam

88 1033 319 1100 resolutionem
340 1035 381 1098 P*¹
402 1035 504 1122 ipsius
525 1034 608 1116 Rm,
632 1055 705 1100 cmn
728 1057 791 1100 nou
815 1057 918 1122 usque
941 1034 1023 1100 adeo
1046 1032 1152 1100 aliena
1174 1033 1217 1098 eit
1232 1054 1252 1097 a
1266 1033 1426 1098 sententia

87 1135 138 1199 pa
161 1159 242 1202 suae
264 1137 347 1219 ΒΜ,
370 1136 609 1202 satisfacturam
631 1159 712 1202 esso.
757 1147 790 1202 et
811 1138 874 1204 hoc
896 1137 968 1205 loco
992 1137 1137 1203 fortassis
1160 1158 1225 1201 non
1241 1134 1299 1200 aba
1313 1155 1349 1200 re
1365 1134 1426 1198 erit

87 1238 128 1302 P¹¹
150 1237 240 1304 illius
262 1239 336 1304 ΒΜ
359 1239 556 1304 confidenter
578 1249 611 1304 et
632 1251 756 1304 secreto
780 1263 909 1329 quoque
932 1240 1124 1328 significare,
1147 1259 1207 1304 nos
1222 1240 1318 1304 etiam
1334 1259 1424 1323 prae

87 1351 136 1405 ter
158 1339 234 1406 illas
266 1340 376 1406 literas
400 1364 534 1429 quarum
555 1341 597 1406 P‘¹
616 1339 700 1407 illius
727 1342 800 1407 R...
823 1343 950 1429 copiam
978 1343 1048 1408 fieri
1070 1341 1267 1424 iusserimus,
1297 1338 1426 1405 dedisse

86 1445 242 1530 privatim
264 1444 374 1510 literas
396 1444 440 1510 ad
462 1466 622 1510 summum
644 1444 893 1529 pontificem...
915 1447 962 1510 ita
983 1455 1019 1510 ut
1034 1444 1228 1532 sperandum
1244 1445 1286 1508 sit
1299 1439 1372 1507 illas
1384 1441 1426 1506 ed

86 1545 355 1634 consequendum
377 1555 522 1632 optatum
538 1544 666 1611 aoncilii
681 1548 803 1611 exitum
818 1546 991 1634 plurimum
1006 1549 1158 1612 momenti
1174 1545 1330 1612 allaturas
1346 1565 1426 1628 esse,

84 1661 258 1737 utcunque
281 1649 428 1714 fortassis
444 1647 483 1714 8²¹
505 1650 573 1714 eius
595 1648 778 1714 videbimur
799 1652 832 1715 in
854 1649 1016 1738 aliquibus
1038 1652 1166 1736 punctis
1188 1649 1333 1714 duriores
1355 1668 1427 1712 csse

85 1775 186 1838 quam
212 1751 268 1816 δ”·
294 1754 363 1817 eius
386 1761 602 1838 expectasset.
648 1751 757 1838 itaque
780 1755 1017 1841 quamprimum
1040 1775 1060 1817 a
1083 1751 1128 1818 δ’·
1150 1753 1218 1818 eius
1234 1772 1426 1838 responsum

84 1853 258 1940 accepturi
280 1855 390 1936 simus,
413 1876 472 1919 nos
496 1856 605 1918 statim
629 1853 812 1919 oratoribus
834 1856 914 1942 ipsis
936 1855 1145 1920 mandaturos
1167 1855 1259 1920 iuxta
1290 1851 1425 1941 qualita-

83 1967 153 2022 tem
176 1958 341 2040 responsi,
371 1956 449 2044 quid
479 1957 617 2043 amplius
646 1958 754 2022 facere
783 1957 939 2041 debeant,
971 1967 1003 2022 et
1031 1957 1095 2022 illis
1128 1956 1287 2024 mandatis
1308 1957 1426 2022 nostris

83 2060 155 2123 1²¹⁰*
179 2059 252 2126 eius
273 2060 356 2123 ΒΜ
378 2070 454 2124 tunc
477 2061 630 2146 temporis
653 2082 717 2124 non
740 2058 900 2125 celaturos
922 2081 994 2126 esse
1022 2069 1120 2147 atque
1147 2059 1310 2125 confidere
1339 2057 1427 2146 quod

82 2161 144 2226 Ρ“·
181 2183 245 2226 eua
266 2162 327 2225 ΒΜ
352 2163 517 2249 ceterique
538 2161 676 2249 praelati
698 2163 838 2227 nationis
861 2160 1009 2228 Gallicae
1032 2186 1072 2228 ac
1093 2163 1267 2250 praecipue
1283 2171 1427 2227 oratores

83 2264 177 2330 Ser¹¹¹
194 2286 235 2329 ac
258 2263 351 2328 Chr*
369 2263 527 2330 Franciae
550 2266 637 2351 regis
659 2265 766 2329 fratris
788 2275 821 2330 et
843 2265 949 2331 affinis
971 2269 1072 2332 nostri
1095 2265 1251 2332 carissimi
1274 2263 1427 2349 deinceps

83 2389 222 2456 quoque
251 2367 284 2430 in
313 2367 539 2454 promovendis
571 2369 610 2430 iis
638 2389 722 2454 quae
750 2366 793 2432 ad
819 2368 1056 2434 reformationis
1078 2369 1250 2454 negocium
1273 2375 1305 2432 et
1327 2365 1369 2431 ad
1391 2365 1427 2430 li-

82 2470 251 2537 bertatem
272 2469 401 2536 concilii
421 2493 461 2535 ac
483 2470 552 2556 alia·
568 2469 728 2535 eiusmodi
750 2471 887 2556 negocia
909 2481 1064 2558 spectent,
1083 2490 1162 2537 uum
1183 2471 1301 2536 nostris
1324 2478 1426 2535 orato

82 2575 178 2642 ribus
202 2595 330 2659 semper
352 2574 514 2640 coniuncti
537 2582 691 2639 erunt...
716 2572 834 2638 deiude
861 2573 946 2638 idem
975 2573 1042 2638 Ra.
1065 2575 1238 2660 episcopus
1261 2572 1426 2659 Quinque-

83 2675 298 2742 eccleeiensis
320 2697 383 2739 non
407 2675 533 2740 omittat
554 2677 661 2761 ipsum
682 2674 766 2739 ΒΙΙΙΙΙΙΙ
789 2674 825 2740 Ο.
848 2674 1068 2760 Lotharingae
1090 2685 1200 2740 nostro
1215 2676 1346 2740 nomine
1361 2696 1426 2739 mo·

83 2800 165 2843 nere
192 2787 224 2842 et
247 2779 420 2863 requirere,
444 2787 480 2842 ut
502 2778 597 2842 sicuti
619 2800 709 2864 spem
731 2776 826 2843 nobis
850 2778 929 2844 fecit
951 2778 1076 2844 collatis
1100 2777 1242 2843 consiliis
1265 2798 1338 2841 cum
1354 2799 1426 2841 ora·

84 2880 216 2945 toribus
239 2881 325 2966 regis
348 2878 442 2945 chr-¹
458 2879 536 2944 velit
559 2901 690 2966 operam
706 2880 792 2963 dare,
816 2892 852 2945 ut
866 2881 997 2946 tandem
1020 2882 1203 2946 inveniatur
1218 2878 1327 2966 aliqua
1342 2901 1426 2943 cum·

85 2983 191 3050 moda
213 2983 322 3048 viaet
350 2985 432 3048 ratio
461 3005 545 3070 quae
573 2983 701 3070 utrique
729 2985 813 3070 parti
842 2983 1020 3048 satisfaciat
1042 2982 1082 3048 de
1104 2981 1176 3047 loco
1199 2981 1319 3047 oratori
1341 2979 1428 3046 Ser·¹

87 3087 181 3172 regis
204 3084 424 3170 Hispanorum
447 3086 480 3150 in
503 3083 639 3150 concilio
654 3084 868 3170 assignando,
904 3107 967 3172 quo
990 3087 1053 3150 iam
1082 3084 1211 3150 taudem
1235 3083 1354 3148 oratori
1381 3081 1427 3146 illi

84 3199 123 3253 nt
145 3187 340 3252 Tridentum
363 3197 478 3273 pergat
499 3187 687 3273 persuaderi
716 3198 821 3272 queat,
852 3188 1008 3273 siquidem
1038 3186 1125 3252 idem
1155 3186 1227 3251 ΒΝ
1254 3183 1427 3250 cardinalis

84 3314 152 3355 non
177 3293 306 3376 ignorat
328 3291 439 3374 quanti
461 3290 580 3353 referat
602 3287 691 3353 illum
707 3311 728 3352 a
744 3288 879 3354 concilio
896 3290 1015 3353 diutius
1030 3311 1095 3353 non
1111 3288 1235 3354 abesse.
1263 3297 1426 3374 postremo

86 3393 148 3458 P¹·'
181 3392 252 3456 eius
281 3389 343 3456 ΙΨ
370 3391 515 3456 similiter
543 3391 603 3455 erit
631 3412 827 3478 magnopere
855 3391 1050 3478 requirenda
1077 3401 1113 3455 ut
1142 3401 1174 3456 et
1201 3392 1271 3477 ipsa
1301 3388 1428 3455 studeat

86 3504 253 3584 quantum
279 3493 353 3558 fieri
376 3502 484 3580 potest
511 3492 659 3558 omnibus
686 3493 791 3558 modis
819 3515 1032 3581 praecavere,
1066 3517 1107 3559 ne
1137 3492 1341 3559 odiosissime
1373 3489 1428 3556 illa

86 3598 242 3684 quaestio
266 3595 307 3662 de
330 3596 552 3683 superioritate
575 3618 680 3682 papae
703 3607 735 3662 et
757 3595 885 3662 concilii
907 3595 1191 3662 introducatur...

231 3769 298 3818 Eine
315 3767 517 3834 Aufaeichuung
535 3768 582 3819 der
599 3782 647 3818 vor
670 3767 718 3818 der
738 3767 850 3820 Abreise
874 3767 921 3820 dos
943 3767 1067 3820 Biachofs
1090 3783 1151 3818 vom
1169 3767 1265 3818 Kaisar
1288 3766 1423 3832 gafassten

158 3851 315 3904 Resolution
333 3853 398 3918 liegt
415 3853 489 3904 nicht
507 3851 581 3902 mehr
598 3868 654 3903 ror.
673 3853 805 3919 Dagegen
822 3852 938 3920 gehdren
957 3853 1080 3904 hicrher:

230 3938 252 3988 1.
270 3937 432 3988 Perdinandi
449 3935 542 3988 literae
560 3937 595 3988 ad
612 3937 696 3999 Pium,
716 3939 732 3986 3
749 3939 839 3988 Martii
857 3940 924 3990 1663
935 3937 1065 4005 gedrucht
1077 3939 1106 3988 in
1118 3938 1157 3988 Iis
1169 3938 1229 3988 Plat
1237 3941 1262 4000 5,
1281 3938 1428 4000 eso-eet,

161 4039 206 4074 wo
231 4021 334 4087 judoch
362 4022 431 4072 nach
464 4022 524 4072 dem
548 4023 668 4088 concept
697 4023 723 4072 iu
753 4022 804 4073 den
836 4022 1008 4074 Ooucilacten
1037 4023 1162 4089 folgende
1192 4022 1426 4088 Verbeaeeruageu

160 4108 356 4160 voraunehmea
385 4107 456 4158 sind:
503 4109 661 4158 Beatissimo
678 4135 711 4146 -
729 4110 930 4160 incitamentum
949 4109 1073 4160 exhibeat
1104 4111 1147 4172 (=
1171 4108 1188 4161 1.
1213 4109 1258 4176 c.).
1277 4123 1346 4174 quae
1368 4110 1426 4172 qui·

161 4195 223 4246 dem
240 4194 409 4246 incommoda
425 4221 459 4230 -
479 4195 558 4260 louge
576 4209 653 4245 secus
669 4194 817 4244 iudicamus
840 4193 914 4258 (εἰ
933 4211 956 4244 c.
975 4195 1036 4258 692)
1059 4195 1197 4260 ipsumque
1221 4193 1364 4244 concilium
1382 4195 1428 4243 rni-

160 4283 231 4332 nims
249 4279 471 4347 suspendendum,
493 4279 591 4330 nedum
614 4279 822 4344 abrumpendum
846 4285 873 4330 et
895 4279 1092 4330 dissolvendum
1117 4295 1268 4342 censemus,
1293 4285 1428 4344 utcunque

161 4365 245 4416 multa
262 4367 288 4415 in
307 4382 338 4416 eo
358 4371 486 4430 apparent
503 4380 572 4432 quae
590 4365 774 4430 abruptionem
793 4369 820 4414 et
838 4366 1036 4430 suspensionem
1049 4380 1142 4430 urgere
1153 4364 1285 4428 videntur,
1303 4363 1428 4430 quemad-

160 4451 268 4501 modum
286 4451 407 4516 profscto
426 4453 493 4502 inter
511 4450 564 4502 alia
581 4450 657 4515 plura
674 4449 889 4501 inconvenientia
907 4447 959 4500 duo
978 4455 1040 4500 sunt
1057 4451 1164 4500 maximi
1177 4449 1300 4515 ponderis
1312 4455 1338 4502 et
1349 4449 1429 4516 plena

161 4535 281 4602 periculi,
299 4541 393 4602 utputa
411 4536 482 4601 quod
500 4537 553 4588 iam
572 4536 673 4602 aliquot
689 4535 818 4584 mensium
835 4535 927 4599 spacio
945 4534 1019 4585 uulla
1041 4535 1121 4585 fuerit
1139 4534 1276 4586 celebrata
1292 4536 1374 4586 sessio
1394 4539 1428 4598 et,

161 4621 235 4688 quod
253 4623 358 4686 gravius
377 4627 424 4683 cst,
444 4621 506 4672 dum
523 4637 572 4672 nos
596 4627 623 4672 et
646 4621 691 4671 alii
710 4619 845 4670 christiani
863 4620 933 4670 orbis
957 4636 1033 4686 reges
1051 4637 1084 4671 ac
1102 4623 1234 4686 principes
1252 4621 1378 4672 catholici
1398 4647 1427 4658 -

160 4721 331 4773 prorumpere
354 4708 481 4774 incipiant
499 4708 535 4774 (d.
554 4707 579 4757 h.
599 4706 642 4758 die
660 4707 678 4756 l.
697 4722 719 4756 c.
739 4707 787 4756 691
807 4705 966 4758 befindliche
978 4705 1061 4758 Stella
1073 4706 1167 4772 gehtrt
1184 4705 1309 4770 hierher).
1329 4707 1427 4757 etenim

160 4797 250 4842 nostro
268 4791 367 4844 iudicio
386 4819 419 4830 -
444 4793 595 4843 executioni
620 4793 784 4843 committere
807 4791 850 4856 (=
867 4792 885 4845 l.
905 4808 929 4842 c.
948 4791 1017 4856 692),
1040 4807 1088 4842 nos
1112 4807 1165 4843 nou
1189 4792 1309 4842 videmus
1333 4793 1429 4858 quibus

161 4875 248 4927 modis
266 4879 408 4942 poterimus
425 4878 453 4928 id
470 4879 594 4929 remorari
614 4883 661 4928 aut
679 4879 759 4928 etiam
777 4877 844 4927 alias
861 4879 889 4928 in
907 4892 940 4927 ea
957 4893 985 4928 rs
1005 4876 1040 4927 S‘¹
1058 4877 1091 4930 V.
1118 4882 1149 4926 ut
1166 4876 1295 4928 vellemus
1312 4877 1427 4928 advoca-

161 4965 218 5011 tum
241 4967 384 5028 praestare.
411 4964 538 5029 quocirca
556 4964 733 5014 existimamus
757 4990 789 5000 -
813 4963 916 5029 integra
933 4964 967 5013 sit
985 4964 1093 5028 antiqua
1112 4967 1138 5013 et
1161 4961 1240 5012 solita
1256 4977 1305 5012 sua
1323 4961 1430 5012 libertas

162 5045 207 5112 (=
219 5045 236 5100 i.
256 5045 300 5113 c),
319 5048 357 5098 ita
374 5052 404 5099 ut
420 5047 502 5100 liceat
518 5063 572 5100 nou
589 5048 673 5100 solum
692 5046 736 5100 66·
748 5049 781 5100 V.
799 5047 894 5114 legatis
913 5075 944 5086 -
964 5048 1072 5098 timetur
1094 5049 1123 5098 iu
1146 5047 1197 5098 hac
1215 5051 1290 5114 parte
1308 5043 1429 5098 mnfusio
