3532 5832
174 666 270 728 guagt
289 661 367 712 wid:
386 663 589 714 onninamente
607 659 664 714 tari
682 660 702 713 ll
719 663 841 726 coneilio,
859 664 1042 728 promettendo
1055 663 1080 714 d'
1089 663 1174 716 ander
1185 664 1213 714 in
1224 678 1346 730 persona,
1364 667 1386 717 ι’
1399 681 1443 717 oc-

168 745 284 797 correrii.
307 775 333 783 -
355 747 407 798 Ein
425 746 602 798 Schriltsttick
619 747 666 800 der
683 748 803 800 Romana
814 765 868 800 von
883 752 1009 800 intinxit
1027 750 1086 800 dem
1099 750 1283 800 Ritclrentitel:
1301 752 1439 804 translatio

167 832 317 883 litterarum
336 850 368 883 ex
386 834 470 884 Roma
488 836 548 884 aD.
568 835 610 884 Fr.
631 835 663 885 de
682 835 757 886 Turri
777 836 810 886 de
829 839 861 885 29
881 836 938 885 dec.
958 836 991 886 de
1010 836 1140 887 electione
1158 838 1221 887 novi
1238 836 1370 904 pontificis
1390 842 1441 890 ete.

167 919 201 969 ist
217 919 309 971 nichts
327 920 367 972 als
387 919 445 972 eine
463 921 664 988 Uebersetzung
676 922 755 988 jener
773 921 957 974 italienisehen
976 925 1095 992 Zeitung.

672 1125 875 1138 m

698 1360 857 1444 XVIII.

403 1577 521 1652 Franz
547 1599 621 1654 von
649 1577 790 1654 Thurin
819 1600 866 1652 en
896 1579 970 1655 den
1000 1579 1152 1675 Kaleon

581 1731 674 1796 Rom,
693 1735 709 1782 e
726 1731 856 1784 Januar
876 1734 965 1784 1560.

121 1911 259 1968 Βοιωοια.
279 1912 424 1985 Oripinale
440 1911 482 1982 (ia
497 1919 586 1985 terpo:
602 1917 619 1967 1
637 1909 792 1974 Februarl:
808 1910 841 1982 1)
857 1915 996 1970 deutscler
1010 1933 1079 1988 pana
1095 1875 1419 1990 symmystae,-

435 2013 467 2082 2)
483 2017 658 2073 lateinisches
672 2017 760 2087 Brief
769 2035 821 2072 noa
836 2017 1062 2076 Scireiberland.

200 2197 234 2276 l)
259 2195 331 2262 Der
351 2197 453 2284 Papst
485 2207 577 2283 segte
610 2196 677 2263 ihm
705 2221 764 2263 vor
792 2197 931 2264 etliehen
952 2199 1067 2286 Tagen
1099 2201 1167 2267 und
1202 2202 1260 2268 der
1288 2200 1442 2268 Cardinal

104 2299 246 2366 l'arnese
269 2298 477 2365 winderholtc
500 2323 534 2365 es
557 2301 639 2384 ihm,
664 2301 738 2366 dass
762 2301 820 2366 der
833 2302 934 2388 Papst
956 2327 998 2367 an
1021 2303 1084 2369 den
1106 2304 1225 2370 Kaiser
1240 2304 1438 2371 stanislaum

102 2401 240 2470 llosium
256 2405 446 2490 episcopum
460 2403 697 2473 Warmiensem
712 2404 834 2470 senden
856 2404 964 2490 wolle3
988 2408 1060 2472 eine
1074 2407 1205 2474 bessere
1218 2408 1316 2474 Wahl
1331 2409 1440 2476 konne

102 2505 173 2570 Pius
196 2505 292 2572 nicht
313 2507 436 2572 trcffen.
461 2544 502 2554 —
524 2506 595 2572 Aue
610 2507 664 2589 2):
689 2531 749 2594 ego
765 2519 873 2573 autem
889 2508 1083 2576 solemnitati
1097 2509 1173 2576 huic
1197 2509 1438 2602 [coronationis]

103 2610 144 2672 uti
167 2607 205 2674 C.
229 2609 297 2673 Ml·
316 2609 357 2675 V.
380 2609 507 2696 legatus
541 2611 671 2676 Interfui
698 2609 840 2697 mihique
863 2611 987 2700 absque
1013 2611 1080 2680 ulla
1107 2617 1327 2682 controversia
1350 2618 1441 2682 attri-

103 2710 197 2778 butus
221 2723 275 2779 est
296 2711 408 2796 locus,
433 2715 488 2802 qui
511 2735 662 2786 caesareo
686 2715 805 2780 oratori
828 2713 899 2780 <lari
920 2716 1011 2810 solet.
1246 2699 1253 2726 ⁸

716 3163 836 3251 XIX.

417 3382 536 3458 Franz
555 3403 629 3457 von
649 3382 791 3458 Thurrn
816 3406 863 3458 an
884 3384 957 3459 den
987 3382 1137 3474 Keiser3

572 3538 665 3602 Rom,
686 3540 718 3590 13
734 3536 863 3590 Ianuar
881 3539 974 3590 1⁶60.

456 3718 591 3774 Βοηιαπα.
610 3718 754 3792 Oripinel;
773 3717 804 3772 in
819 3723 907 3792 lerqo:
923 3721 941 3774 1
958 3719 1093 3776 Febr-uer.

202 3897 356 3964 Pontifex
382 3901 416 3963 in
438 3920 496 3963 sua
517 3898 605 3964 bona
631 3900 806 3986 persistens
836 3901 984 3985 opinione
1014 3921 1093 3986 erga
1113 3899 1191 3964 ΜΝ
1212 3898 1252 3963 V.
1277 3900 1437 3967 commisit

106 4001 259 4088 episcopo
281 4001 520 4084 Terracinensi‚
542 4011 579 4066 ut
605 4002 738 4068 modum
759 4004 959 4089 perquireret
987 4004 1042 4090 qui
1071 4001 1151 4068 elias
1175 4002 1366 4068 observatus
1390 4005 1440 4087 sit,

106 4103 236 4188 quando
258 4104 394 4171 mittitur
415 4103 457 4171 ad
480 4105 698 4171 coronandum
722 4127 902 4189 caesarem,
926 4106 969 4171 ad
991 4105 1052 4171 hoc
1074 4113 1124 4190 ut,
1149 4107 1175 4170 si
1199 4105 1438 4172 incommodum

107 4218 192 4275 esset
214 4207 272 4272 Mu
301 4207 342 4274 V.
365 4209 503 4276 Romam
531 4209 584 4275 vel
606 4209 787 4276 Bononiam
818 4208 990 4294 accedere,
1015 4211 1123 4275 omnia
1150 4211 1183 4274 in
1210 4220 1363 4298 promptu
1392 4233 1440 4276 es-

108 4322 188 4378 sent.
213 4322 246 4377 et
267 4311 330 4378 hoc
351 4312 429 4378 mihi
450 4335 510 4400 per
533 4314 672 4379 eundem
695 4315 883 4400 episcopum
905 4312 1042 4378 relatum
1059 4322 1120 4408 ests
1141 4311 1262 4378 electus
1286 4324 1334 4378 est
1347 4337 1440 4402 prae-

106 4423 196 4481 terea
218 4417 601 4503 episcopuaVarmiensia
616 4415 767 4500 Polonus‚
789 4419 840 4482 vir
861 4416 1006 4504 profecto
1028 4416 1134 4482 bonus
1150 4426 1182 4482 et
1204 4418 1438 4503 integerrimus,

105 4519 133 4584 in
154 4519 301 4605 legatum
324 4523 378 4608 qui
401 4521 443 4587 ad
456 4521 536 4586 Μ““αι
554 4521 595 4586 V.
618 4524 727 4587 veniat
750 4531 781 4587 et
808 4524 841 4585 in
864 4523 954 4586 curia
974 4531 1180 4608 permaneat,
1216 4522 1310 4607 eique
1333 4522 1435 4586 iniun-

107 4634 226 4708 gentur
246 4623 417 4689 tractanda
439 4627 567 4690 nomine
590 4625 750 4715 pontificis
773 4647 846 4689 cum
869 4623 930 4689 Μιο
950 4625 1040 4690 V...
1058 4673 1065 4689 .

208 4727 391 4793 Heri'vero
414 4730 505 4793 Iussu
526 4727 687 4816 pontificis
711 4727 929 4794 cardinalibus
952 4729 983 4792 in
1011 4726 1167 4814 palatium
1191 4729 1326 4811 coactis,
1364 4750 1441 4815 qua·

106 4841 178 4896 tuor
198 4829 281 4896 haec
301 4853 361 4917 per
383 4829 449 4896 Sam
470 4829 502 4898 S.
526 4833 692 4918 proposita
713 4830 857 4896 fuerunt:
882 4831 922 4896 de
938 4832 1143 4918 inquisitione
1170 4829 1375 4914 instituenda,
1400 4831 1440 4896 de

107 4933 202 5000 modo
225 4933 366 5000 ineundo
390 4958 454 5023 quo
477 4959 624 5002 annonae
648 4937 765 5000 caritas
780 4934 848 5000 tolli
864 4937 981 5022 possit,
1006 4934 1047 5000 de
1068 4957 1151 5022 pace
1173 4936 1256 4999 inter
1276 4936 1438 5020 principes

108 5037 348 5126 conservanda,
387 5036 493 5132 deque
521 5038 654 5110 tandem
682 5038 910 5109 reformatione
937 5036 1087 5108 facienda
1113 5039 1147 5106 in
1174 5047 1243 5104 tota
1271 5037 1439 5128 republica
