3468 5820
315 517 377 582 478

321 703 516 774 decernendi
537 714 680 793 potestas
702 715 796 770 esset.
819 704 852 771 id
878 705 1041 792 sapientes
1062 703 1124 768 riri
1147 710 1179 768 et
1193 723 1298 768 rernm
1314 701 1529 791 gerendarum
1544 713 1644 793 atque

316 811 468 899 antiquae
491 807 730 876 consuetudinis
753 809 845 895 gnari
867 829 970 896 aequo
994 809 1100 874 animo
1114 805 1198 873 forre
1214 829 1278 872 non
1293 816 1428 895 possunt
1441 829 1548 896 nsque
1564 831 1643 875 vero

318 912 445 981 debent
480 936 555 979 nam
586 935 651 979 non
680 933 751 978 eam
782 911 823 979 ob
853 933 985 978 oausam
1012 909 1077 975 huc
1105 933 1146 976 ex
1176 907 1311 976 diversis
1339 917 1371 976 et
1393 909 1490 998 longe
1513 910 1644 1000 lateque

318 1017 460 1084 disiectis
483 1014 570 1082 orbis
592 1014 739 1105 partibus
763 1025 993 1098 convenerunt,
1016 1013 1106 1079 utin
1130 1014 1320 1102 cuiusquam
1341 1015 1443 1081 verba
1464 1015 1574 1081 iurent
1588 1025 1645 1080 aut

318 1145 360 1188 ex
381 1120 579 1207 praescripto
602 1117 644 1185 cd
665 1119 759 1185 huius
781 1118 835 1184 vel
856 1115 941 1183 illius
964 1116 1162 1183 voluntatem
1177 1114 1358 1206 loquantur,
1381 1117 1439 1182 scd
1454 1129 1490 1183 ut
1506 1117 1647 1208 quilibet

319 1222 475 1290 ecclesiae
499 1245 577 1289 suae
600 1219 807 1288 difficultates
829 1230 862 1288 et
876 1217 1079 1287 incommoda
1095 1229 1321 1286 commemoret
1343 1228 1375 1287 et
1397 1224 1561 1288 communi
1576 1225 1646 1288 nni-

318 1325 452 1393 versnlis
476 1324 652 1392 catholicae
674 1324 832 1392 ecclesiae
855 1321 951 1390 saluti
973 1323 1130 1391 consulat.
1154 1325 1209 1401 its,
1233 1345 1306 1388 curn
1328 1321 1428 1412 aliqui
1451 1323 1590 1392 liberius
1612 1337 1648 1393 ut
1727 1323 1728 1402 ῗ

318 1433 405 1497 viros
427 1429 530 1498 bonos
555 1429 649 1496 decet
671 1428 863 1495 sententiam
886 1425 1045 1494 dixissent
1065 1435 1097 1492 et
1118 1427 1311 1492 mentionem
1339 1426 1380 1492 de
1408 1429 1562 1495 maximis
1592 1430 1647 1496 ab·

317 1535 430 1601 usibus
452 1535 637 1601 iniecissent
659 1535 714 1623 qui
737 1543 823 1600 certe
843 1534 909 1598 iam
924 1531 1013 1599 nulla
1027 1533 1151 1598 ratione
1172 1529 1268 1598 celari
1290 1543 1434 1619 possunt,
1455 1532 1582 1598 factm
1599 1536 1649 1600 est

317 1648 353 1704 ut
375 1639 414 1704 iis
438 1639 493 1726 qui
515 1637 585 1703 istis
607 1635 763 1704 abusibus
784 1634 970 1724 locupletati
993 1645 1067 1702 sunt
1088 1644 1121 1701 et
1142 1636 1249 1702 omnia
1272 1657 1331 1701 sua
1357 1637 1391 1701 in
1413 1637 1459 1704 eis
1481 1637 1595 1726 posits
1618 1647 1649 1704 et

318 1741 474 1809 collocata
494 1739 687 1822 habuersmt,
709 1761 847 1827 magnus
869 1747 974 1806 metus
996 1739 1189 1823 iniiceretur,
1212 1761 1252 1805 ne
1276 1741 1304 1804 si
1325 1738 1378 1804 hio
1399 1761 1465 1805 non
1479 1739 1649 1808 residendi

317 1845 439 1913 abusus
462 1853 590 1931 praeter
612 1842 754 1910 humana
775 1841 847 1910 iura
867 1841 978 1908 divina
1000 1865 1128 1931 quoque
1149 1839 1222 1930 iege
1244 1841 1385 1927 tollatur,
1407 1843 1523 1933 reliqui
1547 1843 1649 1910 etiam

318 1947 439 2015 abusus
460 1967 526 2012 una
547 1968 621 2013 cum
642 1945 705 2015 boc
727 1947 974 2035 extirparentur.
997 1947 1107 2035 itaque
1130 1945 1278 2013 omnibus
1300 1945 1476 2014 rationibus
1492 1948 1648 2016 omnibus

319 2051 488 2120 conatibus
510 2051 598 2120 omni
620 2072 682 2139 ope
704 2059 738 2117 et
760 2049 893 2117 consilio
915 2049 991 2116 huic
1013 2051 1060 2116 rei
1082 2053 1115 2116 in
1136 2061 1281 2140 ternpore
1302 2053 1429 2139 magnis
1440 2051 1570 2119 viribus
1596 2052 1650 2119 ob
1728 2087 1729 2096 ι

318 2156 495 2224 sistendum
518 2177 589 2224 esse
612 2155 845 2222 existimarunt
868 2175 908 2220 ac
930 2153 1060 2220 inersmt
1083 2152 1182 2242 aliqui
1198 2155 1253 2247 qui
1269 2179 1342 2224 cum
1355 2155 1418 2222 alia
1428 2155 1556 2222 ratione
1572 2157 1651 2226 hnic

316 2263 364 2327 roi
385 2261 516 2328 obviam
538 2261 578 2326 iri
600 2283 665 2327 non
687 2281 783 2348 posse
804 2267 967 2347 putarent,
991 2281 1088 2348 quarn
1112 2262 1140 2326 si
1161 2283 1314 2350 magnum
1347 2259 1525 2349 periculum
1548 2263 1649 2352 patri-

316 2364 378 2432 bus
401 2363 621 2444 denuncietur,
656 2363 724 2431 iore
747 2365 869 2432 utiam
894 2364 1010 2430 summi
1031 2365 1193 2452 pontificis
1217 2365 1371 2432 autoritas
1392 2367 1494 2432 omnis
1513 2387 1650 2454 prorsus

318 2467 531 2553 conculcetur,
555 2469 583 2534 si
604 2465 810 2534 residentiam
834 2467 934 2534 divini
957 2467 1036 2533 iuris
1059 2489 1131 2534 esse
1145 2478 1313 2552 statuatur,
1329 2472 1490 2536 nonenim
1505 2471 1648 2558 posthac

317 2576 385 2641 eius
408 2571 473 2640 δ”·
496 2581 553 2639 aut
574 2572 759 2660 dispensare
782 2579 839 2638 aut
860 2571 1085 2659 episcoporum
1107 2593 1206 2660 opera
1228 2573 1275 2638 uti
1297 2581 1355 2638 aut
1376 2595 1431 2638 eos
1452 2571 1581 2640 Romae
1603 2577 1647 2641 vi-

316 2701 394 2746 vere
415 2698 521 2766 posse,
544 2675 587 2743 ad
609 2683 788 2744 extremum
815 2673 878 2743 hoc
900 2674 1030 2742 decreto
1051 2674 1131 2741 nihil
1154 2675 1240 2743 alind
1268 2677 1380 2766 quaeri
1403 2697 1499 2766 quarn
1527 2687 1569 2744 ut
1592 2677 1648 2744 S*

316 2782 358 2848 D.
381 2781 420 2848 N.
443 2783 476 2848 in
499 2802 561 2870 qno
585 2803 710 2849 summa
732 2789 816 2848 esset
837 2780 1005 2870 potestatis
1027 2779 1193 2868 plenitudo
1216 2805 1329 2848 manus
1344 2780 1493 2871 ligentur,
1516 2783 1553 2850 id
1567 2807 1646 2851 vero

316 2888 448 2974 impium
471 2907 541 2952 esse
564 2893 597 2951 et
616 2885 812 2966 inusitatum,
836 2885 913 2950 satis
935 2906 1021 2952 nuno
1043 2907 1172 2974 quoque
1194 2885 1236 2953 ab
1258 2886 1429 2954 haereticis
1457 2888 1526 2953 eius
1555 2899 1648 2956 auto·

316 2990 445 3058 ritatem
468 2989 660 3078 oppugnari,
684 2997 720 3053 ut
740 2985 819 3054 nihil
842 2988 885 3054 sit
906 3009 1038 3056 necesse
1049 2991 1213 3056 materiem
1225 2990 1291 3077 igni
1313 2989 1443 3075 addere,
1467 2989 1557 3080 quod
1577 3013 1646 3081 pro

320 3091 373 3160 cul
403 3091 500 3158 dubio
528 3091 669 3158 futurum
698 3100 797 3172 esset,
827 3091 854 3156 si
884 3089 920 3156 id
949 3100 1151 3160 statueretur.
1186 3115 1251 3158 non
1274 3091 1444 3159 defuerunt
1467 3093 1568 3160 etiam
1593 3093 1646 3182 qni

320 3205 431 3284 aperte
454 3195 607 3278 dicerent,
630 3215 695 3262 non
719 3195 875 3261 contines
897 3191 1039 3260 haeresis
1061 3195 1244 3283 suspicione
1267 3217 1322 3262 eos
1352 3197 1407 3284 qui
1435 3220 1470 3262 sc
1493 3197 1576 3263 iuris
1601 3197 1644 3264 di-

320 3301 386 3366 vini
408 3306 665 3388 propugnatores
687 3297 922 3386 profiterentur.
946 3306 1016 3364 erat
1038 3299 1133 3364 etiam
1156 3298 1273 3388 aliquis
1297 3323 1338 3366 ex
1360 3299 1646 3388 principalioribus
1730 3375 1731 3378 Ἴ

321 3403 376 3489 qui
398 3401 549 3489 privatim
572 3399 653 3468 alios
676 3402 770 3468 minis
794 3401 984 3484 deterreret,
1015 3399 1095 3468 alios
1124 3401 1411 3492 pollicitationibus
1438 3405 1481 3470 ab
1512 3427 1553 3470 ca
1577 3429 1645 3471 sen·

319 3507 419 3572 tentia
448 3503 635 3590 deduceret,
664 3503 796 3594 publice
825 3527 904 3572 vero
933 3507 1004 3593 ipso
1026 3503 1116 3571 vultu
1139 3507 1217 3572 satis
1246 3505 1403 3574 indicaret
1424 3529 1521 3596 quam
1546 3531 1645 3595 aegre

318 3610 425 3684 ferret,
450 3627 523 3674 oum
546 3609 618 3696 quis
641 3607 786 3675 divinum
807 3609 857 3675 ius
879 3607 931 3674 vel
954 3607 1084 3675 nornine
1105 3619 1229 3675 tantum
1251 3621 1460 3698 nuncuparet
1485 3633 1550 3700 qna
1574 3613 1645 3702 qui·

320 3711 392 3778 dem
421 3735 455 3778 re
483 3710 536 3778 ille
565 3733 715 3799 magnam
739 3712 799 3778 sibi
821 3710 909 3800 apud
931 3711 1093 3779 Romanos
1108 3714 1246 3801 gratiam
1277 3723 1309 3780 et
1337 3713 1541 3780 autoritatem
1572 3739 1644 3782 con·

321 3814 452 3898 oiliavit,
476 3813 564 3903 qnod
585 3823 700 3902 postea
721 3835 773 3880 res
796 3816 868 3904 ipsa
889 3815 1053 3901 indicavit,
1076 3839 1151 3882 nam
1175 3817 1205 3883 ei
1228 3827 1300 3904 post
1321 3813 1383 3883 boo
1404 3817 1525 3884 factum
1548 3821 1644 3885 totins

320 3941 403 4006 pene
425 3920 472 3984 rei
494 3939 619 3985 summa
640 3919 799 4008 permissa
822 3928 870 3984 est
890 3929 1045 4009 tanquam
1058 3922 1142 4008 patri
1164 3921 1288 4008 patriae
1312 3930 1344 3987 ct
1365 3921 1532 3989 Romanae
1548 3923 1643 4000 sedis,

320 4021 377 4088 sed
399 4043 513 4088 revera
535 4021 694 4088 abusunm
716 4021 881 4090 Romanae
904 4025 1013 4092 curiae
1034 4025 1185 4090 aasemori
1208 4034 1240 4091 et
1267 4023 1439 4091 liberatori.
1474 4049 1515 4092 ea
1543 4029 1643 4093 reita

318 4127 532 4193 movebantur
554 4125 643 4192 multi
666 4136 701 4193 ut
722 4128 818 4194 etiam
841 4128 933 4193 inviti
955 4126 1042 4194 aliud
1058 4129 1090 4193 in
1106 4127 1212 4212 corde,
1236 4126 1324 4194 aliud
1339 4131 1373 4193 in
1395 4152 1450 4196 ore
1472 4128 1638 4212 haberent,

320 4228 408 4317 quod
429 4231 507 4296 satis
531 4251 642 4296 eorum
663 4230 767 4296 oratio
800 4239 831 4296 et
857 4230 1056 4319 loquentium
1084 4230 1191 4297 vultus
1213 4231 1246 4297 in
1270 4233 1576 4320 congregationibus
1597 4233 1640 4297 ln·

321 4333 460 4399 dicabat.
484 4332 577 4423 qnid!
601 4331 805 4420 quodetiam
838 4336 1051 4423 ignominioso
1083 4333 1345 4422 Hugonottorum
1372 4337 1501 4402 nomine
1533 4337 1636 4404 aRo·

319 4437 422 4503 manis
445 4434 640 4503 notabantur
653 4437 699 4523 pii
714 4438 775 4504 viri
791 4440 845 4526 qni
861 4448 973 4505 contm
987 4440 1130 4526 ipsorum
1145 4441 1334 4505 sententiam
1351 4439 1458 4506 dicere
1478 4443 1640 4508 auderent.

319 4541 368 4607 his
389 4539 497 4607 verbis
519 4539 723 4629 perfecerunt
744 4539 790 4606 illi
813 4541 943 4630 quidem
965 4552 1001 4609 ut
1023 4541 1167 4630 episcopi
1190 4551 1402 4610 assectatores
1419 4544 1636 4626 cardinalium,

320 4643 375 4732 qui
398 4653 490 4710 extra
511 4643 624 4711 urbem
645 4643 779 4711 Romam
802 4668 928 4712 omnem
942 4643 1004 4711 sibi
1015 4647 1114 4710 vitam
1138 4643 1287 4712 acerbam
1309 4656 1431 4733 putant,
1455 4648 1575 4733 partim
1596 4643 1635 4710 ab

319 4745 475 4833 Hispanis
497 4747 680 4830 deficerent,
703 4748 730 4813 si
752 4749 807 4835 qui
829 4749 864 4814 in
885 4771 995 4814 eorum
1018 4759 1110 4814 crant
1131 4749 1298 4834 sententia,
1322 4751 1439 4837 partim
1455 4751 1537 4816 alios
1553 4749 1590 4816 ad
1604 4771 1635 4812 se
1710 4784 1716 4796 ·

320 4871 500 4938 aggregare
523 4859 723 4917 conarentur.
746 4852 791 4917 ita
814 4873 886 4917 curn
909 4851 972 4917 iam
994 4850 1165 4918 victoriam
1194 4873 1293 4939 penes
1322 4871 1356 4920 se
1386 4851 1528 4919 futuram
1557 4863 1634 4920 certo

320 4976 507 5042 persuasum
529 4951 703 5038 haberent,
735 4955 841 5042 priore
869 4955 1096 5022 sententiarum
1121 4955 1259 5022 dictione
1282 4978 1346 5022 non
1369 4959 1526 5040 contenti,
1558 4953 1634 5044 quod

320 5055 490 5124 nonnullos
517 5057 694 5123 timidiores
722 5058 767 5123 ita
796 5056 933 5125 obscure
962 5057 1085 5124 dixisse
1120 5057 1421 5125 animadvortebant
1448 5075 1484 5124 ut
1512 5057 1632 5126 difficile
