3450 5818
351 499 414 565 att

347 685 393 748 eis
415 683 459 749 sd
479 705 625 750 normam
645 683 741 770 primi
763 681 884 750 decreti
905 703 1009 772 nuper
1029 684 1063 750 in
1084 685 1146 752 isto
1168 683 1305 752 concilio
1332 683 1409 752 editi
1432 704 1492 752 suo
1511 685 1587 754 loco
1615 686 1671 752 de·

347 783 540 854 liberaturos
568 807 654 870 esse,
682 797 720 852 ut
747 809 788 852 ne
808 784 989 852 istiusmodi
1011 784 1140 854 collatio
1170 798 1203 852 et
1230 785 1417 854 deliberatio
1446 797 1673 875 postponatur,

349 887 407 954 sed
428 887 553 956 articuli
583 888 629 954 illi
650 889 707 977 qni
737 913 802 956 non
823 888 1018 956 videbuntur
1045 888 1250 977 improbandi
1280 900 1336 957 aut
1361 890 1529 958 reiiciendr
1557 890 1674 960 saltem

348 990 513 1078 sigillatim
534 993 679 1080 patribus
703 991 897 1058 discutiendi
919 1002 951 1059 st
967 991 1173 1059 examinandi
1188 1003 1417 1081 proponantur.
1440 997 1582 1092 maxime
1598 1017 1676 1062 vero

349 1094 533 1162 enitendum
554 1095 648 1162 vobis
671 1097 732 1162 erit
754 1098 840 1163 omni
863 1105 982 1162 conetu
1004 1105 1041 1161 ut
1060 1096 1116 1162 R¹¹n
1137 1095 1236 1183 legati
1259 1099 1448 1185 opportunis
1470 1097 1577 1166 modis
1603 1121 1676 1186 pro·

348 1197 497 1282 videant,
525 1222 566 1266 ne
588 1223 651 1289 quo
674 1212 770 1288 paeto
799 1199 852 1266 vel
874 1197 982 1266 colore
1004 1197 1132 1266 concilii
1161 1199 1293 1268 libertas
1314 1201 1462 1268 turbetur
1488 1211 1545 1268 aut
1568 1204 1676 1290 oppri-

350 1310 456 1368 matur
482 1323 543 1368 neo
571 1306 744 1393 quicquam
773 1327 794 1369 a
822 1305 975 1390 quopiam
1004 1311 1178 1370 attentetur
1210 1303 1296 1390 qnod
1329 1313 1474 1392 optatum
1505 1305 1578 1371 eius
1605 1329 1678 1392 pro

349 1426 496 1492 gressum
522 1408 678 1474 remorari
705 1431 744 1474 ae
765 1406 923 1494 impedire
944 1407 1061 1493 possit,
1088 1405 1201 1473 habita
1226 1409 1416 1493 praesertim
1437 1409 1565 1474 ratione
1590 1408 1677 1494 quod

351 1509 487 1596 ipsemet
508 1509 575 1576 ΒΜ·
605 1510 647 1576 D.
669 1511 710 1577 N.
733 1509 870 1578 concilio
897 1531 990 1576 suam
1010 1507 1189 1578 libertatem
1218 1518 1251 1578 et
1271 1519 1464 1597 potestatem
1491 1509 1620 1578 salvam
1648 1523 1679 1578 et

351 1613 511 1700 integram
533 1635 605 1680 esse
625 1613 705 1680 velit
725 1613 863 1702 ideoque
885 1621 921 1678 ut
943 1613 1127 1699 acecpimus
1148 1614 1342 1699 gravissima
1367 1633 1516 1700 quaeque
1538 1617 1678 1700 negocia

354 1738 437 1802 quae
460 1715 501 1782 ad
523 1715 589 1782 8¹⁸·
612 1719 680 1784 eius
704 1717 837 1782 durante
857 1717 920 1782 hoc
941 1715 1078 1782 concilio
1101 1715 1297 1793 deferuntur,
1325 1716 1368 1782 ad
1389 1717 1546 1784 iudicium
1570 1718 1677 1784 etde

350 1820 610 1886 terminationem
631 1829 761 1909 petrum
782 1822 944 1886 remittere
966 1817 1082 1896 soleat3
1106 1819 1162 1886 ubi
1183 1819 1249 1886 B¹¹¹¹'
1275 1819 1390 1908 legatis
1406 1830 1560 1888 accurate
1578 1823 1675 1888 incul-

353 1945 427 1988 care
450 1923 629 2006 studebitis,
665 1933 864 2012 quantopere
886 1923 967 1990 haec
988 1921 1214 2010 suffragiorum
1235 1922 1368 1992 libertas
1385 1934 1418 1992 et
1438 1923 1604 1992 statuendi
1626 1925 1675 1990 de

352 2025 549 2115 finiendique
577 2027 736 2094 derebus
764 2027 840 2093 fidei
874 2037 906 2092 et
927 2049 1052 2094 morum
1073 2035 1216 2115 potestas
1238 2027 1383 2115 patribus
1404 2027 1506 2094 libere
1528 2038 1563 2095 et
1584 2028 1675 2116 plene

352 2128 465 2196 relicta
493 2131 537 2195 ad
559 2131 821 2219 consequendum
848 2129 1058 2196 laetissimum
1087 2129 1214 2196 concilii
1241 2133 1365 2199 exitum
1396 2133 1572 2220 pertineat,
1602 2143 1674 2200 ete

357 2231 485 2300 diverso
508 2255 591 2322 quae
613 2233 819 2302 incommodo
840 2232 1044 2321 expectanda
1066 2234 1138 2318 sint,
1162 2233 1273 2300 sibae
1296 2237 1465 2304 occasione
1487 2246 1555 2302 tam
1572 2257 1674 2302 neces-

353 2339 472 2402 sarium
499 2347 533 2404 et
554 2346 701 2404 sanctum
722 2338 901 2402 institutum
929 2336 971 2402 ad
992 2335 1128 2402 nibilum
1153 2337 1326 2420 recideret,
1357 2337 1516 2427 siquidem
1539 2340 1610 2404 eius
1630 2339 1673 2404 rei

352 2463 482 2506 causam
509 2439 655 2529 plerique
682 2450 750 2505 tum
777 2441 840 2527 ipsi
855 2477 857 2479 ·
870 2437 925 2504 S¹²⁰
947 2439 988 2504 D.
1012 2439 1064 2521 N,
1092 2438 1167 2506 licet
1187 2439 1338 2506 forsassis
1366 2453 1495 2528 praeter
1513 2443 1675 2516 rationem,

352 2553 420 2608 tum
441 2545 519 2631 ipsis
540 2542 607 2609 llffi'
633 2543 750 2632 legatis
777 2543 973 2633 adscripturi
995 2553 1111 2610 essent
1144 2553 1180 2608 ut
1200 2553 1308 2610 autem
1335 2543 1515 2612 istiusmodi
1543 2552 1673 2612 conatus

352 2649 451 2713 vestri
478 2647 513 2712 in
539 2646 685 2734 urgenda
710 2647 936 2713 reformatione
957 2645 1034 2712 cleri
1057 2655 1089 2712 et
1110 2644 1259 2714 libertate
1282 2646 1409 2714 concilii
1430 2646 1504 2734 plus
1525 2647 1673 2736 ponderis

353 2759 385 2816 et
406 2749 562 2815 efficatiae
592 2748 740 2832 babeant,
768 2749 917 2816 volumus
938 2759 1030 2816 utre
1053 2752 1288 2817 communicata
1310 2773 1382 2817 cum
1405 2749 1543 2818 Ser'⁰“⁸
1578 2751 1675 2819 cetu*

354 2863 386 2922 et
407 2853 499 2920 Ohr=¹
527 2875 640 2938 regum
668 2863 700 2920 st
727 2852 862 2918 aliorum
890 2853 1070 2941 principum
1100 2853 1279 2920 oratoribus
1311 2857 1366 2942 qui
1396 2853 1480 2922 idem
1511 2856 1674 2924 nobiscum

354 2958 471 3023 sentire
493 2954 698 3039 videbuntur,
722 2957 825 3042 agatis
847 2965 881 3022 ct
893 2957 1036 3022 mactetis
1058 2965 1094 3022 ut
1109 2957 1216 3044 stipsi
1231 2979 1296 3022 una
1310 2956 1526 3026 vobiscumiu
1542 2982 1582 3026 eo
1594 2957 1673 3045 apud

352 3060 423 3126 ΒΜ·
443 3061 569 3147 legatos
591 3059 756 3126 elaborent
778 3081 973 3148 operamque
991 3069 1024 3128 et
1038 3069 1146 3147 partes
1161 3083 1236 3126 suas
1258 3061 1475 3148 interponant.

456 3179 550 3247 Haec
583 3191 657 3247 sunt
679 3203 763 3270 quae
784 3180 879 3246 vobis
911 3180 953 3245 ud
974 3181 1152 3268 praecipua
1182 3179 1247 3247 dno
1270 3181 1378 3266 capite
1398 3203 1458 3267 per
1478 3179 1557 3246 ΒιιΙιΙΙΙ
1577 3179 1671 3246 arohi-

355 3287 541 3374 episcopum
562 3284 758 3371 Pragensem
780 3283 822 3350 sd
837 3305 896 3350 nos
911 3282 1020 3350 delcta
1033 3282 1229 3371 respondere
1240 3283 1424 3349 voluimus.
1444 3332 1477 3349 ..
1500 3283 1591 3373 quod
1603 3305 1670 3348 vero

356 3397 480 3476 spectet
501 3386 543 3452 ad
566 3387 746 3454 custodiam
768 3386 905 3471 concilii,
928 3385 1085 3474 plurimae
1107 3395 1204 3474 etque
1217 3388 1429 3473 grarbsimae
1442 3387 1537 3454 nobis
1553 3387 1670 3454 obstant

355 3511 473 3558 musae
494 3499 629 3578 propter
656 3513 738 3578 quas
758 3489 915 3556 vellemus
945 3511 1073 3556 omnem
1093 3487 1155 3556 bac
1185 3489 1226 3556 de
1248 3511 1284 3556 re
1305 3491 1499 3557 mentionem
1527 3493 1668 3558 omissam

357 3593 465 3660 fuisse.
486 3603 697 3680 posteaquam
720 3593 805 3656 enim
828 3601 860 3658 et
882 3592 946 3657 duo
969 3591 1196 3680 praecedentis
1217 3603 1251 3659 et
1264 3593 1326 3658 hoe
1339 3615 1493 3681 praesens
1509 3591 1669 3660 concilium

356 3696 578 3763 Tridentiuum
600 3695 755 3762 haetenus
777 3696 823 3760 ita
844 3693 1007 3761 celebrata
1027 3704 1110 3771 sunt,
1133 3705 1169 3760 ut
1184 3717 1264 3761 onus
1279 3695 1500 3762 huiuscemodi
1514 3693 1668 3762 custodiae

356 3821 462 3889 neque
484 3797 560 3864 divo
582 3796 744 3886 quondum
767 3800 950 3886 imperatori
977 3797 1095 3865 Garolo
1117 3798 1206 3865 V...
1224 3847 1230 3862 .
1254 3821 1359 3887 neque
1380 3797 1474 3864 nobis
1495 3798 1668 3886 impositum

357 3902 462 3985 fuerit,
484 3923 589 3989 usque
618 3902 715 3967 etiam
742 3902 833 3967 utin
855 3911 1017 3967 conventu
1038 3901 1202 3967 bominum
1225 3900 1517 3968 ecclesiasticorum
1545 3925 1584 3967 ao
1605 3897 1666 3964 loco

359 4014 427 4071 tuto
442 4007 659 4071 necessarium
679 4005 854 4070 iudicatum
871 4006 921 4089 sit,
944 4003 1101 4072 nollemus
1119 4002 1270 4092 equidem
1285 4015 1406 4072 temere
1423 4007 1499 4071 nori
1514 4003 1666 4094 quippiam

361 4107 572 4191 introducere,
605 4099 715 4175 babita
741 4111 931 4196 praesertim
962 4107 1086 4175 ratione
1115 4107 1216 4197 quod,
1249 4109 1275 4174 si
1298 4107 1482 4176 huiusmodi
1513 4105 1666 4176 custodiae

361 4233 469 4277 euram
496 4214 530 4277 in
551 4235 610 4278 nos
642 4213 888 4301 susciperemus,
922 4234 998 4278 mox
1020 4212 1237 4299 suspicionem
1264 4213 1423 4278 incmsuri
1451 4233 1592 4280 essemus
1616 4227 1666 4272 ros

360 4314 483 4382 scilicet
505 4318 646 4404 cogitare
668 4316 709 4382 de
731 4313 859 4384 concilii
882 4315 1019 4382 decretis
1041 4325 1164 4382 armate
1186 4337 1282 4382 manu
1304 4315 1433 4382 tuendis
1455 4325 1488 4382 et
1499 4307 1665 4382 executioni

358 4417 557 4484 mandandis.
579 4419 636 4485 ubi
657 4421 742 4486 enim
764 4443 836 4484 enm
858 4419 900 4486 ob
923 4441 1053 4484 causam
1075 4417 1331 4486 conducerentur
1351 4419 1395 4485 40
1415 4417 1469 4486 vel
1491 4419 1535 4486 50
1554 4414 1663 4484 mittes

357 4521 442 4587 fama
463 4519 504 4588 de
525 4521 620 4608 longe
642 4525 762 4589 maiore
784 4545 917 4588 numero
940 4523 1062 4588 oritura
1084 4531 1178 4600 esset,
1212 4543 1278 4610 qua
1298 4531 1412 4610 postea
1432 4521 1529 4590 facile
1551 4513 1661 4587 concilii

364 4623 465 4712 ipsine
498 4629 688 4713 progressus
716 4625 865 4712 impediri
896 4635 1015 4712 posset
1048 4635 1269 4693 verumtamen
1296 4635 1459 4714 uteunque
1490 4617 1662 4690 sisnande·

360 4724 465 4794 bimus
493 4729 661 4816 capitaneo
683 4738 791 4796 nostro
824 4726 1025 4812 Tridentino,
1054 4739 1090 4794 nt
1117 4751 1190 4795 cum
1219 4729 1280 4794 R=⁰
1314 4730 1350 4798 Ο.
1379 4727 1548 4796 Madruoio
1575 4721 1662 4790 amitt

361 4842 470 4897 nostro
493 4831 678 4897 charissimo
701 4841 817 4898 tractet
838 4842 872 4897 et
892 4832 1073 4914 conveniat
1103 4855 1168 4922 qua
1189 4834 1312 4899 ratione
1333 4831 1514 4900 istiusmodi
1535 4823 1661 4900 suendis

364 4935 528 5006 commode
549 4935 670 5002 institui
692 4935 902 5023 ipsisqnemet
921 4935 1046 5002 civibus
1067 4938 1190 5024 iniungi
1212 4946 1311 5024 queat
1326 4986 1333 5001 .
1350 4988 1383 5003 ..
