3450 5818
1323 495 1384 564 iti

80 686 158 772 inque
179 687 249 750 eins
270 705 385 750 munus
407 683 490 748 mitti
511 689 645 771 coeptae
667 693 750 768 sunt,
780 703 865 772 quae
886 703 938 750 res
959 682 1134 772 plurimum
1156 683 1199 750 ed
1219 683 1389 752 Maneant

79 788 314 874 indignationem
335 788 489 854 momenti
512 785 690 853 attulit...

161 891 323 958 Audimus
345 889 422 958 8⁸¹·
443 889 485 956 D.
509 887 548 956 N.
573 890 711 956 dominis
732 890 848 978 legatis
869 892 1087 965 iniunctumm
1110 913 1191 978 esse,
1213 901 1250 958 ut
1270 894 1304 957 in
1317 915 1389 981 pro·

75 997 149 1060 xima
169 998 314 1064 sessione
340 996 613 1064 continuationem
641 996 770 1061 omnino
792 997 984 1083 exprimant.
1023 998 1172 1084 quemvis
1194 1005 1303 1063 sutem
1325 1019 1388 1064 mo

72 1101 209 1166 ninirnus
231 1101 310 1189 quid
330 1099 398 1166 M*
422 1097 463 1165 V.
486 1097 519 1164 S.
534 1099 629 1166 nobis
650 1098 862 1184 mandaverit,
884 1109 992 1166 temen
1014 1099 1076 1166 hoo
1097 1100 1148 1165 Μ“
1167 1097 1209 1165 V.
1233 1098 1265 1165 S.
1288 1099 1390 1166 humi·

71 1203 134 1269 lime
155 1203 363 1270 indicandum
386 1203 570 1270 consuimus
593 1212 625 1268 et
647 1202 867 1290 supplicamus
888 1213 933 1288 ut,
956 1203 1059 1291 siquo
1082 1223 1161 1270 casu
1175 1203 1238 1270 hoc
1253 1206 1389 1284 eveniat,

71 1305 127 1370 bi*
150 1307 190 1373 V.
214 1307 247 1373 S.
271 1305 447 1373 clementer
472 1307 567 1372 nobis
591 1306 772 1394 significare
795 1306 960 1394 dignetur,
989 1327 1031 1372 an
1053 1303 1162 1372 adbuc
1192 1308 1226 1372 in
1248 1329 1287 1373 eo
1310 1329 1390 1373 casu

71 1433 120 1476 nos
140 1433 160 1476 a
180 1410 320 1498 publicis
343 1409 470 1477 aodbus
499 1411 661 1478 obstinere
683 1408 836 1477 velit...

193 1602 252 1670 Vgt
270 1603 347 1670 Surpi
365 1602 548 1668 5113Pu12v.
567 1605 591 1667 2,
609 1603 675 1665 3823
693 1601 837 1654 Mendham
855 1604 913 1654 149.
924 1604 990 1666 214;
1012 1603 1062 1670 Ep.
1091 1603 1203 1670 Pogiaui
1220 1603 1245 1668 8,
1263 1603 1306 1654 99.
1336 1602 1388 1654 Die

124 1687 261 1757 Mahnung
279 1690 327 1743 der
345 1689 476 1744 Oratoren
494 1690 549 1742 und
567 1689 611 1742 die
628 1689 702 1740 Rede
719 1689 923 1756 Paumgertners
942 1691 969 1740 in
986 1690 1025 1743 Le
1043 1688 1104 1740 rut
1120 1691 1146 1754 t,
1164 1690 1224 1743 33⁶.
1242 1689 1302 1740 346.

620 1869 822 1878 —--—-—-—-

580 2099 859 2186 CLXXXVI.

310 2301 417 2378 Thon
448 2301 521 2378 und
552 2302 784 2382 Dreakovica
811 2326 858 2380 sn
887 2303 960 2378 den
990 2302 1137 2390 Koiaer3

543 2441 675 2504 Trioni,
693 2442 708 2492 7
727 2441 798 2492 Juli
817 2439 906 2492 loos.

394 2619 573 2678 musta.
598 2621 747 2694 Ortyinau·
768 2623 799 2678 tn
820 2626 912 2693 torpor
934 2622 975 2676 14
997 2621 1067 2678 Μ.

156 2766 234 2832 Post
244 2767 409 2854 proximas
417 2777 544 2835 nostras
555 2765 663 2832 literas
679 2779 807 2857 praeter
821 2770 1077 2855 expectationem
1087 2775 1228 2832 nostrum
1241 2763 1382 2832 animad-

67 2871 217 2952 vertimus,
241 2870 358 2938 multos
382 2895 424 2938 ex
445 2873 590 2961 patribus
606 2883 738 2961 repente
761 2872 801 2937 de
825 2873 932 2959 priore
953 2893 1012 2937 sua
1031 2872 1189 2936 sententia
1204 2867 1382 2935 declinasse

67 2992 160 3059 neque
182 2976 247 3039 iam
269 2984 422 3041 utentes
445 2979 701 3043 communionem
724 2976 785 3042 sub
796 2987 932 3064 utreque
948 2975 1038 3040 laicis
1055 2973 1294 3040 concedendam
1309 2993 1381 3038 cen-

67 3095 134 3140 sere.
156 3075 190 3142 id
212 3087 318 3144 autem
341 3081 433 3145 cuius
456 3081 609 3147 instinctu
631 3092 688 3147 out
709 3103 807 3167 opera
829 3080 949 3144 faotmn
971 3080 1020 3162 sit,
1043 3078 1201 3143 affirmare
1222 3099 1287 3143 non
1308 3097 1382 3164 pos·

65 3197 173 3246 sumus.
198 3179 240 3246 D.
263 3180 361 3268 legati
383 3193 557 3272 propterea
572 3187 717 3250 evenisso
735 3183 854 3264 dicunt,
878 3182 965 3270 quod
977 3181 1044 3246 111⁸*
1060 3181 1102 3246 D.
1118 3181 1208 3247 ducis
1222 3181 1381 3246 Bavariec

65 3293 162 3349 orator
182 3293 313 3371 praeter
335 3287 590 3353 communionem
621 3285 685 3353 duo
714 3287 769 3351 illa
790 3287 936 3374 petiisset
958 3335 965 3350 .
989 3335 996 3350 .
1021 3335 1029 3350 .
1059 3284 1121 3352 hoc
1142 3295 1192 3350 est
1213 3294 1249 3350 ut
1269 3283 1382 3349 liceret

65 3381 166 3452 doctos
193 3391 281 3454 viros
310 3393 441 3457 meritos
470 3390 655 3457 sacerdotes
679 3389 828 3456 ordinere
857 3399 889 3454 et
910 3389 1138 3455 reformeretur
1166 3388 1287 3472 clerus,
1317 3409 1380 3475 quo

64 3485 93 3550 tt
102 3499 135 3554 ut
152 3493 302 3557 timerent
316 3503 426 3579 patres
443 3517 493 3578 ne,
518 3495 545 3559 si
565 3515 665 3559 unum
684 3492 922 3577 concederetur,
945 3491 1039 3580 plura
1051 3515 1178 3580 semper
1190 3501 1375 3580 peterentur

63 3587 117 3657 huo
138 3595 293 3662 accedere
316 3597 468 3663 dicebant
490 3597 578 3686 quod
600 3597 693 3664 chrm
716 3597 895 3664 Galliarum
917 3597 1002 3684 regis
1026 3607 1169 3662 oratores
1193 3617 1320 3684 quoque
1339 3595 1379 3660 de

64 3695 165 3763 eadem
186 3723 222 3765 re
245 3702 398 3786 scriptum
422 3701 653 3767 exhibuissent.
676 3700 890 3790 periculosum
915 3711 1023 3767 autem
1047 3723 1117 3767 csse
1128 3701 1275 3789 patribus
1290 3698 1379 3764 vide·

64 3807 141 3866 retur
166 3811 215 3868 tot
235 3803 419 3870 nationibus
443 3804 537 3869 simul
567 3805 677 3870 calicis
699 3827 794 3870 usum
822 3805 1010 3896 concedere.
1042 3805 1124 3870 haec
1151 3803 1193 3869 D.
1215 3802 1315 3892 legati
1336 3802 1369 3867 di

64 3903 177 3971 cebant.
200 3930 260 3972 nos
282 3930 360 3973 vero
383 3917 419 3973 ut
441 3931 497 3975 eos
521 3911 575 3997 qui
598 3911 716 3997 scripto
738 3909 792 3975 illo
814 3920 923 3976 nostro
946 3909 1158 3975 admonitorio
1180 3910 1214 3972 in
1235 3917 1379 3983 nostram

64 4011 242 4076 sententiam
269 4013 421 4100 pertracti
443 4012 637 4079 videbantur
658 4016 877 4096 retineremus,
913 4023 945 4078 et
967 4035 1022 4079 eos
1046 4013 1143 4078 etiam
1166 4014 1220 4100 qui
1244 4011 1378 4077 euobis

64 4105 275 4179 discessissent
297 4115 339 4181 ad
361 4117 499 4203 priorem
523 4119 712 4183 sententiam
727 4139 960 4201 revocaremus,
985 4128 1080 4182 antea
1099 4115 1289 4182 dederamus
1305 4137 1378 4203 ope-

64 4233 122 4278 ram
143 4226 179 4281 ut
201 4215 293 4284 Obr¹¹¹
317 4221 403 4306 regis
427 4229 568 4287 oratores
585 4221 670 4287 idem
682 4231 843 4307 urgerent
868 4220 1075 4309 sperabamus
1094 4221 1187 4301 enim,
1211 4221 1237 4284 si
1251 4217 1378 4284 illorum

64 4335 180 4406 qnoque
202 4321 244 4385 ad
265 4333 408 4388 nostram
431 4333 462 4390 et
483 4323 551 4389 ssl=¹
569 4323 660 4390 ducis
682 4325 841 4391 Bavariae
865 4327 999 4392 oratoris
1020 4324 1210 4389 sententiam
1234 4324 1377 4387 accessio

63 4415 150 4506 fieret,
178 4423 271 4491 facile
294 4427 435 4492 futurum
462 4437 499 4493 ut
519 4439 627 4516 patres
655 4431 760 4516 magis
789 4451 829 4495 ao
856 4431 960 4516 magis
982 4437 1253 4515 permoverentur.
1276 4426 1377 4490 iacte-

63 4519 146 4589 batur
167 4529 253 4594 enim
274 4529 357 4596 inter
378 4539 487 4619 patres
515 4541 547 4598 et
568 4532 735 4620 theologos
757 4533 916 4598 neminem
940 4553 1010 4598 esse
1032 4533 1086 4619 qui
1108 4539 1240 4618 peteret.
1269 4530 1377 4616 itaque

64 4623 115 4710 ipsi
136 4653 263 4720 quoque
287 4633 405 4722 scripto
428 4633 569 4723 quodam
591 4635 679 4723 quod
700 4635 751 4701 Μ’Ι
772 4635 813 4700 V.
829 4635 861 4702 S.
875 4637 1019 4699 misimus
1032 4645 1139 4720 patres
1153 4632 1376 4715 admoverunt,

66 4750 119 4813 qno
141 4745 295 4822 quantum
325 4735 519 4822 profecerint
549 4739 709 4804 affirmare
731 4762 796 4804 non
818 4759 998 4825 possumus.
1029 4735 1109 4801 illud
1130 4745 1240 4800 tamen
1262 4734 1376 4801 intelli·

66 4833 156 4916 gimus
179 4848 211 4904 et
231 4839 297 4904 iam
320 4841 415 4907 etiam
438 4844 531 4930 quasi
552 4842 702 4908 manibus
726 4851 972 4924 contrectemus,
995 4840 1083 4928 quod
1098 4841 1166 4905 sine
1187 4862 1306 4926 magno
1321 4837 1376 4902 do-

66 4931 123 5002 lore
143 4940 247 5008 dicere
269 4967 334 5009 non
355 4967 537 5032 possumus,
560 4945 639 5010 nihil
662 4945 714 5011 hio
737 4946 821 5012 effici
844 4967 939 5034 posse
960 4944 1023 5008 nisi
1041 4943 1168 5029 magnis
1184 4940 1376 5030 quibusdam

66 5045 206 5122 pucucis.

1122 5165 1171 5220 2³⁸
