3498 5830
664 677 905 767 LXXVIII.

493 898 571 972 Der
599 896 717 992 Pepst
742 917 788 970 an
818 897 892 972 den
922 894 1072 992 Kaisar-3

562 1052 657 1115 som,
675 1054 692 1102 4
709 1050 898 1103 December
918 1052 1008 1102 1560.

272 1233 457 1289 remunerer
473 1231 656 1288 Oondlccten.
693 1229 763 1300 Hest
775 1230 975 1304 pleictrer'tr'qer
988 1228 1164 1300 Absclsn'fteu
1178 1229 1234 1285 Nr.
1250 1231 1301 1284 14.

428 1412 505 1477 Pius
527 1433 615 1499 papa
635 1411 694 1476 IV.

225 1531 424 1599 Obarissime
446 1535 480 1598 in
503 1531 631 1598 Christo
653 1531 708 1616 tili,
732 1531 869 1597 salutem
892 1539 925 1596 et
946 1530 1157 1618 apostolicam
1185 1527 1455 1596 benedictionem.

114 1659 178 1702 uos
198 1634 334 1702 tandem
357 1635 588 1702 catholicorum
610 1635 792 1724 principum
813 1634 943 1700 hortatu
959 1645 990 1700 et
1004 1657 1123 1720 magno
1139 1633 1279 1700 omnium
1296 1653 1455 1698 consensu

118 1739 301 1806 indiximus
325 1737 496 1806 concilium
510 1739 544 1804 in
560 1739 690 1805 civitate
705 1737 897 1803 Tridentino
912 1736 1151 1820 celebrandum,
1177 1735 1265 1826 quod
1289 1757 1456 1823 speramus

119 1842 183 1908 deo
208 1843 387 1910 adiuvante
414 1843 522 1909 facere
550 1841 759 1908 fructuosum.
781 1839 828 1905 nil
856 1841 942 1905 euim
969 1838 1059 1905 aliud
1087 1841 1266 1926 cogitamus
1294 1848 1392 1928 etque
1422 1839 1456 1903 in

119 1947 231 2012 animo
253 1945 411 2012 habemus
427 1968 524 2033 quam
546 1944 682 2033 gloriam
705 1954 738 2010 et
758 1943 914 2009 bonorem
936 1943 998 2029 dei,
1021 1965 1119 2009 verae
1140 1941 1216 2009 fidei
1239 1951 1271 2008 et
1292 1941 1457 2029 religionis

120 2051 403 2116 conservationem
426 2059 459 2115 et
473 2045 506 2114 S.
519 2050 630 2114 matris
646 2047 803 2114 ecclesiae
824 2041 1036 2114 unitatcm'et
1056 2068 1172 2135 pacem
1194 2054 1292 2135 atque
1315 2046 1456 2114 omnium

119 2151 399 2242 tranquillitatem,
424 2176 507 2242 quae
530 2154 637 2220 omnia
667 2173 879 2239 procuramus
901 2160 934 2216 et
954 2151 1158 2240 procuraturi
1181 2172 1309 2239 semper
1337 2171 1457 2234 sumus,

120 2258 219 2322 ctiam
243 2280 318 2324 cum
342 2258 508 2344 sanguinis
530 2257 631 2322 nostri
654 2255 808 2322 effusione
831 2256 858 2320 si
880 2277 962 2342 opus
985 2255 1055 2321 erit.
1078 2278 1143 2344 que
1164 2255 1198 2320 in
1220 2277 1254 2321 re
1276 2253 1355 2320 Mem
1370 2263 1460 2320 trram

122 2369 156 2425 et
183 2370 331 2427 caeteros
355 2359 545 2426 christianos
566 2359 730 2448 principes
753 2381 921 2448 speramus
944 2367 977 2424 et
996 2381 1056 2447 pro
1080 2368 1168 2424 certo
1190 2357 1348 2424 habemus
1370 2356 1460 2423 adiu·
1506 2423 1510 2432 ,

122 2473 210 2530 tores
231 2464 328 2530 nobis
350 2464 428 2547 fore,
453 2486 526 2530 cum
546 2463 738 2553 praesertim
761 2461 814 2529 dei
836 2485 936 2528 cause
959 2472 1075 2550 agatur
1098 2472 1131 2528 et
1152 2463 1294 2528 omnium
1310 2461 1400 2550 quies
1421 2482 1461 2526 ac

125 2567 213 2632 salus
228 2577 429 2656 procuretur.
452 2567 637 2633 indictionis
651 2589 730 2656 vero
750 2565 840 2633 bulla
856 2565 899 2632 ad
914 2575 1003 2630 tuam
1017 2565 1095 2632 Mem
1110 2565 1346 2646 transmittitur,
1363 2584 1461 2652 quem

125 2672 275 2760 cupimus
298 2671 342 2736 ad
362 2671 509 2737 notitiam
530 2671 712 2759 principum
735 2679 768 2736 et
788 2668 980 2757 populorum
1003 2669 1144 2735 omnium
1168 2670 1221 2758 qui
1245 2667 1305 2734 sub
1328 2677 1382 2734 tuo
1405 2669 1461 2732 im·

124 2777 214 2862 perio
239 2784 314 2839 sunt
334 2775 512 2862 pervenire,
536 2774 580 2840 ad
603 2797 683 2863 quos
706 2775 804 2839 etiam
827 2773 1014 2860 scripsimus
1037 2782 1069 2852 et
1090 2773 1308 2860 praesentium
1337 2769 1462 2836 exhibi-

126 2889 228 2944 torem
251 2879 403 2944 nuncium
425 2885 570 2944 nostrum
590 2879 756 2960 mittimus,
779 2876 953 2942 invitantes
968 2897 1079 2942 omnes
1094 2875 1138 2940 ad
1154 2876 1275 2942 dictum
1291 2873 1462 2944 concilium

127 2981 214 3070 quod
236 2981 270 3046 in
293 2982 407 3068 spiritu
434 2981 575 3048 lenitatis
603 2989 636 3047 et
663 2979 829 3047 charitatis
857 3002 913 3046 eos
941 2978 1059 3060 audiet,
1083 2980 1111 3043 si
1140 3000 1205 3066 qua
1233 2978 1273 3044 de
1296 3001 1331 3046 re
1354 2977 1462 3045 dicere

128 3094 183 3150 aut
205 3086 360 3174 conqueri
382 3083 552 3169 voluerint,
575 3093 608 3151 ct
630 3085 657 3150 si
680 3085 763 3150 iusta
784 3091 905 3173 petent,
929 3075 1026 3148 e'tiam
1041 3080 1195 3148 exaudiet
1210 3091 1242 3148 et
1257 3104 1292 3149 se
1308 3081 1371 3148 illis
1386 3103 1461 3170 gra-

127 3198 195 3253 tum
217 3197 251 3254 et
273 3186 476 3254 commodum
490 3186 678 3276 praestabit.
694 3186 819 3274 reliqua
833 3209 876 3252 ex
889 3186 1054 3273 praesenti
1068 3185 1185 3252 nuncio
1200 3193 1310 3252 nostro
1327 3207 1461 3272 cognos-

128 3301 180 3357 cet
200 3291 271 3357 Me·
293 3301 358 3372 tua,
382 3281 479 3380 qu'am
502 3291 650 3357 dominus
673 3299 843 3358 conservet
863 3288 1057 3356 incolumem
1079 3298 1112 3355 et
1133 3287 1269 3356 felicem.

231 3394 352 3460 Datum
374 3395 496 3461 Romae
519 3393 572 3461 die
595 3403 712 3483 quarta
732 3391 926 3460 Decembris
950 3392 1043 3458 1560.

274 3569 326 3619 Dic
343 3567 423 3618 Form
441 3565 528 3618 dieses
546 3565 704 3620 Schrsibens
721 3566 858 3618 bekuudet
882 3565 944 3616 dass
962 3565 1018 3616 dies
1036 3564 1084 3616 der
1106 3565 1134 3616 in
1150 3565 1196 3620 Nr.
1215 3565 1312 3618 LXXX
1331 3565 1463 3618 erwtlbute

198 3653 391 3720 cigenbtndIge
412 3654 487 3705 Brtef
512 3653 558 3704 des
584 3654 696 3720 Papetes
721 3654 769 3716 ἱεὶς
797 3652 852 3719 vgl.
881 3651 949 3704 dam
966 3651 1050 3717 Rcym
1070 3653 1136 3703 1501
1160 3652 1206 3706 Nr.
1226 3655 1268 3706 21.
1304 3652 1463 3704 Ausserdem

196 3740 286 3791 wurde
307 3755 342 3792 tm
360 3741 412 3791 deu
429 3741 523 3790 Kaiser
539 3753 583 3790 cm
601 3741 635 3790 30
647 3740 798 3791 November
815 3739 855 3796 als
871 3736 1117 3804 Begleitschrereu
1136 3754 1168 3788 su
1186 3737 1233 3790 der
1246 3739 1465 3790 IndIctionsbulIe

198 3827 241 3877 ein
254 3826 339 3878 Breve
355 3826 485 3892 gerichtet
502 3825 615 3892 (lumbr.
634 3825 816 3890 Concilacten,
833 3825 900 3876 Hst't
917 3824 961 3876 Νι.
982 3827 1026 3890 12;
1051 3825 1122 3878 auch
1139 3825 1308 3877 verzeichnet
1324 3827 1361 3877 im
1379 3826 1463 3878 Index

198 3918 288 3979 negot.
305 3911 519 3980 pontificiorum),
537 3913 585 3964 dns
602 3912 724 3967 siemliclt
741 3911 902 3979 vollstfindIg
918 3914 946 3962 in
962 3912 1118 3979 Baynnldus
1136 3911 1179 3964 Νι,
1201 3914 1234 3964 70
1254 3937 1284 3956 -
1303 3913 1343 3964 Le
1360 3912 1422 3963 Plat
1438 3915 1464 3974 4,

199 4001 250 4050 663
268 3999 435 4066 abgodruclrt
451 4001 493 4050 ist.
523 3999 611 4050 Briefe
629 3999 770 4050 thulichen
788 3999 906 4050 Iuhcltes
925 3997 1033 4050 wurden
1049 4013 1084 4050 an
1101 3997 1266 4050 cltmmtlmho
1283 3999 1397 4050 Fttrsten
1415 3998 1463 4050 des

198 4085 347 4138 remischen
363 4085 570 4136 Bekenntnisses
587 4085 713 4151 gescudt,
735 4083 767 4150 js
789 4084 860 4136 such
883 4086 930 4136 mit
948 4084 1000 4139 deu
1024 4084 1229 4140 erfordcrIIchen
1246 4083 1464 4136 Modiflcationsn

199 4186 233 4222 an
250 4171 303 4222 alle
320 4171 434 4223 Fttrsteu
452 4172 494 4223 die
513 4171 572 4222 dem
591 4187 678 4222 neuen
697 4170 819 4223 Glauben
837 4170 969 4237 zugethan
986 4186 1082 4223 waren.
1104 4171 1178 4222 runs
1192 4171 1340 4238 pltpstliche
1359 4170 1463 4222 Schrci·

200 4258 253 4310 ben
271 4257 319 4309 der
333 4257 461 4310 letztsrsu
479 4259 599 4324 ereans
614 4257 703 4312 finden
719 4258 778 4310 sich
795 4259 823 4310 iu
840 4256 900 4310 dem
918 4257 1097 4310 tumbrueker
1113 4257 1179 4308 fleo
1196 4258 1241 4311 Νι.
1261 4259 1372 4321 16-20,
1389 4261 1463 4309 nilm-

199 4343 253 4395 lich
271 4359 305 4394 en
323 4343 374 4396 den
392 4345 479 4411 Ktnig
496 4359 550 4396 von
568 4343 715 4396 Schwedcn
734 4343 877 4410 (gedruckt
894 4345 922 4394 tn
940 4343 1095 4409 Rayualdus
1112 4344 1157 4396 Νι.
1171 4345 1222 4410 74),
1241 4359 1275 4396 an
1294 4344 1346 4396 deu
1358 4345 1390 4396 K.
1410 4359 1464 4396 von

200 4431 362 4496 Dilnemcrk,
380 4445 415 4482 sn
432 4431 484 4482 deu
496 4431 604 4498 Herzog
621 4446 675 4482 von
693 4429 812 4482 Sachsen
828 4428 884 4482 und
902 4432 967 4482 swei
985 4429 1028 4482 die
1047 4430 1116 4482 ohne
1133 4431 1285 4482 bestimmte
1296 4429 1412 4482 Aurem
1424 4430 1467 4482 fflr

200 4516 244 4569 die
255 4519 355 4570 andern
370 4517 611 4585 protestantischen
622 4518 735 4569 Fttrsten
748 4515 946 4568 Dcutschlsnds
963 4517 1097 4568 bestimmt
1114 4531 1204 4568 waren
1221 4515 1275 4583 (die
1294 4517 1350 4568 drel
1368 4518 1467 4569 letsten

201 4604 294 4659 slehen
317 4607 343 4655 in
361 4604 464 4659 Planci:
482 4605 576 4656 anecd.
599 4603 665 4655 fasc.
689 4605 722 4655 22
739 4603 786 4654 Nr.
804 4603 892 4670 3-6).
927 4603 972 4654 Da
998 4618 1027 4654 cs
1050 4603 1170 4656 offsnbar
1192 4603 1236 4656 dic
1258 4603 1357 4654 letston
1381 4604 1467 4654 Breve

202 4688 267 4741 oder
285 4689 481 4747 credentialisn
498 4690 567 4742 ohne
584 4691 736 4742 bestimmte
753 4689 868 4740 Adresso
884 4705 974 4742 waren
992 4689 1044 4754 die,
1068 4692 1117 4741 wte
1135 4692 1183 4740 wit
1196 4693 1288 4757 spbter
1305 4689 1386 4741 sehen
1403 4706 1467 4741 wer-

203 4777 263 4840 den,
286 4775 337 4828 den
355 4777 468 4828 Fssrsten
490 4779 518 4828 in
535 4777 690 4842 Naumburg
711 4775 862 4828 tiberreicht
883 4775 939 4827 und
954 4792 1008 4827 von
1027 4775 1119 4828 diesen
1136 4791 1228 4843 wegen
1247 4775 1294 4827 der
1312 4776 1372 4826 dem
1389 4776 1467 4828 romi·

202 4865 285 4915 seben
303 4864 437 4916 Ourinlstil
455 4863 683 4930 anteprechcnden
700 4861 806 4914 Anrede
824 4863 1059 4929 rurttckgswiesen
1076 4861 1193 4927 eumen,
1210 4863 1264 4913 will
1281 4861 1326 4913 Ich
1343 4861 1402 4913 hier
1419 4861 1467 4914 das

203 4951 419 5005 euadentem
437 4949 591 5004 mulonem
627 4951 684 5002 Des
705 4949 805 5002 audere
828 4951 864 5002 ist
879 4950 975 5001 kttrser
995 4950 1051 5001 und
1073 4949 1139 5001 Iurat
1163 4949 1324 5001 namontlich
1343 4949 1386 5000 dte
1403 4949 1467 5000 Aul·

204 5037 346 5104 sorderung
363 5053 411 5088 cus
430 5037 564 5090 Gesmdse
582 5037 630 5089 auf
646 5036 694 5088 dns
712 5036 807 5090 Concil
824 5053 859 5088 ιιι
875 5037 1010 5090 ιιὶιίιΙιοιι

1197 5152 1246 5204 10*
