3498 5830
1422 546 1483 615 143

144 733 211 800 rint
235 739 264 801 si
290 736 370 826 qnid
391 738 567 805 consultius
589 739 719 804 decerni
734 747 853 826 posset
877 761 918 804 ea
939 748 1047 804 tamen
1071 760 1155 826 quae
1176 760 1393 826 praecessere,
1416 740 1482 804 iam

142 839 297 904 indicant
319 842 410 907 cuius
432 843 497 907 sint
518 843 616 908 animi
638 852 670 908 et
692 842 780 930 quod
803 843 865 907 sint
887 841 930 906 ad
953 843 1225 908 continuationem
1252 864 1350 928 quam
1372 841 1413 907 ad
1436 843 1482 906 in·

142 941 325 1010 dictionem
359 947 535 1031 proniores.
578 949 648 1033 ipse
678 945 820 1012 officium
848 967 955 1010 meum
991 967 1057 1010 non
1089 947 1279 1028 intermitto,
1315 946 1393 1033 quin
1426 967 1482 1010 eos

141 1047 366 1130 persuadeam
389 1048 432 1114 ad
447 1048 705 1136 amplectendam
719 1048 785 1113 Ml·
809 1049 849 1113 V.
866 1049 1067 1132 sententiam,
1091 1047 1150 1113 sed
1165 1069 1281 1114 vereor
1302 1071 1343 1116 ne
1364 1048 1481 1134 oleum,

142 1149 239 1235 quod
261 1153 362 1234 aiunt,
386 1162 419 1218 et
440 1175 572 1240 operam
594 1153 802 1240 perdam...

251 1253 325 1318 Ans
346 1255 398 1339 2):
434 1255 474 1319 ln
496 1276 573 1321 caso
596 1255 656 1322 che
678 1255 710 1320 la
731 1253 819 1320 bolla
842 1253 916 1320 dica
938 1253 997 1319 che
1020 1251 1052 1320 S.
1076 1253 1121 1320 δ’·
1149 1253 1256 1320 indice
1278 1278 1323 1320 un
1345 1255 1481 1321 concilio

143 1379 253 1440 novo,
283 1357 306 1420 il
334 1380 474 1424 vescovo
497 1356 705 1424 Comendone
732 1358 845 1423 venira
874 1355 939 1422 alla
959 1355 1019 1422 Mu
1036 1357 1076 1423 V.
1105 1380 1164 1445 per
1196 1359 1262 1442 far,
1293 1368 1416 1446 quanto
1450 1357 1482 1423 la

141 1459 204 1522 Μῑ·
222 1459 265 1526 V.
291 1459 445 1526 ordinara
466 1463 554 1526 circa
574 1484 595 1526 a
616 1460 636 1525 l’
649 1460 770 1527 andare
794 1459 837 1525 da
863 1458 885 1524 li
914 1459 1027 1526 ordeni
1056 1459 1480 1548 dell'Augustana·conles·
1509 1535 1510 1538 Ἴ

144 1565 250 1646 sione,
274 1586 334 1650 pcr
356 1563 518 1630 essortarli
541 1563 572 1628 al
594 1566 686 1630 venir
708 1561 739 1628 al
764 1561 899 1628 concilio
916 1614 923 1627 .
943 1611 976 1628 ..

306 1753 358 1804 Die
375 1753 450 1804 bulla
467 1753 674 1820 supplicationes
701 1753 822 1804 indicens
849 1770 910 1806 vom
934 1755 968 1806 20
986 1754 1137 1806 November
1159 1755 1230 1806 steht
1252 1757 1279 1805 in
1302 1756 1388 1822 Rayn.
1415 1756 1481 1806 1560

218 1839 263 1890 Νι.
282 1841 317 1890 68
335 1859 368 1884 =
386 1841 426 1890 Le
444 1839 504 1891 Plat
521 1844 546 1904 4,
564 1842 622 1892 669.

728 2292 904 2379 LXXV.

418 2509 608 2586 catomo
637 2509 793 2587 Ouaauo
820 2533 867 2586 au
897 2512 936 2587 Κ.
965 2511 1209 2603 ΜεκὶηιὶΙίοη;

582 2684 677 2747 Rom,
701 2686 740 2734 23
758 2683 945 2734 November
965 2685 1055 2734 1560.

668 2861 804 2919 Romano.
821 2861 958 2937 Osipinol.

253 3041 283 3106 E
307 3039 391 3108 stato
426 3041 514 3108 detto
547 3039 628 3106 oh’e
657 3063 717 3128 per
745 3043 861 3106 essersi
888 3039 1021 3108 risoluto
1050 3043 1061 3108 i
1089 3041 1204 3132 prelati
1227 3053 1259 3109 et
1280 3043 1421 3131 theologi
1444 3043 1477 3109 di

152 3144 297 3232 Spagna,
321 3143 381 3210 che
403 3145 431 3208 si
446 3143 574 3218 doveva
596 3141 705 3208 levare
727 3142 760 3208 la
782 3146 993 3230 suspensione
1017 3145 1069 3210 del
1092 3141 1228 3212 concilio
1252 3146 1284 3212 di
1305 3147 1424 3213 Trento
1448 3159 1479 3212 et

152 3247 364 3326 continuarlo,
387 3247 409 3312 li
433 3247 520 3336 quali
543 3247 568 3310 s'
581 3269 678 3312 erano
703 3250 891 3335 congregati
912 3269 972 3334 per
993 3249 1104 3315 ordine
1127 3249 1243 3316 dicono
1259 3249 1345 3318 della
1359 3251 1417 3314 Μ’ι
1430 3273 1481 3315 ca·

152 3351 260 3436 tolica,
295 3351 354 3417 che
384 3351 411 3416 il
439 3373 528 3440 papa
549 3373 609 3438 per
631 3351 842 3418 sodisfatione
871 3351 940 3418 loro
962 3363 995 3418 et
1023 3353 1057 3418 di
1079 3352 1112 3419 S.
1136 3354 1193 3420 Me
1207 3353 1250 3419 ha
1272 3354 1424 3420 concluso
1447 3353 1479 3418 di

152 3453 263 3520 levare
286 3454 376 3520 detta
397 3457 677 3541 suspensione...
699 3476 764 3520 non
785 3454 857 3522 diro
880 3455 972 3539 altro,
1006 3455 1075 3522 solo
1098 3456 1158 3522 che
1180 3456 1287 3522 alcuni
1317 3457 1480 3544 vogliano,

153 3558 213 3623 che
235 3581 271 3624 se
292 3558 376 3624 bene
398 3557 657 3625 l'imbasciatore
680 3558 713 3624 di
736 3557 769 3624 S.
792 3559 849 3624 M‘⁸
868 3557 1005 3625 catolioa
1026 3559 1069 3625 ha
1090 3571 1262 3647 procurato
1286 3559 1346 3626 che
1369 3563 1395 3625 si
1417 3558 1481 3624 levi

153 3661 185 3726 la
207 3663 418 3750 suspensione
447 3661 499 3728 del
529 3662 665 3728 concilio
694 3661 727 3727 di
749 3661 870 3728 Trento
898 3672 931 3728 et
953 3660 1130 3730 consentito
1154 3664 1218 3730 alla
1241 3665 1480 3730 continuatione

154 3765 187 3830 di
209 3787 292 3849 esso,
316 3763 376 3830 che
398 3765 447 3829 sia
467 3765 551 3830 fuori
574 3764 593 3829 l’
606 3764 718 3831 ordine
742 3764 828 3830 della
850 3765 907 3830 ΜῙΙ
920 3763 962 3850 S,
986 3766 1151 3833 essendosi
1173 3776 1329 3833 mostrata
1351 3767 1384 3832 di
1407 3789 1481 3832 con·

153 3891 281 3934 correre
290 3867 345 3932 nol
354 3865 445 3933 voler
454 3877 488 3933 et
496 3889 611 3955 parere
619 3865 705 3932 della
715 3867 773 3932 Mt·
786 3866 822 3933 Ο.
836 3877 868 3932 et
880 3867 1157 3955 christianissima3
1172 3891 1226 3935 ma
1238 3869 1298 3935 che
1308 3879 1392 3936 tutto
1404 3868 1481 3935 hab·

152 3972 209 4038 bia
231 3972 311 4038 fatto
334 3993 355 4036 a
378 3969 465 4036 buon
486 3971 550 4038 line
572 3993 631 4057 per
652 3993 717 4037 non
739 3981 873 4036 mettere
894 3971 927 4036 la
940 3971 998 4036 M²¹
1011 3971 1044 4036 S.
1061 3970 1199 4038 catolica
1221 3975 1254 4036 in
1270 3971 1482 4039 sconlidentia

152 4075 196 4140 di·
209 4077 315 4163 questi
337 4075 475 4162 principi
497 4074 564 4139 cosi
586 4073 651 4138 alla
672 4083 831 4160 cooperta,
856 4072 915 4139 che
938 4075 965 4138 si
988 4076 1083 4140 etima
1104 4075 1135 4141 le
1156 4086 1296 4142 pacano
1319 4097 1384 4141 una
1407 4076 1481 4162 lega

152 4189 281 4262 contra,
315 4189 348 4244 et
380 4179 470 4244 accio
497 4199 563 4242 non
588 4175 752 4242 habbiano
775 4179 946 4243 occasione
968 4177 1001 4242 di
1024 4181 1134 4244 venire
1163 4203 1184 4245 a
1204 4189 1329 4246 rottura
1351 4197 1426 4246 seeo
1449 4189 1482 4245 ct

150 4305 212 4370 per
232 4281 334 4348 haser
355 4291 464 4368 tempo
487 4281 521 4346 di
542 4279 592 4345 far
612 4279 792 4368 provedcre
821 4303 883 4346 con
911 4279 1079 4348 destreaaa
1106 4291 1188 4348 tutte
1216 4283 1246 4348 le
1274 4283 1415 4348 fortenze
1449 4293 1482 4348 et

152 4385 261 4451 lnochi
283 4385 313 4449 d'
326 4387 527 4471 importunas
549 4383 625 4450 delli
648 4386 722 4450 stati
744 4383 804 4450 ohe
825 4383 862 4449 la
880 4384 937 4449 Ma
950 4383 983 4449 S.
1005 4385 1156 4471 possiede
1179 4387 1211 4451 in
1233 4383 1330 4451 Italia
1345 4435 1353 4452 .
1370 4435 1402 4451 ..

716 4715 919 4728 —n———m
