3450 5818
322 724 551 814 biliremusque
574 726 668 791 sicuti
691 749 733 791 ex
756 727 899 814 ipsarum
914 724 1080 792 literarum
1094 735 1276 791 nostrarum
1292 726 1386 813 copia
1399 723 1484 791 Dil¹¹⁰
1496 726 1535 790 V.
1548 725 1652 791 latius

322 827 487 916 intelliget,
510 828 595 894 unde
618 838 650 894 et
672 827 750 894 illud
774 839 948 915 cognoscet
969 849 1029 896 nos
1050 828 1104 894 hio
1126 851 1191 894 non
1214 827 1302 894 aliud
1325 851 1480 916 quaerere
1503 851 1600 916 quam
1617 828 1658 893 id

323 933 427 1018 ipsum
460 931 547 1019 quod
574 933 672 996 etiam
703 931 869 998 ordinibus
893 931 926 998 S.
949 933 986 997 R
1014 931 1141 1018 imperii
1164 932 1387 1020 Augustanem
1417 931 1660 998 confessionem

323 1034 546 1122 profitentibus
578 1035 632 1123 qui
664 1033 750 1103 bona
778 1033 1000 1102 ecclesiastica
1026 1043 1269 1121 occupaverunt
1290 1058 1310 1099 a
1332 1033 1469 1102 concilio
1492 1033 1662 1122 indulgeri

324 1147 356 1202 et
377 1139 517 1224 permitti
540 1138 771 1204 desideramus,
800 1137 841 1202 ad
864 1138 945 1204 baec
968 1139 993 1204 si
1017 1137 1213 1226 dispensatio
1236 1137 1298 1204 ista
1319 1138 1468 1203 effectum
1491 1139 1661 1220 sortietur,

323 1240 410 1306 haud
432 1240 528 1306 dubie
548 1265 613 1306 non
638 1241 904 1308 contemnendam
918 1240 1129 1328 pecuniarum
1145 1241 1356 1328 quantitatem
1372 1263 1662 1328 consequeremur,

322 1343 481 1432 siquidem
503 1346 526 1409 ii
548 1345 603 1433 qui
626 1344 873 1432 dispensationis
894 1343 979 1410 illius
1001 1345 1173 1432 participes
1201 1367 1271 1410 esse
1293 1343 1460 1427 voluerint,
1483 1343 1665 1410 nobiscum

323 1447 429 1534 potius
453 1471 548 1535 quam
572 1471 645 1512 cum
669 1448 895 1514 ecclesiasticis
918 1449 1096 1534 transigere
1118 1447 1237 1529 volent,
1261 1449 1305 1513 ita
1327 1447 1415 1536 quod
1436 1469 1496 1512 nos
1521 1457 1665 1533 recepta

323 1551 461 1637 pecunia
483 1551 762 1642 archiepiscopum
785 1561 817 1618 et
838 1550 981 1638 reliquos
1003 1549 1238 1618 ecclesiasticos
1268 1548 1332 1616 alia
1360 1550 1455 1616 nobis
1477 1549 1667 1616 commoda

322 1655 378 1720 via
399 1663 630 1720 contentemus.

425 1759 644 1826 Veruntamen
666 1757 888 1824 lubentissime
920 1759 1070 1846 equidem
1097 1757 1263 1824 audiemus
1294 1779 1349 1822 eas
1379 1753 1589 1822 difficultates
1628 1767 1664 1821 et

322 1861 463 1928 rationes
497 1885 580 1948 quae
604 1861 679 1928 Dil”¹
701 1861 742 1927 V.
771 1871 943 1929 occurrunt
970 1863 1002 1928 in
1030 1861 1092 1929 boo
1113 1861 1264 1948 negocio,
1295 1861 1348 1927 cui
1375 1860 1566 1947 pollicemur
1595 1883 1663 1927 nos

322 1964 418 2030 etiarn
449 1963 548 2034 allata
575 1964 812 2051 dispensatione
840 1967 874 2030 in
903 1965 966 2033 hoc
993 1966 1127 2052 negocio
1157 1965 1291 2030 ulterius
1319 1987 1384 2030 non
1411 1986 1662 2052 progressuros,

322 2067 512 2155 priusquam
536 2067 638 2134 Dil¹'⁶'¹²
660 2069 700 2136 V.
723 2069 959 2150 audiverimus,
988 2071 1040 2135 cui
1062 2091 1141 2134 sane
1161 2068 1295 2156 reliquis
1318 2067 1466 2134 omnibns
1487 2089 1531 2133 ex
1554 2069 1664 2133 animi

321 2170 423 2236 nostri
446 2173 605 2240 sententia
628 2171 782 2241 confectis
804 2171 884 2238 alias
906 2195 1035 2262 quoqne
1050 2194 1116 2238 non
1131 2195 1242 2258 parum
1259 2171 1479 2258 impedimenti
1496 2181 1528 2237 et
1543 2195 1663 2238 morae

323 2273 499 2340 iniecturae
522 2283 596 2341 sunt
618 2273 836 2342 validissimae
851 2273 927 2342 illae
943 2275 1165 2362 obligationes,
1189 2276 1307 2364 quibus
1321 2297 1523 2363 possessores
1539 2297 1659 2341 eorum

218 2447 220 2452 ,
324 2375 481 2442 bonorum
510 2377 572 2444 sibi
602 2378 744 2446 vicissim
776 2378 921 2446 obstricti
943 2401 1014 2446 esse
1046 2379 1295 2464 dignoscuntur,
1327 2400 1464 2466 querum
1481 2377 1666 2465 explicatio

325 2476 458 2566 aliquod
481 2481 635 2568 temporis
657 2479 861 2548 intervallum
884 2479 1133 2568 postulabit...
1246 2559 1248 2562 Ι

455 2673 509 2723 Aua
528 2671 575 2722 der
593 2677 680 2724 ersten
697 2673 807 2737 Beilage
824 2673 858 2722 ist
876 2686 925 2722 nur
943 2670 1168 2734 hervoraulreben,
1186 2670 1248 2722 dass
1267 2670 1309 2721 die
1324 2669 1469 2737 vorttufige
1482 2670 1664 2740 Mittbeilnng

391 2774 426 2809 nn
444 2759 495 2809 deu
514 2757 595 2824 Pnpst
613 2757 697 2808 durch
721 2758 780 2810 eine
802 2773 862 2808 rom
888 2757 909 2808 G
938 2757 1080 2810 Borromeo
1108 2772 1141 2808 an
1169 2755 1220 2806 den
1242 2757 1355 2806 Nuntius
1379 2754 1483 2806 Delfino
1507 2757 1662 2822 gericbtete

393 2843 507 2910 Anfrage
525 2841 672 2894 veranlesst
695 2841 800 2894 worden
824 2855 890 2905 war,
913 2842 968 2894 und
993 2841 1054 2893 dass
1077 2841 1123 2893 der
1140 2839 1234 2892 Kaisar
1251 2842 1308 2892 sich
1326 2840 1505 2908 entsclmldigt
1522 2843 1551 2892 in
1570 2845 1663 2894 seincr

388 2929 506 2996 jetaigen
524 2927 693 2995 liittbeilung
709 2927 779 2980 noch
797 2928 870 2979 nicht
886 2929 979 2978 weiter
1001 2927 1070 2994 gelra
1088 2941 1121 2978 rm
1139 2925 1259 2990 konnen,
1282 2929 1405 2993 qnoniam
1423 2943 1465 2978 res
1482 2927 1605 2978 nondum
1626 2929 1662 2980 ad

390 3021 491 3068 cenam
508 3015 623 3082 aliquam
641 3014 838 3068 conclusionem
856 3013 966 3080 perduci
983 3015 1189 3082 ponnerttatqne
1206 3013 1294 3065 adhuc
1313 3015 1393 3064 etiam
1412 3015 1439 3064 in
1451 3017 1664 3079 praeparatoriis

392 3105 495 3154 tantum
513 3105 632 3154 versetur
649 3103 677 3152 in
695 3115 779 3168 eoque
799 3102 926 3152 consulat
944 3105 974 3150 ut
991 3101 1024 3152 ob
1043 3100 1113 3152 hano
1131 3113 1238 3152 mosara
1257 3101 1405 3152 incivitate
1416 3105 1507 3152 nostra
1519 3101 1659 3165 imperiali

390 3187 556 3238 Franeolurti
575 3186 610 3237 nd
629 3187 752 3238 Moenum
770 3201 927 3254 congressus
946 3201 1006 3238 cum
1026 3186 1185 3240 electoribus
1203 3187 1305 3238 tustini
1325 3187 1428 3238 debeat

868 3613 1100 3700 CLXVlll.

631 3830 828 3926 Prospero
856 3831 994 3908 d’tlreo
1021 3853 1068 3908 an
1093 3834 1166 3909 den
1194 3835 1341 3930 Kaleon

831 3987 920 4051 nom,
939 3989 955 4039 a
972 3988 1038 4039 nar
1058 3989 1146 4040 rosa.

673 4165 807 4228 Romanu.
832 4165 977 4238 Oriqinnl,¹
998 4166 1029 4221 in
1050 4173 1141 4238 tcrqo:
1163 4169 1206 4223 26
1227 4169 1300 4225 Mai.

427 4341 460 4407 S.
475 4341 521 4410 8²·
537 4341 629 4410 m’ba
644 4365 822 4410 commesso
845 4343 937 4410 clr’io
960 4347 1067 4411 scrire
1089 4346 1149 4412 obe
1172 4349 1257 4414 seria
1272 4370 1315 4414 se
1336 4369 1400 4414 non
1423 4348 1507 4416 bene
1529 4349 1593 4416 che
1616 4351 1658 4416 V.

323 4444 381 4512 M*
402 4444 526 4513 facesse
549 4444 693 4512 anchora
713 4445 852 4533 qualche
875 4447 981 4514 officio
1004 4471 1065 4515 con
1087 4448 1111 4514 il
1132 4471 1168 4516 re
1190 4449 1285 4533 cae,
1316 4450 1435 4538 perche
1457 4453 1491 4516 in
1514 4453 1656 4540 qualche

325 4559 416 4634 parte
439 4557 643 4616 contentasse
666 4547 722 4616 M”
751 4548 784 4614 di
806 4549 993 4635 Vandomo,
1022 4553 1113 4620 accio
1137 4552 1197 4619 che
1219 4554 1321 4641 quest’
1336 4553 1455 4622 huomo
1482 4577 1549 4620 non
1572 4559 1655 4622 rovi-

322 4673 418 4718 nasse
439 4652 473 4716 in
494 4661 577 4718 tutto
599 4649 632 4716 la
655 4651 865 4718 christianitas.
893 4655 925 4719 io
948 4653 1033 4722 dalle
1056 4655 1168 4742 parole
1191 4655 1225 4721 di
1246 4655 1279 4722 S.
1303 4655 1348 4722 S‘·
1370 4659 1568 4744 comprendo
1594 4659 1653 4724 che

324 4749 356 4816 S.
380 4751 424 4818 δ’·
447 4751 559 4822 dubita
582 4752 642 4820 che
664 4756 737 4820 tutti
760 4757 866 4842 questi
888 4759 1007 4830 romori
1029 4757 1089 4824 cbe
1112 4781 1192 4825 sono
1214 4759 1331 4826 adesso
1354 4762 1387 4825 in
1409 4761 1564 4846 Francia,
1588 4785 1654 4828 non

325 4853 480 4921 aeschino
504 4855 623 4938 delui,
646 4879 766 4924 ancora
788 4857 836 4924 ch'
849 4859 882 4924 in
905 4881 1086 4947 appareusa
1108 4862 1219 4950 voglia
1240 4866 1404 4930 mostrsrsi
1427 4863 1609 4930 buono...

425 4956 459 5024 S.
474 4957 520 5024 S‘·
541 4959 672 5028 attende
694 4959 728 5028 di
749 4963 901 5030 continuo
924 4963 988 5030 alle
1008 4965 1151 5032 rifforme
1172 4974 1206 5032 et
1226 4965 1259 5031 di
1280 4967 1336 5054 gia
1358 4966 1400 5032 ha
1421 4968 1599 5033 rifformata
1621 4967 1651 5032 la

325 5062 550 5146 penitentiaria
572 5073 604 5128 et
626 5063 660 5130 la
681 5087 811 5132 camera
833 5067 1011 5154 apostolica
1032 5078 1065 5132 ct
1087 5069 1131 5135 ha
1152 5069 1240 5136 detto
1255 5069 1328 5136 nsll'
1342 5069 1453 5136 ultimo
1469 5075 1649 5138 concistoro
