3468 5820
1357 476 1420 542 lli

111 689 193 754 quae
215 665 382 734 hominum
405 664 511 752 opinio
526 663 732 732 vehementer
753 663 849 732 rebus
872 665 998 734 concilii
1014 664 1128 733 obesse
1141 663 1275 735 videtur.
1296 686 1425 731 moven-

5 763 7 808 ἕ
108 779 158 836 tur
179 779 288 836 autem
310 769 454 838 maxime
476 776 512 835 ut
533 767 595 834 hoc
617 767 750 836 credaut
772 791 810 834 eo
833 771 946 852 etiam,
974 768 1062 857 quod
1089 791 1199 839 omnes
1221 769 1287 838 lere
1309 765 1426 834 Gallici

107 875 250 962 episcopi
290 896 362 940 cum
397 895 435 939 eo
474 871 680 938 discesserint
711 881 743 938 ct
775 881 849 959 post
881 874 975 940 etiam
1007 871 1117 960 plures
1148 870 1291 958 theologi
1318 869 1429 938 subse·

106 978 198 1063 quuti
220 977 293 1042 sint

208 1078 372 1167 Scriptum
394 1078 438 1148 D.
461 1080 567 1146 nuntii
589 1076 758 1166 apostolici
781 1079 821 1144 de
844 1080 1067 1168 superioritate
1090 1080 1205 1148 summi
1220 1079 1379 1167 pontificis
1396 1088 1428 1144 et

105 1181 232 1252 concilii
255 1185 319 1250 iam
341 1193 424 1264 ante,
447 1181 509 1250 hcc
531 1182 700 1250 eststatim
721 1191 796 1270 post
816 1205 923 1250 meum
938 1183 1120 1268 adventum,
1136 1184 1288 1271 Hispanis
1302 1192 1335 1250 et
1351 1181 1427 1248 Gal·

5 1297 7 1386 l
103 1285 174 1352 licis
197 1285 352 1374 praelatis
376 1285 523 1353 dedimus
547 1295 579 1352 et
603 1285 774 1372 diligenter
796 1309 868 1352 cum
890 1287 950 1354 R¹²⁰
974 1287 1016 1352 D.
1040 1287 1076 1354 Ο.
1098 1287 1297 1376 Lotharingc
1313 1295 1346 1354 et
1359 1295 1427 1352 urm

5 1397 7 1450 i
104 1388 242 1456 Gallicis
265 1400 334 1456 tum
355 1389 453 1456 etiam
476 1389 663 1477 Hispanicis
693 1390 853 1478 episcopis
884 1391 1008 1478 egimus
1037 1401 1073 1458 ut
1102 1414 1194 1458 suam
1225 1389 1265 1456 de
1295 1413 1333 1457 eo
1355 1412 1426 1456 sem

5 1509 7 1612 L
102 1495 236 1560 tentiam
260 1495 378 1581 scripto
402 1491 572 1581 complecti
601 1491 731 1560 vellent.
755 1515 794 1559 ac
816 1491 903 1560 Galli
930 1493 1060 1580 quidem
1081 1517 1147 1562 non
1167 1495 1260 1561 inviti
1280 1515 1349 1560 rem
1371 1515 1426 1578 ag·

5 1621 7 1680 ζ
102 1597 209 1681 gressi
233 1605 307 1662 sunt
329 1605 362 1662 et
383 1598 536 1684 scriptum
559 1595 766 1663 confecerunt
795 1597 896 1684 quod,
926 1605 961 1665 ut
990 1599 1060 1686 ipse
1088 1598 1131 1664 D.
1155 1596 1327 1664 cardinalis
1348 1594 1426 1672 mihi

5 1683 6 1740 ἕ
102 1697 448 1786 Quinqueecclssiensi
471 1698 567 1782 dixit,
591 1701 691 1766 instar
711 1700 787 1766 iusti
809 1698 981 1769 voluminis
1005 1703 1079 1784 erit,
1102 1701 1190 1788 quod
1212 1701 1424 1786 cumprimum

103 1801 305 1890 descriptum
327 1802 430 1888 suerit,
454 1802 497 1868 ad
518 1803 591 1868 Μιεῐυ
612 1803 652 1869 V.
675 1801 708 1869 S.
730 1804 882 1869 mittetur.
899 1804 1083 1893 -Hispanici
1105 1803 1251 1870 duriores
1273 1825 1308 1868 se
1329 1802 1425 1868 nobis

100 1904 324 1992 praebuerunt
346 1917 378 1971 et
398 1906 535 1993 primum
559 1907 699 1995 quidem,
722 1915 758 1972 ut
780 1907 844 1972 iam
866 1917 961 1973 antea
975 1907 1026 1973 Mu
1047 1907 1087 1973 V.
1103 1905 1136 1973 S.
1152 1907 1347 1995 scripsimus,
1372 1927 1425 1970 ne-

100 2017 224 2094 garunt
247 2008 308 2074 sibi
329 2009 547 2076 necessarium
569 2009 687 2094 videri,
721 2019 756 2074 ut
789 2009 867 2098 quid
899 2011 962 2098 ipsi
996 2009 1036 2076 de
1066 2033 1104 2076 eo
1129 2009 1248 2098 scripto
1271 2009 1428 2075 sentirent

5 2195 6 2200 ἵ
100 2111 236 2199 scriptis
261 2110 460 2178 mandarent.
495 2115 573 2180 satis
596 2135 667 2180 csse
689 2112 777 2201 quod
798 2112 984 2201 simpliciter
1016 2113 1214 2180 affirmarent
1236 2113 1297 2180 sibi
1320 2114 1428 2180 omnia

5 2207 6 2286 J
100 2238 141 2279 ca
164 2237 249 2302 quae
271 2237 394 2282 summo
417 2216 561 2304 pontifici
584 2239 622 2282 eo
646 2219 765 2306 scripto
788 2217 1006 2285 tribuerentur
1032 2241 1110 2284 vera
1138 2217 1242 2282 videri
1272 2216 1371 2283 etita
1393 2237 1427 2280 se

5 2349 6 2386 r
100 2318 249 2400 credere,
273 2339 307 2383 se
329 2328 436 2386 tamen
459 2318 544 2386 nolle
566 2316 647 2386 haec
669 2319 800 2407 publice
821 2320 875 2386 vel
897 2322 1025 2408 scriptis
1047 2319 1099 2386 vel
1123 2320 1231 2387 verbis
1254 2319 1426 2405 affirmare,

5 2411 6 2446 ³
99 2423 165 2486 nisi
188 2423 278 2510 prius
301 2423 495 2490 allemanie
518 2421 692 2491 curialibus
714 2423 748 2490 id
770 2423 859 2511 quod
881 2425 1041 2512 episcopis
1063 2425 1133 2492 iure
1154 2423 1290 2492 debetur
1312 2445 1425 2490 conce

5 2603 6 2612 χ
101 2525 214 2592 daun.
247 2533 388 2592 ceterum
410 2549 484 2594 cum
506 2527 611 2594 acrius
633 2550 654 2593 a
674 2527 768 2594 nobis
790 2536 996 2614 urgerentur,
1020 2525 1155 2615 polliciti
1176 2537 1251 2594 sunt
1272 2549 1307 2594 se
1329 2533 1426 2598 etiam

5 2615 6 2668 l
100 2629 136 2694 in
160 2629 290 2714 scriptis
312 2652 387 2696 suas
409 2632 583 2698 sententias
605 2629 748 2714 daturos,
771 2632 798 2696 si
820 2630 887 2702 ΜΨ
909 2631 949 2697 V.
972 2629 1005 2698 S.
1029 2633 1074 2696 ita
1095 2632 1228 2698 iuberet.
1257 2632 1300 2700 ad
1322 2643 1426 2702 extre·

100 2753 195 2796 mum
217 2753 251 2798 re
274 2731 456 2820 diligentius
479 2734 563 2800 inter
584 2756 619 2800 se
642 2735 837 2819 examinata,
860 2734 1017 2802 miserunt
1038 2734 1079 2800 ad
1102 2757 1161 2802 nos
1182 2735 1225 2804 D.
1248 2735 1427 2806 Granatsn·

101 2857 176 2900 sem
198 2844 231 2900 et
251 2834 293 2899 D.
315 2835 495 2902 Lucensem
518 2845 551 2902 et
572 2859 630 2924 per
652 2860 707 2906 eos
730 2837 844 2904 iterum
859 2837 1103 2926 responderunt,
1125 2839 1188 2908 hoc
1202 2850 1346 2928 tempore
1361 2864 1427 2908 non

99 2937 211 3004 videri
232 2960 364 3006 neeesse
386 2949 421 3006 ut
442 2963 482 3007 ea
504 2938 545 3006 de
566 2963 602 3006 re
625 2963 717 3008 suam
738 2951 878 3008 mentem
900 2943 1078 3030 aperirent3
1102 2943 1219 3032 quodsi
1240 2945 1273 3012 in
1294 2967 1427 3032 congre·

99 3044 237 3132 gatione
260 3066 340 3132 opus
353 3043 443 3128 foret,
467 3051 535 3108 tum
550 3066 585 3110 se
600 3043 679 3110 nihil
691 3043 957 3112 dissimulaturos.
980 3067 1020 3113 ac
1035 3068 1107 3112 cum
1122 3045 1157 3112 hi
1172 3069 1300 3136 quoque
1310 3050 1426 3114 iterum

99 3156 305 3234 rogarentur,
328 3157 363 3214 ut
386 3149 500 3214 ceteris
523 3157 671 3214 auctores
694 3159 801 3216 essent
822 3173 863 3219 ne
886 3149 947 3216 Mu.
962 3149 1002 3215 V.
1015 3149 1047 3216 S.
1064 3150 1105 3218 de
1119 3173 1155 3217 se
1169 3152 1427 3240 expectationem

99 3250 351 3334 frustrarentur,
379 3248 514 3338 polliciti
543 3260 617 3316 sunt
646 3273 681 3318 se
702 3251 835 3340 reliquis
865 3274 1015 3320 suasores
1044 3252 1170 3322 mauros
1197 3263 1234 3319 ut
1254 3257 1428 3322 sententias

102 3375 185 3420 suas
208 3351 394 3422 scriberent.
427 3355 538 3442 itaque
561 3364 770 3443 expectamus
792 3365 829 3421 ut
849 3357 877 3422 si
898 3379 964 3426 non
986 3377 1112 3441 omues,
1139 3379 1215 3424 nam
1237 3358 1320 3425 inter
1341 3360 1428 3447 ipsos

101 3480 237 3548 quoque
258 3457 394 3526 fortasse
415 3481 481 3525 non
503 3481 613 3526 omnes
637 3461 855 3544 consentiunt,
886 3460 1000 3528 saltem
1029 3460 1239 3530 Granatensis
1268 3484 1343 3529 oum
1371 3459 1428 3528 ali·

102 3559 224 3650 quibus
240 3560 282 3626 ad
295 3561 376 3628 illud
391 3565 545 3650 scriptum
559 3562 783 3650 respondeant
805 3563 859 3630 hic
875 3573 982 3632 autem
997 3563 1242 3634 clementissime
1255 3567 1429 3654 imperator

101 3664 188 3730 illud
210 3665 261 3730 Me
281 3665 321 3731 V.
345 3664 377 3732 S.
401 3665 506 3734 celare
526 3690 592 3734 non
614 3667 770 3735 debemus
798 3668 884 3757 quod
912 3691 955 3736 ex
975 3667 1124 3736 familiari
1153 3668 1195 3737 D.
1218 3668 1429 3736 Grmtensis

102 3790 254 3836 sermone
276 3768 371 3835 facilc
383 3769 534 3858 colligere
555 3773 728 3859 potuimus,
741 3773 890 3838 nimirum
913 3773 947 3838 in
962 3795 1034 3840 eam
1049 3773 1217 3861 episcopos
1231 3771 1427 3858 Hispanicoa

103 3873 322 3960 suspicionem
344 3873 510 3959 incidisse,
540 3876 634 3964 quasi
665 3873 731 3942 8³¹¹·
753 3875 796 3941 D.
824 3875 864 3942 N.
893 3897 952 3964 per
978 3875 1052 3944 M‘fl
1073 3876 1115 3942 V.
1137 3875 1171 3942 S.
1193 3875 1373 3964 intelligere
1395 3885 1427 3942 et

104 3977 269 4064 expiscari
292 3975 333 4042 ab
355 3978 434 4063 ipsis
456 3987 603 4063 tentaret,
627 3978 705 4068 quid
727 3981 788 4067 ipsi
812 3979 852 4046 de
866 3989 933 4048 tam
948 3980 1103 4067 gravibus
1117 3979 1260 4047 arboulis
1275 3980 1429 4048 sentirent

106 4089 140 4146 ct
155 4081 189 4146 in
203 4077 342 4166 publicis
358 4081 661 4169 congregationibus
675 4081 792 4150 dicturi
806 4093 922 4160 essent,
937 4085 1031 4151 etsie
1046 4093 1119 4152 ante
1133 4086 1276 4173 ipsorum
1290 4093 1429 4150 mentem

104 4183 305 4270 intelligeret
326 4207 423 4272 quam
445 4186 486 4252 de
507 4186 604 4252 rebus
626 4187 775 4254 mactatio
791 4188 1022 4270 institueretur,
1045 4185 1133 4277 quod
1149 4187 1211 4254 sibi
1225 4186 1428 4254 incommodo

107 4297 141 4354 et
161 4286 267 4357 caudi
286 4286 430 4356 futurum
453 4289 647 4356 exisfimant
676 4300 845 4378 praeterea
874 4313 948 4358 cum
978 4291 1056 4379 quid
1085 4289 1243 4360 eiusmodi
1272 4313 1333 4357 nos
1354 4311 1428 4357 cum

107 4391 186 4480 ipsis
208 4391 362 4478 Hispanis
386 4401 418 4458 et
438 4391 481 4456 D.
504 4391 541 4458 O.
563 4391 761 4482 Lothan’ngo
791 4395 831 4462 V.
854 4393 887 4462 S.
910 4396 976 4461 ΜΨ
1006 4417 1103 4482 agere
1131 4394 1236 4480 iubet,
1265 4392 1429 4462 humilima

108 4493 327 4582 supplicamus
348 4504 386 4562 ut
405 4495 547 4564 breviter
567 4496 610 4562 ad
631 4496 719 4584 ipsos
741 4519 870 4586 quoque
885 4498 1026 4568 scribere
1039 4498 1198 4587 dignetur.
1220 4521 1296 4566 nam
1309 4497 1372 4564 Ma.
1387 4497 1428 4565 V.

108 4598 144 4665 S.
167 4598 267 4664 literis
288 4599 393 4686 magis
415 4621 513 4686 quam
534 4598 643 4666 verbis
665 4603 782 4668 nostris
804 4600 849 4668 ad
870 4604 979 4670 omnia
999 4603 1195 4670 commoveri
1215 4601 1343 4668 facilius
1373 4623 1429 4690 po·

107 4711 216 4770 terunt
238 4710 277 4784 et,
299 4712 335 4768 ut
356 4725 469 4772 rerum
483 4702 636 4788 dicamus,
659 4705 704 4770 its
717 4705 887 4792 suspiciosi
901 4705 1060 4787 videntur,
1081 4715 1196 4774 utnon
1210 4707 1317 4772 ausint
1332 4704 1428 4792 plene

108 4803 243 4872 credere
265 4827 336 4872 sam
359 4827 429 4874 esse
451 4806 492 4874 V.
508 4805 541 4876 S.
556 4806 618 4874 Me.
639 4817 788 4893 mentem
811 4819 848 4876 ut
868 4833 927 4878 nos
949 4808 1027 4882 ralia
1047 4831 1091 4878 ex
1109 4810 1192 4898 ipsis
1208 4809 1427 4896 exquiramus

108 4919 271 5000 postremo
294 4909 380 4976 omni
402 4931 480 4976 cura
501 4919 534 4976 et
555 4910 661 4979 studio
683 4909 892 4981 tractabimus
916 4935 990 4985 oum
1003 4914 1170 5002 utriusque
1183 4911 1322 4980 nationis
1336 4933 1428 4998 pras·

108 5013 200 5098 latis,
228 5013 257 5082 si
283 5015 493 5104 quaeratione
515 5017 660 5106 quintam
682 5015 847 5088 docuisse
877 5026 974 5108 caput
1001 5041 1041 5088 ac
1061 5019 1218 5108 septimus
1239 5025 1273 5084 et
1293 5025 1427 5088 octavus

1243 5121 1294 5176 81*
1398 5119 1401 5124 ¹
