3498 5830
334 681 470 749 Romani
492 683 617 771 imperii
639 680 694 771 qui
715 681 940 770 Augustanam
962 679 1196 750 cenfessionem
1217 681 1417 770 profitentur,
1439 681 1565 772 aliquos
1586 681 1674 750 arti·

336 785 426 854 culos
448 796 505 853 aut
527 787 726 854 conditiones
755 809 836 874 quas
864 797 1103 875 proposuertmt
1131 789 1164 852 in
1185 789 1334 874 proxime
1356 799 1472 855 exacto
1499 798 1674 856 conventu

333 889 533 977 Augustansi
556 889 729 956 admodum
751 912 829 956 sane
852 889 951 955 duras
982 899 1079 978 atque
1108 889 1271 974 difficiles,
1304 892 1496 958 remissurus
1529 902 1585 959 aut
1619 891 1674 958 ad

335 991 505 1059 concilium
527 1003 679 1059 ventmos
707 1013 793 1077 esse,
827 991 908 1058 illud
935 1003 1045 1070 tamen
1072 1015 1131 1060 nos
1152 1017 1218 1059 non
1239 1015 1336 1081 posse
1358 1018 1424 1060 non
1445 995 1672 1063 vehementis-

335 1097 414 1163 sime
436 1098 558 1179 timere,
581 1097 608 1160 si
630 1093 689 1161 ΒΝ
711 1093 744 1161 S.
767 1097 802 1160 in
823 1117 861 1162 eo
884 1097 1067 1183 perstiterit,
1091 1105 1127 1162 ut
1141 1096 1268 1163 disertis
1283 1095 1392 1163 verbis
1410 1107 1571 1165 statuatur
1585 1121 1672 1166 con·

334 1199 443 1266 cilium
479 1199 616 1266 antehac
647 1199 795 1266 'lhidenti
827 1199 1013 1266 inchoatum
1047 1200 1300 1266 continuandum
1333 1210 1367 1266 et
1398 1203 1672 1289 prosequendum

333 1302 419 1387 fore,
442 1327 483 1368 ne
505 1305 616 1368 inanes
639 1313 672 1368 et
694 1303 773 1366 irriti
795 1302 893 1368 futuri
915 1302 978 1368 sint
1000 1324 1111 1370 omnes
1133 1300 1262 1369 labores
1285 1312 1317 1369 et
1337 1313 1494 1370 tractatis
1510 1328 1592 1393 quos
1608 1305 1672 1372 vel

334 1404 392 1473 8²¹⁸
414 1408 482 1472 eius
504 1405 557 1472 vel
578 1429 637 1472 nos
660 1429 733 1472 cum
757 1406 851 1472 dictis
873 1405 1040 1473 ordinibus
1062 1405 1275 1493 Augustanae
1303 1407 1513 1475 confessionis
1543 1433 1581 1476 eo
1602 1434 1669 1476 no·

333 1511 418 1575 mine
441 1511 622 1597 suscepturi
644 1511 753 1588 simus,
775 1518 811 1575 ut
832 1532 887 1576 eos
910 1509 953 1576 ad
975 1509 1229 1597 comparendum
1250 1512 1284 1576 in
1300 1509 1434 1577 concilio
1457 1512 1669 1598 inducamus,

333 1635 376 1678 ex
398 1636 462 1701 quo
485 1615 611 1678 sesain
633 1611 687 1678 illo
710 1635 774 1678 non
798 1615 875 1678 satis
897 1612 1044 1692 auditos,
1082 1612 1141 1680 sed
1162 1623 1292 1701 praeter
1320 1616 1478 1681 radonem
1501 1626 1533 1682 et
1553 1615 1668 1704 legiti-

332 1737 419 1780 mam
434 1717 648 1802 cognitionem
665 1715 835 1782 damnatos
847 1715 947 1782 luisse
958 1716 1183 1804 praetendunt,
1195 1717 1252 1805 qui
1264 1719 1361 1782 etiarn
1372 1717 1460 1784 haud
1474 1716 1571 1785 dubie
1583 1719 1670 1786 inde

332 1821 537 1886 occasionem
552 1817 717 1905 accepturi
732 1820 794 1884 sint
816 1841 894 1885 mox
915 1819 958 1884 ad
980 1843 1079 1899 arma,
1102 1819 1146 1884 ad
1167 1821 1331 1903 tumultus,
1354 1820 1397 1886 ad
1419 1822 1593 1889 seditiones
1608 1824 1670 1890 vcl

332 1920 452 1989 bellum
475 1921 641 1988 catholicis
662 1923 859 1989 movendum
873 1923 1104 2011 prorumpendi
1128 1921 1318 2012 coelumque
1339 1935 1372 1991 et
1392 1933 1510 1991 terram
1531 1929 1668 2010 moturi,

331 2035 368 2090 ut
388 2025 609 2092 huiuscemodi
631 2026 688 2091 8²¹⁸
712 2049 790 2092 suae
811 2028 991 2092 institutam
1013 2026 1206 2093 contrabant
1227 2038 1259 2092 st
1291 2027 1484 2115 impediant,
1518 2029 1667 2096 habituri

331 2129 444 2215 procul
477 2129 574 2195 dubio
608 2152 744 2217 magnos
771 2131 933 2217 principes
961 2132 995 2195 in
1024 2130 1087 2196 hac
1114 2153 1149 2195 re
1177 2130 1219 2195 ab
1249 2129 1311 2194 illis
1340 2154 1404 2196 non
1434 2132 1669 2199 dissentientes

331 2255 468 2318 quorum
490 2232 620 2297 auxiliis
642 2235 700 2298 niti
720 2242 882 2320 poterunt.

431 2333 546 2424 Neque
567 2359 645 2401 vero
668 2336 708 2403 de
723 2336 935 2422 Augustanus
958 2337 1168 2402 confessionis
1188 2337 1356 2403 ordinibus
1372 2337 1533 2404 duntaxat
1546 2362 1666 2405 veren-

332 2438 410 2505 dum
431 2461 503 2504 esse
524 2449 562 2503 ut
588 2441 621 2503 in
644 2439 730 2506 dicto
754 2438 905 2523 coneilio,
934 2441 961 2504 si
983 2439 1128 2505 Tridenti
1157 2440 1410 2521 continuabitur,
1440 2453 1667 2528 compareant,

331 2541 389 2608 sed
413 2544 511 2608 etiam
533 2541 574 2606 de
596 2565 673 2629 rege
696 2527 959 2608 christianissimo
981 2541 1118 2630 aliisque
1133 2543 1265 2629 regibus
1281 2543 1481 2630 principibus
1501 2557 1534 2610 ct
1547 2555 1665 2631 poten-

329 2644 451 2710 tatibus
474 2644 637 2710 christiani
660 2645 749 2711 orbis
771 2646 826 2733 qui
857 2647 890 2710 in
919 2647 1069 2732 proximo
1098 2645 1233 2712 concilio
1262 2669 1450 2734 comparere
1476 2647 1665 2714 noluerunt

329 2771 406 2813 nam
429 2748 518 2835 quod
540 2749 581 2814 ad
604 2771 714 2836 regam
743 2747 1040 2814 christianissimum
1069 2751 1199 2831 attinet,
1237 2751 1442 2816 manifestum
1470 2773 1541 2816 esse
1569 2751 1667 2852 quod

329 2863 423 2939 pater
457 2852 526 2917 eius
557 2863 733 2919 memorato
762 2851 897 2918 concilio
925 2851 1158 2918 contradixerit
1179 2861 1277 2940 atque
1300 2855 1475 2920 etiamnum
1497 2856 1566 2941 ipse
1588 2857 1666 2921 eius

332 2957 564 3022 continuationi
592 2958 740 3022 assentiri
761 2954 857 3039 nolit,
891 2965 1048 3044 quantum
1077 2956 1209 3043 quidem
1231 2979 1273 3022 ex
1295 2959 1432 3022 oratoris
1454 2959 1505 3021 sui
1527 2959 1560 3021 in
1583 2958 1666 3024 aula

331 3067 443 3124 nostra
479 3081 632 3125 caesarea
663 3059 833 3125 residentis
859 3058 1015 3126 relatione
1043 3081 1083 3125 ac
1109 3057 1211 3126 literis
1238 3081 1320 3147 quas
1353 3060 1446 3126 nobis
1474 3063 1664 3149 nuperrime

329 3161 468 3227 ostendit
490 3185 510 3227 a
530 3183 607 3247 rege
630 3185 688 3228 suo
712 3163 839 3250 scriptis
869 3162 1019 3250 colligere
1041 3164 1214 3250 potuimus.
1248 3165 1367 3230 etenim
1388 3164 1509 3230 frustra
1531 3167 1661 3252 sperari

331 3263 419 3350 quod
440 3287 500 3351 per
521 3264 608 3330 hanc
629 3267 900 3332 continuationem
914 3269 1018 3353 possit
1039 3267 1187 3354 impediri
1204 3267 1376 3333 concilium
1390 3266 1554 3333 nationale
1568 3267 1662 3355 quod

331 3365 419 3432 Galli
439 3367 603 3434 celebrare
617 3369 795 3454 intendunt,
819 3393 861 3436 ex
876 3393 940 3458 quo
957 3369 1002 3434 illi
1023 3369 1099 3436 huic
1121 3373 1353 3437 continuationi
1375 3395 1441 3436 non
1462 3373 1662 3438 assenserint

334 3493 396 3536 nec
418 3493 561 3558 unquam
577 3495 765 3538 assensuros
781 3473 977 3542 credendum
992 3476 1049 3558 sit;
1071 3496 1190 3540 novum
1208 3497 1349 3562 namque
1364 3473 1534 3540 concilium
1549 3484 1662 3562 posta-

331 3573 399 3638 lare
422 3573 535 3640 Gallos
558 3584 590 3640 et
611 3575 645 3641 id
667 3578 794 3643 omnino
826 3576 1056 3643 celebrandum
1083 3599 1123 3643 ac
1153 3577 1194 3644 de
1221 3601 1307 3644 novo
1339 3577 1547 3646 indicendum
1578 3577 1660 3661 fore,

331 3677 358 3740 si
381 3675 439 3742 8¹⁸⁸
462 3675 495 3742 S.
518 3677 597 3742 velit
617 3677 689 3744 illos
711 3702 732 3742 a
754 3681 912 3747 sententia
933 3679 1119 3746 celebrandi
1140 3681 1311 3747 nationalis
1339 3681 1541 3765 abstrahere3
1569 3680 1660 3768 quod

328 3780 390 3843 nisi
423 3779 488 3862 fiat,
523 3792 785 3866 perseveraturos
818 3784 850 3847 in
883 3785 1027 3849 instituto
1049 3805 1111 3848 nac
1132 3783 1229 3850 aliam
1251 3784 1377 3850 consilii
1399 3786 1450 3849 sui
1473 3783 1658 3850 reddituros

330 3883 498 3966 rationem,
522 3906 620 3971 quam
643 3885 731 3972 quod
753 3909 773 3950 a
788 3884 834 3951 St·
852 3887 922 3952 eius
944 3909 1063 3952 novmn
1086 3886 1237 3973 generale
1259 3885 1396 3954 liberum
1418 3897 1451 3952 et
1472 3887 1657 3952 oecumeni-

328 4006 405 4050 cum
428 3985 597 4051 concilium
621 3987 717 4075 quale
739 3989 906 4074 petiissent
927 3987 1024 4054 nullis
1046 3989 1198 4075 precibus
1220 3999 1252 4054 et
1273 3988 1363 4068 nulla
1385 3988 1552 4076 diligentia
1574 3989 1656 4056 obti-

327 4109 405 4154 nere
425 4089 620 4175 potuissent,
644 4091 795 4178 quoniam
817 4092 944 4155 tametsi
961 4090 1087 4156 dicatur
1101 4101 1167 4157 tam
1182 4093 1270 4178 regis
1285 4091 1541 4159 christianissimi
1556 4115 1654 4158 avum

327 4190 401 4276 piae
423 4193 596 4257 memoriae
617 4193 736 4279 regem'
751 4193 976 4273 Franciacum,
1005 4217 1102 4281 quam
1132 4193 1212 4261 alios
1242 4193 1434 4262 christianae
1456 4195 1655 4283 reipublicae

326 4315 420 4379 reges
441 4295 604 4381 principes
628 4317 667 4360 ac
688 4305 873 4382 potentatus
895 4319 935 4362 ac
957 4298 1044 4382 ipsos
1060 4297 1334 4384 quoqueaordines
1348 4297 1561 4386 Augustanae
1577 4321 1655 4366 con-

326 4393 474 4462 fessionis
498 4395 706 4463 celebrationi
728 4397 814 4464 illius
837 4400 1013 4465 assensisse
1036 4397 1139 4487 (quod
1159 4423 1218 4466 uos
1241 4401 1371 4488 quidem
1393 4424 1459 4467 non
1479 4421 1651 4489 possumus

324 4519 386 4563 nec
406 4499 556 4565 volumus
588 4499 686 4587 plane
719 4500 848 4567 diffiteri
877 4500 919 4566 de
945 4525 1024 4589 rege
1052 4501 1317 4570 chnstianissimo
1346 4514 1378 4571 et
1405 4504 1554 4592 pluribus
1581 4504 1651 4572 aliis

324 4601 534 4688 principibus,
563 4603 672 4691 quoad
694 4606 784 4692 prius
806 4604 886 4671 illud
909 4605 1105 4692 concilium),
1133 4607 1193 4673 sed
1215 4609 1248 4673 in
1270 4608 1447 4695 posteriora
1469 4631 1538 4675 rem
1561 4607 1652 4674 aliter

325 4725 396 4771 sese
418 4703 538 4772 habere
560 4727 629 4771 rem
651 4707 755 4794 ipsam
777 4708 930 4775 indicare.

422 4808 616 4875 Praevidere
638 4803 747 4876 autem
769 4834 839 4894 nos,
862 4813 917 4898 qui
939 4813 973 4877 in
994 4811 1093 4878 rebus
1108 4812 1323 4881 Germanicae
1339 4816 1478 4881 nationis
1500 4839 1522 4881 a
1542 4816 1649 4881 iuven·

323 4920 392 4977 tute
414 4933 517 4998 usque
539 4913 660 4978 versati
681 4915 821 4999 penitius
844 4937 942 5000 quam
964 4913 1018 4979 alii
1040 4914 1274 4984 Germanorum
1301 4940 1407 4985 mores
1429 4920 1567 5004 negocia
1588 4927 1649 4983 stu·

324 5014 379 5079 dia
400 5025 433 5080 et
453 5012 637 5080 voluntates
660 5039 903 5103 cognoscamus,
928 5040 1025 5106 quam
1047 5019 1210 5104 ingentem
1231 5044 1340 5086 rerum
1362 5023 1504 5088 omnium
1525 5029 1645 5108 pertn-
