3512 5838
722 963 928 1052 CCXCV.

441 1186 511 1260 Die
539 1184 853 1261 Ooociloratoren
881 1205 927 1259 an
954 1186 1027 1259 den
1058 1185 1207 1274 Kaiser3

561 1356 694 1420 Trient,
712 1356 955 1408 roboranter
973 1357 1063 1408 1563.

464 1536 644 1592 &sebastea
669 1535 817 1609 Otdpiaol5
838 1537 869 1592 ia
891 1543 982 1609 tayo:
1007 1539 1024 1593 7
1046 1539 1196 1593 December.

258 1744 357 1811 Porro
379 1754 415 1809 ut
435 1754 637 1832 praesentem
654 1753 770 1810 statum
787 1745 869 1810 sacri
885 1745 1011 1810 concilii
1027 1745 1092 1810 ΜΝ
1103 1745 1143 1810 V.
1160 1743 1191 1809 S.
1208 1744 1372 1830 intelligat,
1394 1743 1474 1810 haec

159 1871 266 1942 pauca
281 1848 382 1916 verba
397 1847 618 1933 subiungenda
634 1850 896 1913 existimavimus.
913 1871 1023 1914 omnes
1038 1849 1134 1933 legati
1150 1859 1292 1913 oratores
1303 1857 1474 1935 patresque

159 1951 252 2016 huius
275 1952 359 2016 sacri
381 1950 507 2017 concilii
530 1973 652 2017 summo
676 1961 792 2018 conatu
814 1953 849 2016 in
871 1973 938 2016 eam
963 1952 1153 2018 sententiam
1169 1960 1253 2034 eunt,
1277 1962 1313 2016 ut
1327 1951 1367 2016 ad
1384 1973 1474 2036 prae·

160 2057 313 2142 scriptum
335 2054 428 2136 diem,
451 2054 512 2120 hoc
534 2064 583 2120 est
604 2056 624 2120 9
646 2057 792 2120 instantis
813 2057 932 2120 mensis
953 2054 1142 2121 Decembris
1164 2054 1226 2121 hoc
1247 2054 1279 2120 S.
1307 2053 1475 2120 concilium

99 2189 103 2196 ·
160 2157 354 2226 absolvatur.
377 2158 463 2224 solus
485 2159 526 2225 D.
541 2181 646 2224 comes
669 2159 710 2224 de
732 2158 826 2223 Luna
849 2181 891 2224 ex
906 2159 1037 2224 consilio
1053 2159 1254 2246 quorundam
1268 2160 1474 2245 privatorum,

160 2285 244 2341 nam,
268 2272 304 2327 ut
324 2262 366 2327 D.
391 2260 487 2348 legati
509 2262 601 2328 nobis
624 2261 809 2344 retulerunt,
833 2264 968 2348 ipsemet
983 2262 1156 2326 affirmavit
1169 2286 1204 2328 se
1218 2261 1340 2327 nullum
1355 2260 1475 2326 habere

161 2387 181 2430 a
201 2389 278 2451 rege
300 2387 358 2430 suo
381 2387 419 2431 ea
441 2365 481 2431 de
502 2365 754 2446 remandatum,
778 2365 839 2430 hoc
862 2364 1030 2430 concilium
1052 2367 1086 2429 in
1106 2365 1232 2452 longius
1248 2364 1378 2453 aliquod
1399 2375 1476 2431 tem-

163 2491 224 2556 pus
248 2469 417 2536 extrahere
438 2469 643 2535 vehementer
666 2469 818 2534 annititur
839 2469 974 2556 ideoque
996 2469 1179 2556 frequenter
1200 2472 1342 2556 privatas
1357 2470 1475 2557 Hispa·

160 2595 274 2638 norum
298 2575 563 2660 congregationes
585 2576 618 2638 in
640 2571 775 2638 aedibus
798 2575 864 2636 suis
897 2573 1016 2639 habere
1045 2572 1134 2639 solet.
1170 2572 1338 2638 eonsilium
1371 2583 1477 2639 autem

162 2697 225 2764 qno
247 2676 310 2743 hoe
332 2679 429 2743 faeiat
450 2677 491 2743 ab
514 2679 553 2742 iis
576 2679 630 2763 qui
653 2675 839 2741 familiarius
861 2699 934 2740 cum
955 2699 993 2741 eo
1009 2688 1248 2759 conversantur,
1271 2675 1477 2763 intelligimus

162 2801 226 2844 non
249 2803 320 2845 esse
342 2780 439 2864 aliud,
463 2803 559 2868 quam
582 2790 618 2844 ut
638 2789 763 2866 tempus
787 2779 984 2846 extrahendo
1013 2803 1033 2844 a
1054 2803 1131 2866 rege
1154 2802 1212 2846 suo
1234 2803 1332 2867 super
1353 2769 1478 2846 oonoilii

161 2887 224 2952 fine
248 2885 370 2974 aliquid
393 2887 538 2972 responsi
560 2883 679 2950 habere
701 2885 810 2970 possit.
835 2883 994 2948 credimus
1015 2893 1122 2952 tamm
1145 2887 1241 2950 etiam
1256 2885 1355 2950 invito
1370 2907 1408 2951 eo
1430 2883 1477 2948 fu·

162 2999 268 3056 tunam
290 3000 326 3055 ut
347 2989 389 3054 ad
410 2989 644 3076 praescriptum
668 2987 752 3053 diem
774 2987 836 3052 hoc
857 2985 891 3052 S.
916 2989 1082 3052 concilium
1108 2986 1283 3053 claudatur.
1311 2985 1478 3053 claudetur

163 3103 279 3179 autem,
301 3103 337 3160 ut
358 3105 467 3159 nosue
487 3095 550 3158 fert
572 3094 690 3180 opinio,
714 3094 791 3156 satis
814 3091 958 3174 feliciter,
982 3115 1053 3156 cum
1077 3093 1116 3156 de
1140 3091 1287 3157 omnibus
1309 3090 1416 3177 petitis
1430 3112 1478 3154 re·

164 3197 362 3262 formationis
385 3193 526 3261 articulis
558 3195 721 3260 decretum
744 3194 784 3256 iri
805 3193 981 3259 videamus.
1021 3195 1174 3278 dogmata
1201 3216 1329 3281 quoque
1356 3193 1412 3258 illa
1438 3192 1477 3258 de

164 3300 281 3390 quibus
307 3299 596 3387 inpraesentiarum
629 3299 712 3361 inter
739 3295 856 3362 Cathffl
891 3307 922 3362 et
943 3296 1121 3363 haereticos
1151 3298 1412 3379 controvertitur,
1443 3306 1479 3361 ut

163 3411 242 3490 puta
264 3401 304 3467 de
325 3403 518 3490 purgatorio,
544 3399 585 3466 de
606 3399 835 3465 intercessione
858 3408 1040 3465 sanctorum
1062 3409 1094 3466 et
1115 3400 1321 3487 reliquiarum
1348 3419 1477 3465 venera·

163 3508 249 3571 tione
272 3504 376 3592 deque
398 3506 574 3591 imaginum
596 3503 683 3568 cultu
705 3513 737 3566 et
759 3503 900 3588 legitimo
923 3524 992 3585 usu,
1015 3503 1077 3569 hoe
1088 3502 1120 3568 S.
1136 3503 1306 3568 concilium
1324 3525 1389 3567 non
1410 3503 1477 3588 qui·

164 3609 236 3674 dem
259 3631 317 3695 per
337 3609 424 3673 viam
447 3607 672 3694 disputationis
700 3615 797 3694 atque
827 3605 1036 3686 diffinitionis,
1059 3607 1117 3672 sed
1138 3629 1196 3693 per
1217 3606 1424 3672 assertionem
1447 3615 1478 3668 et

162 3711 338 3798 simplicem
360 3711 435 3776 fidei
458 3711 686 3796 professionem
708 3719 743 3774 ut
766 3731 929 3796 speramus
960 3709 1151 3775 stabilienda
1179 3703 1317 3793 curabit,
1350 3710 1383 3773 in
1414 3730 1477 3795 qua

161 3837 196 3880 re
219 3837 303 3880 nunc
326 3837 389 3879 non
411 3837 525 3901 parum
555 3813 725 3878 laboratur.
759 3812 1029 3896 indulgentiarum
1057 3835 1198 3901 quoque,
1233 3814 1260 3878 si
1292 3821 1419 3899 tempus
1447 3821 1478 3874 et

161 3927 287 4006 patrum
310 3939 486 3983 consensus
507 3917 597 3998 feret,
621 3917 701 3981 ratio
724 3914 905 3981 habebitur.
929 3915 979 3978 his
1001 3917 1111 4003 itaque
1133 3917 1292 4004 expeditis
1319 3940 1384 3983 non
1406 3939 1477 4002 pos-

163 4043 272 4086 sumus
295 4043 373 4086 sane
396 4019 560 4084 adduoiut
582 4019 759 4102 credamus,
787 4041 841 4084 eos
864 4020 919 4106 qui
941 4017 1003 4084 hoc
1025 4019 1156 4085 finiendi
1171 4021 1297 4085 concilii
1313 4019 1477 4086 consilium

161 4123 372 4191 interturbare
394 4123 575 4206 moliuntur,
598 4123 795 4209 reipublicae
819 4121 924 4188 chrm
946 4121 1134 4188 consulendi
1156 4123 1261 4189 studio
1284 4145 1389 4210 agere.
1423 4123 1477 4188 ho-

163 4229 215 4292 die
236 4227 308 4292 R¹⁸¹²⁸
330 4225 371 4291 D.
395 4225 430 4292 O.
453 4225 609 4291 Moronus
632 4249 690 4291 nos
712 4237 841 4312 rogatos
857 4226 969 4291 habuit
990 4235 1026 4290 ut
1040 4226 1090 4292 Μ“ι
1116 4227 1156 4290 V.
1174 4225 1205 4292 S.
1223 4226 1342 4291 domini
1354 4227 1477 4292 comitis

163 4355 183 4395 a
204 4329 301 4396 Luna
321 4329 481 4417 practices
503 4339 595 4394 notas
622 4330 814 4406 faceremus,
843 4327 1001 4416 simulque
1029 4331 1129 4416 ipsius
1160 4353 1200 4394 ac
1214 4340 1322 4395 nostro
1351 4331 1477 4394 nominc

162 4433 213 4498 Μ’ι
234 4433 274 4499 V.
298 4432 329 4498 S.
353 4431 607 4519 supplicaremus
629 4441 673 4515 ut,
697 4433 725 4496 si
748 4433 890 4519 quipiam
911 4433 1058 4519 episcopi
1079 4433 1226 4520 Hispani,
1250 4433 1338 4498 finito
1360 4431 1423 4497 hoc
1445 4429 1475 4496 S.

164 4534 299 4601 concilio
315 4545 412 4624 atque
428 4535 667 4602 discedentibus
683 4535 748 4600 R¹³¹⁸
766 4533 807 4600 D.
823 4534 939 4621 legatis
954 4535 1089 4623 aliisque
1104 4536 1258 4623 patribus,
1281 4535 1335 4601 hic
1348 4557 1476 4600 manere

163 4648 261 4724 atque
282 4638 412 4726 aliquod
435 4637 682 4705 conciliabulum
705 4661 801 4724 agere
823 4639 932 4722 velint,
955 4640 990 4704 id
1012 4641 1076 4703 ΜΨ
1101 4642 1139 4706 V.
1164 4641 1196 4707 S.
1226 4662 1289 4705 non
1319 4637 1421 4704 solum
1443 4649 1478 4702 ut

164 4741 311 4807 dominus
334 4752 366 4822 et
387 4745 536 4829 princeps
559 4743 622 4808 loci
645 4743 748 4820 huius,
772 4743 829 4808 sed
852 4745 947 4808 etiam
969 4745 1015 4807 uti
1037 4743 1074 4808 R.
1098 4745 1331 4830 imperatorer
1345 4761 1476 4806 munere

164 4867 222 4910 suo
246 4867 397 4911 caesareo
420 4846 592 4912 clementer
623 4845 794 4933 prohibere
826 4845 965 4932 huicque
992 4845 1078 4911 malo
1109 4848 1292 4933 prospicere
1320 4843 1475 4930 dignetur.

162 4949 271 5037 itaque
293 4947 344 5012 M²¹
365 4947 450 5013 VS.
472 4948 636 5014 humilima
658 4949 874 5036 supplicamus
896 4957 940 5030 ut,
958 4951 984 5012 si
1001 4949 1079 5036 quid
1093 4949 1283 5032 huiusmodi,
1308 4946 1394 5034 quod
1409 4949 1476 5032 qui·

155 5049 237 5118 ,de
258 5049 398 5122 futurum
420 5053 478 5117 vix
500 5052 668 5137 credimus,
702 5061 898 5142 procurante
923 5052 1055 5120 humani
1081 5053 1206 5140 generis
1234 5051 1326 5118 hoste
1356 5051 1475 5118 eontin-
