3450 5818
643 780 854 874 OXOVII.
927 875 930 883 ,

389 1005 584 1101 Prospero
613 1001 754 1079 d’Arco
781 1022 828 1077 an
857 1002 931 1078 den
961 1002 1111 1098 tisiam

556 1139 648 1204 nom,
665 1141 682 1190 s
699 1139 832 1206 August
850 1140 943 1191 roes.
1134 1128 1136 1132 '

399 1323 537 1380 Romano.
562 1317 723 1392 Orips‘nulc,·
744 1317 776 1373 s'a
800 1324 893 1390 tcrqo:
916 1319 957 1374 19
980 1319 1092 1394 Aapraat.

182 1471 234 1537 Ad
258 1469 346 1559 quod
373 1467 437 1558 [die
451 1465 705 1553 Vorstellungen
718 1465 842 1530 welche
858 1465 917 1530 der
930 1464 1051 1532 Orator
1061 1464 1190 1553 rufolge
1206 1466 1265 1534 dar
1275 1469 1342 1534 ihm
1353 1493 1410 1536 am

17 1641 18 1646 ,
90 1576 124 1640 16
138 1574 204 1642 Juli
221 1573 390 1642 ertheilten
405 1571 566 1660 Weisung
579 1567 720 1660 machte]
738 1567 770 1636 S.
787 1569 842 1635 S*
853 1569 1021 1657 respondit
1037 1619 1045 1634 .
1062 1619 1070 1634 .
1087 1620 1095 1638 .
1117 1569 1199 1638 illud
1215 1569 1409 1663 [concilium]

17 1671 18 1680 ¹
86 1678 215 1744 nimium
238 1700 309 1743 esse
331 1675 478 1760 liberum,
512 1699 573 1744 nec
596 1673 699 1744 solum
720 1673 867 1759 liberum,
900 1673 958 1740 sed
981 1675 1048 1740 eius
1071 1671 1252 1742 libertatem
1274 1679 1411 1744 transire

17 1753 19 1798 i

17 1821 18 1856 r
84 1785 143 1848 iarn
171 1784 204 1848 in
225 1779 392 1848 licentiam
413 1781 554 1864 nimiam,
587 1803 664 1848 nam
691 1779 865 1868 plerosque
894 1782 927 1846 in
955 1778 1028 1867 ipso
1055 1777 1174 1848 audere
1204 1777 1246 1846 de
1272 1802 1412 1869 persona

17 1881 18 1966 ,
84 1907 137 1949 sua
167 1895 199 1951 st
220 1884 372 1951 omnibus
401 1884 562 1950 derebus
590 1883 761 1971 quaesibi
788 1884 822 1947 in
852 1893 992 1948 mentem
1020 1884 1157 1948 veniunt
1185 1894 1296 1971 aperte
1324 1883 1409 1950 male

84 1987 175 2076 loqui,
197 1992 271 2075 ipso
292 1997 422 2054 tacente
445 1999 478 2054 et
500 1989 702 2052 connivente.
725 1987 895 2072 scripsisse
910 2007 946 2051 se
967 1985 1133 2074 adipsum
1148 1985 1319 2053 concilium
1336 2007 1409 2052 oon-

83 2089 192 2176 fitetur,
217 2113 292 2156 oum
314 2091 459 2180 episcopi
482 2112 579 2178 super
606 2091 738 2177 negotio
761 2087 801 2154 de
817 2089 992 2156 residentia
1019 2089 1236 2174 dissentirent,
1260 2100 1409 2183 atquae

17 2281 18 2284 Ἴ
83 2197 189 2262 sivisse
213 2193 355 2284 aliquem
376 2191 507 2263 modum
530 2215 594 2282 quo
616 2195 835 2276 convenirent,
860 2215 932 2262 oum
954 2201 1046 2282 turpe
1070 2193 1280 2262 arbitraretur
1302 2195 1410 2262 catho-

17 2311 18 2360 ἱ
81 2296 156 2366 licoa
187 2301 273 2366 inter
294 2321 330 2367 se
360 2298 526 2367 decertare
554 2298 588 2364 in
607 2318 642 2362 re
663 2307 732 2362 tam
752 2319 865 2384 parva,
893 2319 967 2362 oum
993 2297 1064 2384 ipss
1091 2299 1222 2368 omnino
1249 2297 1408 2367 iudicaret

17 2401 18 2480 J
81 2400 194 2469 debere
217 2404 388 2490 episcopos
409 2402 444 2466 in
459 2400 606 2467 ecclesiis
627 2401 696 2464 suis
716 2400 868 2468 residere.
892 2401 1066 2466 novissime
1088 2411 1197 2468 autem
1211 2401 1291 2466 dicit
1309 2400 1409 2468 breve

17 2523 19 2548 ³
81 2505 119 2570 ad
140 2528 195 2572 eos
219 2505 349 2572 dedisse
371 2507 427 2593 qui
450 2503 582 2569 suntin
605 2503 740 2570 concilio
764 2503 946 2590 superbae
967 2525 1012 2588 re,
1040 2504 1104 2592 quo
1128 2527 1184 2570 eos
1205 2504 1352 2570 hortatur
1373 2515 1409 2572 ut

17 2603 19 2642 ³
81 2605 176 2674 libera
203 2609 237 2674 id
260 2607 347 2696 quod
371 2609 511 2674 sentiant
538 2617 570 2673 et
593 2605 681 2699 quod
703 2606 830 2672 divinus
860 2608 1025 2698 inspirarit
1054 2607 1201 2696 spiritus,
1231 2609 1407 2698 proferant.

81 2735 136 2780 neo
157 2713 320 2780 inficiatur
341 2709 462 2778 habere
485 2735 520 2777 ss
543 2709 669 2800 aliquos
693 2709 754 2777 eibi
776 2709 942 2778 devinctos
965 2721 998 2778 et
1011 2711 1187 2780 benevolos
1209 2715 1245 2778 in
1260 2711 1405 2799 concilio,

82 2817 159 2884 sicut
179 2817 246 2882 Ma.
271 2813 312 2882 V.
333 2813 434 2882 habet
455 2837 542 2897 suos,
575 2836 636 2878 rex
657 2812 779 2880 orthru
807 2837 848 2882 ao
871 2817 970 2882 ceteri
998 2817 1171 2904 principes,
1200 2826 1233 2886 et
1254 2819 1406 2905 quamad-

82 2921 208 2987 modum
235 2943 298 2986 neo
325 2920 392 2984 ΜΨ
418 2919 458 2983 V.
489 2940 550 2984 neo
571 2917 627 2982 alii
656 2925 777 3003 cogunt
805 2940 880 2984 suos
911 2917 953 2984 ad
975 2919 1139 3006 agendum
1159 2919 1212 2985 vel
1235 2921 1406 2989 dicendum

82 3022 229 3112 quioquid
250 3022 372 3104 volunt,
396 3021 454 3086 sed
477 3041 590 3086 eorum
611 3020 811 3086 voluntatem
832 3021 968 3087 liberam
990 3025 1106 3104 sinunt,
1131 3024 1177 3088 sio
1200 3023 1278 3090 dicit
1301 3026 1333 3089 S.
1350 3023 1403 3090 δ”·

82 3125 137 3192 sibi
160 3126 285 3192 deditos
308 3123 428 3192 liberos
451 3125 580 3190 omnino
602 3125 796 3211 permittere.
819 3147 880 3191 neo
902 3136 1000 3212 negat
1026 3127 1060 3191 in
1074 3125 1209 3192 concilio
1234 3126 1400 3214 praedicto

83 3231 194 3296 multos
217 3251 288 3295 esse
303 3229 555 3316 pauperissimos
571 3227 752 3315 episcopos,
775 3225 893 3314 quibus
909 3229 1043 3316 singulis
1060 3239 1181 3295 certam
1195 3233 1405 3319 pecuniarum

82 3355 233 3430 summam
255 3332 377 3416 tribuit,
403 3354 466 3420 quo
488 3353 601 3396 eorum
618 3328 765 3396 sublevet
787 3333 977 3428 pauperiem
1001 3333 1057 3420 qui
1071 3335 1133 3400 elio
1155 3343 1252 3423 pacto
1274 3334 1320 3401 ibi
1332 3359 1403 3402 esse

17 3493 18 3496 ,
80 3461 142 3504 non
162 3436 303 3525 possint;
333 3435 382 3500 his
411 3444 519 3500 tamen
548 3433 695 3522 pecuniis
718 3431 810 3498 nullo
827 3428 926 3501 mbdo
950 3435 1027 3502 dicit
1050 3459 1159 3503 eorum
1188 3461 1294 3505 emere
1315 3449 1403 3523 vota,

81 3542 134 3607 sed
155 3539 289 3605 liberam
312 3538 508 3606 voluntatem
532 3547 564 3602 et
586 3533 753 3602 arbitrium
776 3559 832 3603 eos
854 3535 975 3604 habere
992 3588 999 3604 .
1015 3588 1047 3604 ..

636 3733 839 3744 -ι-αιοι-

177 3858 205 3923 ΙΙ
226 3879 368 3924 vescovo
397 3853 480 3922 delle
503 3853 738 3943 Cinqueohiese
768 3856 809 3921 m'
822 3855 866 3922 ba
887 3858 998 3922 scritto
1027 3857 1087 3924 obe
1110 3857 1143 3923 di
1164 3880 1271 3925 nuovo
1295 3858 1403 3926 dobba

80 3963 201 4050 pariare
223 3983 285 4028 con
307 3959 339 4026 S.
364 3959 409 4026 8²⁸
431 3980 528 4046 sopra
549 3957 573 4025 il
595 3958 774 4025 concedere
794 3959 828 4024 la
850 3963 1074 4026 communione
1089 3959 1149 4026 sub
1165 3971 1310 4052 utraque.
1334 3967 1401 4030 oosi

80 4064 105 4132 le
128 4065 167 4132 ho
187 4065 323 4155 perlato,
353 4073 385 4129 et
407 4061 439 4129 S.
463 4061 509 4128 S*
530 4060 595 4128 alla
615 4082 772 4150 presensa
793 4064 858 4128 mia
879 4062 923 4128 ha
946 4063 1107 4132 chiamato
1130 4063 1159 4130 el
1183 4063 1219 4132 O.
1243 4065 1400 4155 Gonsaga

81 4180 110 4234 et
130 4170 174 4256 gli
202 4167 246 4236 ha
268 4189 445 4234 commeeso
469 4164 528 4232 ohe
552 4187 647 4252 sopra
677 4166 727 4231 cio
750 4164 793 4231 da
813 4177 905 4254 parte
928 4190 987 4234 sua
1016 4167 1218 4236 caldamante
1240 4173 1347 4237 scriva
1370 4172 1401 4237 al

82 4271 114 4337 G.
137 4273 167 4337 di
188 4271 332 4356 Mantua,
356 4270 379 4335 il
402 4267 497 4358 quale
521 4291 538 4332 e
562 4267 613 4335 del
636 4267 812 4335 medesimo
834 4293 949 4358 parere
972 4271 1032 4337 che
1055 4293 1072 4337 e
1096 4271 1127 4338 S.
1151 4269 1206 4357 δ”,
1231 4273 1279 4340 oio
1303 4296 1321 4340 o
1342 4274 1402 4341 che

82 4378 106 4439 si
127 4375 231 4443 dobba
254 4372 440 4440 concedere.
465 4370 508 4438 ha
524 4395 701 4438 commesso
725 4396 844 4438 ancora
866 4397 886 4438 a
908 4396 959 4440 me
983 4373 1031 4442 cb’
1044 4377 1074 4441 io
1092 4377 1197 4442 sorivo
1213 4375 1400 4448 alvescovo

83 4477 157 4546 delle
180 4477 412 4567 Oinqueobiesc
436 4475 495 4540 ohe
518 4473 660 4542 dimandi
681 4475 769 4542 detta
792 4478 1017 4544 communione
1040 4488 1134 4544 etna
1157 4479 1241 4546 sacci
1255 4482 1401 4548 instansa

85 4603 137 4666 per
157 4581 179 4646 il
201 4603 302 4670 regno
319 4574 386 4646 solo
403 4577 435 4646 di
450 4577 593 4657 Boemia,
616 4579 734 4668 perche
746 4603 811 4646 non
827 4604 899 4647 sera
913 4591 1002 4652 tanto
1019 4581 1149 4650 difficile
1164 4605 1184 4648 a
1200 4585 1400 4674 consaguire,

86 4684 235 4757 essendoli
257 4708 316 4774 per
338 4683 419 4749 altro
442 4693 551 4769 tempo
574 4691 659 4749 stata
681 4706 907 4752 concessa...

206 4875 264 4926 Das
281 4875 352 4926 oben
368 4871 502 4924 eruthnte
519 4871 606 4923 Breve
623 4874 718 4924 roml
745 4871 801 4924 Juli
827 4876 854 4926 in
871 4875 911 4928 Le
933 4876 994 4929 Plat
1011 4879 1036 4942 t,
1054 4879 1113 4933 360.
1140 4903 1173 4916 ·-
1198 4879 1254 4936 Ans
1277 4885 1323 4938 der
1345 4886 1399 4939 De-

138 4961 237 5028 pescbs
254 4959 301 5014 das
319 4957 472 5014 saudan
489 4973 552 5010 rma
572 4960 585 5010 1
597 4956 666 5011 sun:
687 4957 767 5028 [Pius]
787 4959 852 5012 dixit
863 4961 898 5013 ad
909 4965 1073 5030 sesonptnm
1086 4981 1151 5030 essa,
1169 4971 1238 5020 ΠΜ
1255 4969 1287 5023 V.
1306 4979 1399 5038 optare

138 5047 249 5100 liberum
267 5046 417 5110 concilium,
445 5051 473 5096 ct
489 5046 603 5113 iniunxit
619 5051 651 5098 ut
666 5046 703 5098 ad
717 5047 788 5100 ΗΜ
805 5048 836 5100 V.
855 5051 1035 5116 rescriberem,
1054 5054 1194 5109 consilium
1217 5057 1269 5110 hoo
1286 5059 1395 5112 Triden-
