3468 5820
159 649 242 734 liten's
259 680 313 733 qs.
330 679 358 732 S.
371 679 402 736 0.
414 681 450 734 ad
466 695 515 732 nos
526 679 669 732 identidem
681 675 749 728 datis
762 674 935 736 continentur,
953 671 1058 724 assidue
1070 685 1133 738 prae
1146 669 1230 722 oculis
1247 684 1368 737 geram
1385 671 1412 721 in

158 769 264 836 illisque
282 769 388 820 debitae
406 768 554 820 executioni
572 767 736 831 mandandis,
753 771 783 818 ut
799 769 865 822 tides
884 773 910 820 et
928 766 1044 822 cilicium
1056 773 1174 822 nostrum
1186 767 1303 833 requirit,
1321 779 1411 816 omnes

160 860 336 924 cogitationes
354 857 453 910 delixae
470 857 616 910 habeamus
632 861 712 923 atque
728 858 847 908 actiones
865 858 944 908 etiam
961 860 1073 918 nostras,
1090 856 1113 906 si
1129 869 1183 906 non
1201 869 1305 918 semper
1320 857 1351 904 ιιι
1367 867 1412 903 ro·

157 945 254 1008 lurnus,
272 950 301 997 ιι
318 949 390 996 ιιιιι
407 950 437 996 ut
453 961 501 1010 per
518 943 625 996 concilii
633 959 797 1010 progressum
810 943 880 1006 licet,
898 942 932 994 ad
944 941 1048 993 illorum
1060 942 1249 1006 praescriptum
1261 938 1412 1006 dirigamus,

158 1037 249 1084 tamen
266 1032 355 1084 iacere
372 1048 425 1083 non
442 1047 580 1097 possumus
592 1033 655 1096 quin
674 1029 825 1097 diligentem
843 1032 920 1082 istam
937 1029 970 1080 D.
990 1028 1198 1080 consiliariorum
1216 1041 1323 1092 operam
1342 1026 1413 1077 etin

159 1117 304 1184 dirigendis
320 1133 354 1168 ac
371 1131 419 1168 sna
436 1119 464 1168 in
481 1116 542 1168 loca
559 1116 746 1168 distribuendis
769 1117 848 1168 rebus
873 1121 1010 1181 susceptos
1037 1115 1142 1166 labores
1164 1113 1334 1164 vehementer
1355 1127 1413 1176 pro·

157 1207 253 1256 bemus
270 1210 351 1271 atque
367 1205 438 1256 omni
456 1203 683 1256 commendatione
700 1218 894 1270 prosequemur.
919 1219 953 1254 ac
975 1203 1010 1254 ad
1033 1207 1086 1254 tres
1102 1203 1202 1268 priores
1220 1199 1325 1265 quidem
1342 1198 1413 1250 illins

158 1290 222 1343 libri
240 1297 329 1356 partes
346 1289 421 1342 nulla
437 1294 526 1342 nostra
544 1292 712 1356 responsione
724 1305 790 1356 epus
801 1306 860 1341 esse
876 1289 1031 1342 indicamus.
1051 1293 1184 1340 caeterum
1201 1286 1273 1354 quod
1290 1285 1325 1337 ad
1342 1291 1413 1352 post-

157 1393 259 1430 remam
276 1377 353 1428 huius
369 1376 455 1428 libelli
471 1380 573 1442 partem
591 1377 691 1440 attinet,
709 1378 736 1428 iu
754 1393 833 1442 quam
851 1379 972 1428 coniecta
989 1381 1051 1428 suut
1068 1375 1157 1428 omnis
1174 1371 1363 1439 propemedum
1381 1386 1414 1422 ea

157 1480 228 1531 qnae
246 1464 370 1530 deinceps
387 1463 415 1514 in
433 1463 546 1514 concilio
563 1462 704 1514 ιιιιιιιιᾱι
721 1463 851 1526 ridentur,
870 1479 917 1514 nos
934 1467 964 1514 ut
982 1461 1105 1514 clementi
1122 1459 1177 1513 llil·
1194 1460 1222 1514 8.
1241 1459 1271 1512 0.
1288 1457 1413 1510 mandato

156 1551 294 1602 humilime
311 1563 458 1616 pareamus,
477 1555 591 1600 noemam
610 1549 734 1600 humilem
751 1550 908 1602 sententiam
930 1548 966 1600 ad
988 1547 1092 1615 singula
1115 1548 1203 1612 capita
1226 1545 1414 1598 adscribentur.

156 1655 191 1690 ac
208 1637 303 1689 titulus
320 1636 426 1703 quidem
444 1637 500 1688 eius
516 1637 598 1702 pertis
614 1635 747 1701 adquam
770 1651 819 1688 nos
842 1635 991 1688 humilimas
1014 1639 1117 1688 nostm
1140 1633 1276 1700 opiniones
1299 1629 1415 1682 adiicere

156 1725 287 1778 debemus
303 1723 348 1776 hic
366 1729 420 1776 est:

245 1913 356 1966 Articuli
372 1915 477 1966 nomine
496 1910 591 1965 uis*
609 1916 636 1965 in
654 1912 767 1966 concilio
784 1911 940 1965 Tridentino
958 1911 992 1964 de
1008 1927 1078 1964 noro
1097 1909 1268 1979 proponendi.

229 2037 272 2088 De
289 2051 415 2101 processu
433 2033 556 2087 conciliir
572 2036 587 2087 1
603 2035 693 2103 placet
709 2041 739 2086 ut
756 2051 823 2103 quae
841 2038 868 2088 in
886 2052 962 2088 sacra
979 2037 1109 2102 scriptura
1127 2033 1294 2085 continentur
1318 2035 1345 2081 et
1362 2029 1415 2078 iam

156 2125 185 2174 in
203 2123 339 2174 veteribus
365 2124 447 2174 sacris
472 2122 594 2174 conciliis
616 2125 749 2176 suscitata
771 2129 844 2187 sunt,
873 2124 906 2175 de
930 2125 1025 2191 quibus
1047 2123 1121 2175 nulla
1138 2139 1197 2174 curn
1214 2120 1356 2174 haereticis
1374 2119 1415 2167 est

157 2209 349 2273 controversia,
366 2225 419 2260 non
437 2209 548 2275 amplius
565 2210 594 2259 in
610 2211 791 2276 quaestionem
809 2215 973 2276 revocentur,
995 2217 1076 2278 atque
1098 2211 1198 2262 utinam
1221 2208 1305 2260 multa
1327 2212 1416 2258 emunt

157 2295 290 2346 eiusmodi
307 2300 353 2347 aut
371 2311 462 2347 sacrae
481 2297 626 2362 scripturae
643 2297 705 2348 loce
722 2303 769 2347 aut
786 2301 903 2348 veterum
922 2297 948 2349 S.
966 2303 1070 2365 patrum
1082 2303 1109 2349 et
1123 2295 1296 2348 conciliorum
1309 2295 1416 2346 decreta

156 2383 300 2448 inquibus
323 2381 424 2432 nullum
452 2381 565 2448 amplius
588 2397 647 2434 cum
664 2382 805 2434 haereticis
824 2388 957 2434 certamen
979 2385 1056 2436 nobis
1079 2389 1156 2434 esset.
1185 2382 1233 2435 sed
1255 2383 1356 2432 factum
1373 2386 1414 2433 est

155 2469 255 2520 nostris
278 2470 396 2534 peccatis
419 2467 514 2533 deique
536 2468 729 2534 indignatione,
760 2474 790 2520 ut
815 2485 903 2536 pauca
925 2471 978 2520 sint
995 2470 1063 2521 adeo
1082 2469 1155 2520 firma
1174 2485 1207 2520 ac
1224 2469 1329 2520 stabilia
1347 2483 1416 2536 quae

155 2554 237 2605 huius
255 2556 380 2620 temporis
397 2553 523 2605 haeretici
541 2555 568 2605 in
587 2554 694 2606 dubium
713 2559 740 2606 et
757 2557 937 2622 quaestionem
955 2572 1008 2607 non
1025 2556 1131 2607 trahant
1148 2561 1228 2622 atque
1246 2555 1313 2606 adeo
1334 2571 1415 2622 quan·

156 2645 214 2691 tum
232 2641 261 2690 in
278 2641 341 2707 ipsis
360 2645 400 2691 est
417 2639 577 2693 convellant.
601 2643 749 2693 necessario
767 2643 856 2708 itaque
880 2641 1010 2694 interdum
1036 2641 1066 2694 lit
1088 2647 1118 2693 ut
1143 2648 1262 2693 veterum
1285 2658 1416 2694 canonum

157 2727 301 2790 autoritas,
328 2741 408 2793 quam
425 2725 553 2777 haeretici
570 2728 690 2777 omnibus
714 2729 814 2780 viribus
836 2727 998 2780 labefactare
1023 2744 1057 2780 ac
1082 2727 1116 2780 de
1133 2744 1181 2779 suo
1200 2727 1335 2794 diguitatis
1352 2730 1416 2783 loco

159 2813 302 2864 deturbare
321 2818 462 2877 conantur,
489 2813 564 2864 novis
583 2815 728 2864 canonibus
750 2815 844 2865 iterum
867 2813 982 2865 firmetur
1004 2830 1037 2865 ac
1056 2813 1204 2867 stabiliatur
1227 2819 1254 2865 ιι
1271 2818 1417 2884 scripturae

158 2913 252 2950 sacrae
270 2897 332 2950 loca
349 2898 479 2976 quae'illi
502 2900 528 2949 in
552 2898 667 2950 alisnnrn
688 2917 794 2953 sensum
818 2899 980 2967 detorquent*
994 2901 1166 2968 explicentur.
1196 2899 1244 2952 sed
1261 2907 1350 2954 tamen
1368 2922 1416 2956 nos

157 3001 265 3052 qnoque
284 2986 461 3036 existimamus
479 3000 576 3050 operae
593 2987 705 3052 pretium
719 2988 783 3044 fore,
801 2987 915 3038 uitales
934 2988 1101 3053 quaestiones
1118 3003 1186 3054 quae
1205 3003 1258 3038 uon
1275 2991 1416 3042 maximam

156 3072 346 3124 necessitatem
364 3071 461 3123 habere
477 3071 617 3123 rideantur
634 3078 661 3124 ιι
678 3089 747 3140 qnae
760 3089 801 3125 res
816 3077 978 3126 necessarias
996 3075 1117 3126 remerari
1135 3080 1182 3126 aut
1193 3077 1345 3142 perturbare
1357 3094 1416 3143 pos-

157 3164 226 3222 ιιιιι,
244 3160 270 3208 in
288 3164 421 3225 postemm
440 3161 544 3210 omnino
569 3161 707 3214 evitentur.
731 3161 758 3211 11
775 3166 925 3226 optaremus
943 3177 991 3212 nos
1009 3160 1115 3227 quidem
1133 3166 1163 3212 ut
1181 3161 1365 3227 deputationes
1384 3180 1417 3215 ex

158 3247 282 3298 omnibns
299 3246 450 3296 nationibus
468 3245 574 3308 lierent;
592 3246 639 3297 sed
656 3247 691 3298 D.
709 3247 791 3313 legati
809 3247 938 3298 referente
956 3247 989 3298 D.
1006 3247 1118 3299 hlorono
1137 3252 1227 3313 aperte
1249 3248 1326 3299 nobis
1345 3249 1416 3300 dixe-

157 3336 228 3395 runt,
246 3347 275 3384 se
293 3347 426 3398 nunquam
444 3334 616 3398 permissuros
633 3337 663 3383 ut
680 3335 755 3400 qnasi
773 3349 822 3399 per
838 3333 1025 3400 obligationem
1045 3350 1077 3384 ex
1089 3334 1198 3400 singulis
1211 3334 1361 3385 catonibus
1373 3335 1417 3387 de-

156 3419 245 3485 putati
262 3417 297 3468 ad
315 3418 427 3469 consilia
444 3417 625 3481 adhibeantur,
643 3418 723 3471 adid
742 3421 811 3469 enim
830 3435 875 3472 eos
892 3419 965 3470 nulla
990 3421 1090 3471 ratione
1107 3425 1154 3470 ant
1171 3420 1230 3486 lege
1249 3423 1345 3482 teneri,
1369 3423 1417 3474 sed

157 3511 250 3557 tamen
261 3503 289 3554 id
306 3519 335 3555 ιι
352 3504 469 3555 facturos
488 3519 521 3555 ex
538 3519 587 3556 sua
604 3503 767 3556 humanitate
788 3509 830 3567 ut,
857 3521 917 3556 cum
940 3507 1004 3571 ipsis
1028 3511 1202 3572 opportrmum
1225 3506 1365 3570 videbitur,
1384 3524 1417 3559 ex

157 3591 311 3643 nationibus
328 3591 430 3657 aliquos
447 3590 483 3641 ad
501 3605 530 3641 se
546 3595 645 3642 vocent
661 3607 727 3657 quos
745 3592 794 3657 ipsi
811 3591 895 3658 magis
919 3593 1087 3659 probaverint
1109 3597 1137 3642 et
1158 3608 1267 3659 qnorum
1288 3593 1418 3646 derebus

157 3681 187 3730 in
205 3677 319 3730 concilio
345 3677 520 3743 proponendis
544 3678 690 3743 expetenda
713 3693 771 3729 esec
795 3679 905 3731 consilia
927 3679 1109 3730 indicaverint
1140 3679 1181 3730 111
1202 3677 1314 3730 liberum
1338 3681 1416 3731 etiarn

159 3765 211 3816 erit
228 3764 312 3814 cuivis
334 3764 378 3829 pio
397 3768 424 3813 et
441 3763 520 3816 docto
545 3765 603 3815 vlro
622 3765 701 3815 etiam
719 3769 794 3817 extra
817 3764 999 3830 deputationes
1026 3766 1169 3816 constituto
1196 3771 1242 3817 aut
1259 3765 1341 3816 verbo
1371 3770 1419 3818 ant

159 3851 258 3917 scripto
276 3849 419 3901 admonere
435 3855 523 3916 patres
542 3855 569 3902 et
587 3851 725 3903 consilium
743 3867 819 3902 sunm
832 3851 955 3903 derebus
967 3853 1111 3903 tractandis
1121 3854 1230 3919 aperire.
1248 3853 1277 3903 id
1289 3851 1417 3904 hactenns

160 3951 267 4002 quoqne
284 3941 417 3988 serratum
435 3941 475 3987 est
491 3936 583 3988 inillis
602 3937 815 4002 deputationibus
831 3941 934 4003 patrum
953 3952 1018 4003 quas
1036 3938 1177 3989 concilium
1194 3953 1242 4002 per
1264 3939 1297 3988 l).
1315 3937 1418 4004 legatos

159 4023 217 4072 sire
235 4021 270 4072 sd
288 4021 441 4074 scribendos
459 4037 574 4074 ιιιιοιιιι
591 4025 648 4073 sire
666 4023 702 4074 ad
720 4021 883 4088 colligendos
900 4025 998 4074 abusus
1016 4023 1151 4075 nominare
1170 4024 1308 4075 consuluit
1327 4025 1366 4076 IV
1384 4025 1418 4076 de

159 4108 324 4175 proponendi
342 4109 472 4173 libertate,
490 4110 560 4159 sicut
577 4111 631 4175 egit
647 4109 707 4160 uc.
730 4109 756 4160 S.
781 4108 810 4160 0.
835 4124 895 4160 cum
912 4109 968 4159 Rus
984 4109 1018 4164 D.
1037 4109 1162 4174 llorono,
1179 4110 1278 4160 nullam
1296 4125 1345 4163 nos
1362 4114 1417 4178 qui·

161 4193 222 4245 dem
241 4196 409 4245 occasionem
426 4196 657 4260 praetermittimus
674 4193 833 4246 admonendi
849 4200 880 4245 ut
898 4197 953 4246 eius
970 4196 1101 4247 habeatnr
1117 4197 1192 4246 ratio.
1219 4197 1267 4247 sed
1284 4201 1373 4249 tamen
1389 4203 1419 4250 nt

159 4279 228 4331 haec
247 4295 288 4331 res
306 4271 424 4332 debitum
442 4281 584 4347 aliquando
610 4281 708 4331 emtum
732 4287 914 4346 consequatur,
941 4285 1031 4333 nostra
1053 4287 1094 4332 est
1115 4280 1220 4332 humilis
1242 4283 1372 4334 sententia
1389 4288 1419 4334 ut

160 4367 222 4416 him
239 4365 266 4419 8.
277 4365 306 4418 G.
325 4365 413 4433 aliqua
430 4369 532 4418 ratione
549 4366 687 4433 providere
705 4365 834 4434 dignetur,
851 4383 886 4418 ne
903 4367 1007 4419 silentio
1025 4369 1247 4433 praetermittatur
1262 4367 1330 4419 illud
1346 4367 1419 4435 quod

159 4457 213 4506 iam
230 4454 438 4521 praeindicatum
456 4460 496 4505 est
513 4456 540 4505 in
557 4456 693 4520 apertione
711 4452 829 4518 concilii,
847 4455 999 4507 absentibus
1015 4471 1069 4505 non
1092 4454 1176 4506 solnm
1200 4452 1254 4503 ΜΨ
1273 4453 1300 4505 S.
1320 4453 1350 4505 0.
1369 4455 1418 4506 sed

164 4543 243 4591 etiam
262 4539 372 4591 aliomm
390 4555 480 4607 regum
499 4547 526 4592 et
541 4541 691 4606 principum
708 4541 864 4604 oratoribus,
890 4541 961 4607 quod
979 4545 1051 4591 certe
1068 4554 1164 4606 magno
1182 4539 1307 4591 scandalo
1325 4542 1375 4591 erit
1392 4545 1419 4590 et

163 4626 320 4677 adversariis
337 4629 433 4679 nostris
451 4629 538 4679 omnis
554 4630 583 4678 in
600 4629 717 4693 peiorem
733 4631 834 4693 partem
852 4627 1013 4692 rapientibus
1031 4641 1084 4677 non
1100 4625 1187 4677 levem
1204 4625 1240 4676 ad
1258 4625 1418 4677 calumnian-

162 4712 224 4763 dum
244 4715 410 4766 occasionem
426 4713 572 4780 praebebit,
589 4714 666 4780 quasi
681 4713 726 4764 hic
743 4713 809 4764 nihil
825 4713 898 4765 alind
915 4713 966 4764 nisi
983 4712 1054 4780 qnod
1072 4713 1165 4763 summi
1181 4711 1313 4778 pontificis
1324 4712 1419 4779 legatis

163 4800 248 4851 risum
266 4800 358 4864 tuerit,
375 4805 422 4851 ιιιι
438 4806 600 4867 proponatur
617 4805 664 4850 aut
680 4803 814 4863 mactetur,
833 4801 908 4850 etita
920 4801 1079 4866 exipsorum
1091 4799 1200 4864 imperio
1213 4813 1246 4850 ac
1258 4800 1418 4864 praescripto

162 4891 220 4939 tota
237 4887 354 4954 synodus
371 4887 493 4954 pendeat.
522 4903 575 4938 nun
593 4891 633 4939 est
650 4891 738 4936 autem
756 4883 864 4937 dubium
888 4886 955 4937 baec
979 4890 1006 4937 ιι
1023 4885 1079 4936 eius
1097 4885 1200 4951 genens
1222 4884 1351 4951 permulta
1372 4882 1418 4933 ad·

162 4973 292 5026 versandos
310 4977 402 5025 contra
419 4973 495 5025 huius
513 4971 608 5041 synodi
625 4973 794 5024 autoritatem
812 4971 938 5024 allaturos
957 4976 984 5022 et
1001 4969 1036 5022 ad
1054 4967 1247 5022 confirmandas
1272 4983 1333 5020 snas
1356 4967 1416 5020 illas

163 5061 279 5112 rationes
296 5059 357 5111 hinc
376 5061 455 5111 etiarn
473 5064 628 5127 argumenta
645 5057 853 5124 deprompturoa
871 5057 924 5110 hnc
943 5057 1023 5109 etiam
1040 5053 1146 5108 accedit
1163 5055 1235 5125 qued
1252 5054 1319 5106 baec
1330 5054 1419 5108 ιιιιιιίι
