3512 5838
361 502 422 566 048

357 709 537 795 incoeptum
561 710 744 791 sessionem,
769 709 876 775 omnis
897 731 935 776 eo
958 717 1042 798 quoe
1065 709 1125 776 sub
1147 709 1248 779 Paulo
1275 720 1308 780 et
1328 709 1415 780 Julio
1437 711 1488 780 111
1508 722 1580 780 ectu
1597 725 1659 782 sunt

355 810 537 899 relegendo,
562 811 711 879 hesterno
735 813 786 878 die
809 813 852 878 ud
879 813 992 879 horum
1019 824 1168 902 quartem
1195 815 1449 902 pomeridianam
1477 817 1660 884 absolvimus

356 938 428 980 cum
453 917 592 981 omnium
614 918 694 982 miro
718 939 876 984 consensu
900 928 996 1006 utque
1019 919 1139 1004 ingenti
1168 919 1291 986 laetitio
1305 968 1313 985 .
1329 969 1362 985 ..
1398 918 1478 986 illud
1500 945 1659 989 unumve

355 1019 519 1086 hementer
541 1020 695 1086 mirentrrr
718 1043 829 1086 omnes
850 1022 939 1108 quod
961 1023 993 1088 in
1016 1021 1078 1088 illis
1108 1025 1250 1090 materiis
1279 1023 1318 1090 de
1351 1025 1467 1112 quibus
1495 1048 1579 1091 nunc
1604 1049 1657 1092 ma·

359 1126 444 1189 xime
456 1125 711 1207 controvertitur,
734 1135 769 1188 ut
780 1133 857 1210 pute
873 1124 913 1190 de
927 1129 1123 1212 purgatorio,
1147 1127 1187 1194 de
1208 1128 1412 1194 invocatione
1427 1138 1613 1213 sanctorum,
1625 1129 1658 1196 de

355 1225 506 1312 reliquiis,
530 1227 570 1292 de
591 1227 795 1313 imaginibus,
819 1228 1025 1315 indulgentiis
1047 1232 1172 1296 ieiuniis
1195 1241 1228 1297 et
1247 1231 1360 1298 diebus
1390 1232 1488 1315 festis,
1516 1232 1596 1298 inter
1620 1241 1659 1298 tot

356 1341 505 1398 centenos
528 1340 636 1418 putres
659 1355 698 1396 ac
720 1333 816 1396 etiam
839 1331 1006 1420 theologos
1028 1357 1068 1398 ne
1092 1357 1173 1398 uuus
1196 1334 1326 1422 quidem
1348 1343 1493 1421 repertus
1508 1334 1599 1400 fuerit
1613 1339 1659 1423 qui

355 1439 387 1502 in
410 1459 444 1502 re
466 1438 538 1523 ipsa
559 1434 771 1500 dissensisset.
794 1435 977 1522 pontificem
1001 1459 1129 1525 quoque
1144 1438 1208 1502 ium
1220 1436 1304 1504 bene
1318 1437 1428 1504 valere
1442 1437 1659 1504 intelleximus.

353 1543 462 1627 itaque
486 1537 545 1604 deo
568 1539 692 1626 gratim
714 1547 789 1606 sunt
810 1538 978 1624 agendae.
996 1589 1003 1602 .
1020 1589 1027 1604 .

488 1768 539 1818 Die
556 1765 773 1817 Acclamationen
792 1763 838 1815 der
854 1763 951 1816 letzten
971 1763 1080 1832 Sitsung
1098 1764 1206 1831 klingen
1225 1765 1357 1817 nutdrlieh
1377 1767 1405 1816 in
1418 1765 1470 1818 inst
1481 1765 1553 1818 allen
1564 1765 1660 1818 Brieien

420 1853 496 1906 noch.
514 1855 566 1904 Mir
582 1853 668 1920 liegen
686 1850 777 1902 solchs
795 1850 881 1902 Brieie
899 1851 968 1902 noch
986 1867 1034 1902 vor
1050 1866 1111 1902 vom
1130 1847 1158 1903 O.
1178 1851 1287 1902 Morone
1310 1851 1364 1902 und
1386 1867 1439 1902 von
1466 1851 1521 1904 den
1543 1854 1595 1904 sier
1616 1853 1661 1904 Le·

422 1945 500 2008 gaten
518 1955 552 1990 on
571 1939 621 1989 den
640 1937 733 1988 Kuiser
751 1935 869 2002 (Wiener
886 1935 916 1989 C.
934 1937 973 1999 A,
993 1937 1039 1988 der
1057 1942 1155 1988 erstere
1173 1939 1199 1987 in
1217 1938 1255 1990 Le
1272 1937 1333 1988 Plut
1350 1939 1374 2000 0,
1386 1935 1447 2004 000)
1460 1937 1578 1991 undvou
1589 1939 1661 1988 Drsc

422 2027 516 2079 kovics
534 2041 568 2076 un
587 2024 637 2075 den
655 2023 733 2074 Ersh.
757 2023 908 2073 Ferdinand
927 2023 1114 2090 (Iunsbrnclrer
1131 2022 1161 2074 0.
1180 2023 1231 2088 1.).
1257 2024 1329 2075 Aber
1345 2037 1407 2074 mun
1425 2023 1486 2075 duri
1508 2023 1584 2076 nicht
1603 2025 1662 2074 tiber

420 2113 471 2164 den
494 2111 574 2163 Jubel
591 2109 739 2161 tiberhbren
761 2123 815 2159 was
833 2107 890 2158 hier
906 2109 962 2159 und
979 2109 1013 2160 de
1035 2109 1099 2159 tiber
1123 2108 1166 2160 die
1184 2109 1279 2160 letsten
1302 2109 1376 2175 'ruge
1400 2108 1447 2160 der
1469 2110 1659 2175 Versummlung

420 2197 549 2250 berichtet
565 2195 638 2259 wird,
656 2196 705 2245 wie
723 2210 776 2245 von
793 2195 914 2246 Paleotto
932 2196 960 2245 in
977 2195 1119 2246 Mendhum
1138 2197 1189 2247 039
1206 2196 1271 2248 oder
1286 2212 1339 2246 von
1350 2195 1438 2248 Musio
1451 2195 1538 2248 culini
1550 2197 1578 2246 in
1589 2197 1656 2248 Boon

419 2287 476 2348 149,
493 2283 563 2336 noch
581 2284 630 2332 wie
648 2287 716 2332 etws
735 2281 781 2330 der
798 2279 910 2332 Bischoi
925 2297 977 2332 von
995 2281 1099 2347 Ugento
1119 2281 1192 2346 (ibid
1213 2283 1273 2347 307)
1300 2282 1357 2333 sich
1380 2282 1446 2333 iiber
1462 2282 1505 2332 dis
1524 2283 1657 2349 Einhellig·

418 2371 474 2421 lreit
491 2370 537 2421 der
549 2369 630 2419 Vttter
648 2371 757 2419 iusseri.
776 2394 809 2404 -
828 2365 877 2418 Die
896 2367 1000 2418 Frende
1019 2368 1066 2418 der
1083 2367 1212 2419 Oratoren
1224 2367 1386 2419 Ferdinunds
1403 2369 1492 2420 wnrde
1511 2368 1595 2421 durch
1610 2368 1657 2420 ilrre

418 2451 701 2524 Geldverlegenheiten
720 2454 833 2520 getrttbt.
867 2453 1029 2505 Drsskovics
1053 2454 1115 2504 fund
1138 2455 1206 2506 noch
1224 2469 1253 2506 so
1271 2455 1325 2506 viel
1344 2455 1432 2506 Credit
1449 2457 1476 2506 in
1492 2455 1587 2507 Trient
1607 2455 1659 2506 drus

421 2562 449 2596 er
466 2560 508 2595 nm
528 2545 559 2595 14
576 2543 642 2593 iiber
659 2539 805 2591 Innsbruck
824 2555 857 2590 un
875 2538 923 2591 des
941 2541 966 2591 k.
985 2541 1112 2607 Hoflsger
1128 2543 1213 2592 reioen
1230 2541 1339 2595 konnte.
1357 2543 1424 2593 Brus
1436 2541 1558 2609 dngegen
1570 2542 1658 2608 (Brieie

417 2649 451 2683 uu
470 2631 520 2681 den
538 2630 633 2680 Kaisor
649 2643 709 2677 vom
729 2629 744 2676 8
762 2626 816 2677 und
834 2627 867 2676 27
885 2627 951 2677 Dec.
971 2627 997 2677 in
1017 2625 1067 2677 den
1093 2625 1121 2678 C.
1140 2627 1191 2692 A),
1216 2627 1329 2679 welches
1353 2629 1488 2680 innerbslb
1510 2632 1542 2681 lb
1560 2629 1657 2681 Morus

417 2735 469 2770 von
489 2716 534 2767 der
551 2715 724 2766 Hoflrammer
743 2729 792 2763 nur
809 2713 876 2764 0000
894 2713 991 2764 Tbsler
1008 2713 1163 2780 ausgezublt
1180 2714 1298 2766 erhslten
1316 2715 1397 2780 batte,
1414 2714 1515 2766 konnte
1533 2714 1657 2766 Scbnlden

416 2805 508 2856 halben
526 2801 567 2851 die
580 2801 727 2852 Heirurcise
739 2798 808 2849 noch
825 2799 899 2850 nicht
917 2804 1049 2862 muster,
1073 2814 1102 2849 er
1120 2799 1233 2852 erklttrte
1250 2801 1306 2851 sich
1325 2817 1388 2868 geru
1406 2800 1516 2868 Absttge
1534 2816 1587 2854 von
1604 2801 1657 2853 dem

355 2882 360 2891 '
415 2887 624 2956 versprochenen
644 2885 756 2938 Gehulte
774 2884 887 2950 gefnllen
905 2884 992 2936 lusson
1005 2901 1038 2936 nu
1051 2885 1153 2950 wellen,
1171 2902 1247 2936 wenn
1265 2887 1312 2938 der
1322 2888 1416 2938 Keiser
1426 2903 1476 2939 nur
1487 2890 1563 2940 seine
1574 2887 1656 2939 Schul-

416 2974 640 3040 denberichtigen
658 2973 745 3024 lusson
763 2972 848 3023 wollc.
867 2971 958 3022 Indem
978 2987 1006 3022 er
1024 2971 1071 3022 aul
1080 2974 1218 3038 gunstigen
1228 2973 1358 3026 Bescheid
1376 2980 1489 3039 wurtete,
1510 2974 1656 3026 nnternshm

415 3082 442 3116 er
460 3065 535 3114 einen
552 3061 662 3127 Ausflng
678 3058 746 3108 uach
763 3057 891 3124 Venedig.
919 3058 993 3109 Nuch
1010 3057 1102 3108 'Prient
1127 3059 1338 3126 nurflokgelrehrt
1363 3061 1425 3111 lund
1451 3075 1481 3110 er
1511 3061 1578 3113 noob
1605 3060 1655 3110 drei

413 3151 501 3202 Briele
519 3149 566 3198 des
584 3147 690 3197 Kaisers
708 3163 763 3198 vor.
782 3145 813 3195 In
833 3143 891 3194 dem
911 3146 987 3196 einen
1006 3161 1066 3194 vom
1086 3145 1117 3194 10
1128 3145 1195 3197 Dec.
1215 3145 1346 3212 (Concept
1362 3147 1389 3196 in
1406 3145 1537 3212 Romans,
1556 3148 1655 3198 benntst

414 3255 465 3290 von
485 3235 551 3288 Pull.
573 3233 648 3298 1003)
669 3232 763 3298 sprach
781 3231 933 3282 Ferdinand
951 3231 994 3281 dis
1013 3231 1147 3298 Hoffnung
1165 3247 1213 3282 eus
1236 3231 1297 3284 dues
1315 3233 1357 3283 die
1377 3231 1485 3299 Spnnier
1502 3233 1574 3286 doch
1591 3232 1652 3283 nicht

414 3322 560 3375 versuchen
578 3319 684 3372 wbrden
702 3319 770 3370 noch
795 3319 841 3368 der
857 3319 967 3370 Abreise
991 3317 1039 3370 der
1060 3318 1179 3385 Leguten
1202 3319 1406 3371 conciliabulum
1429 3335 1521 3387 egere,
1544 3319 1600 3372 und
1616 3319 1651 3369 be

414 3411 514 3462 merkte
533 3425 579 3458 sur
596 3405 739 3458 Nucbricht
754 3421 807 3456 von
826 3405 871 3456 des
881 3406 992 3470 Pupstes
1010 3403 1198 3473 Erkrsnkung:
1216 3421 1286 3457 nunc
1303 3423 1356 3457 non
1374 3405 1491 3458 videmus
1509 3406 1573 3474 qnid
1591 3403 1652 3456 uliud

413 3498 489 3548 nobis
508 3497 541 3546 sit
558 3494 697 3560 agendum,
716 3507 748 3542 ex
766 3507 817 3557 quo
836 3491 914 3556 plene
931 3505 1086 3556 pemuusnm
1103 3491 1231 3544 hebemus
1249 3493 1362 3544 concilio
1381 3493 1433 3544 ium
1444 3491 1522 3544 finem
1541 3507 1597 3544 esse
1613 3493 1651 3540 im·

413 3585 535 3650 positum.
560 3581 613 3630 dus
637 3579 682 3629 der
700 3580 817 3628 Antwort
835 3576 881 3628 des
899 3578 998 3642 Preger
1016 3578 1183 3629 Erebischots
1201 3595 1261 3630 vom
1279 3581 1312 3630 27
1330 3580 1396 3630 Dec.
1415 3577 1513 3642 (0.1.)
1532 3577 1599 3629 hebe
1615 3574 1651 3626 ich

412 3669 481 3720 noch
499 3667 594 3718 hervor
610 3680 664 3715 uus
682 3681 710 3715 er
727 3664 774 3714 uui
790 3664 833 3713 dic
845 3663 983 3730 Anklugen
1001 3663 1046 3714 des
1065 3663 1162 3715 Gruien
1174 3666 1250 3716 Luna
1267 3679 1352 3732 gegeu
1369 3664 1414 3716 ibn
1425 3664 1479 3716 und
1490 3665 1651 3726 Druskosics,

413 3757 511 3807 desim
530 3755 652 3818 Eiugung
669 3749 752 3801 echon
769 3749 881 3800 Biscboi
895 3765 949 3800 von
965 3750 1061 3816 Agrum
1080 3755 1196 3817 genennt
1212 3751 1284 3816 wird,
1303 3751 1449 3802 erwiedert:
1558 3751 1598 3802 De
1613 3764 1651 3800 so·

412 3843 548 3892 cessatione
567 3840 669 3889 comitis
688 3837 720 3888 de
738 3837 815 3887 Luna
832 3851 902 3886 nuno
920 3849 961 3886 me
981 3841 1085 3901 oportet
1101 3837 1216 3889 scribere
1233 3839 1338 3902 parcius
1343 3875 1352 3901 ,
1375 3842 1430 3888 tum
1452 3836 1524 3904 qnod
1542 3838 1597 3903 ipse
1613 3835 1650 3886 hic

411 3929 551 3980 decumbat
568 3925 847 3992 periculosissime...
873 3929 928 3974 tum
946 3923 1017 3990 qnod
1034 3924 1068 3975 D.
1087 3924 1272 3990 ngrsbiensis
1295 3926 1347 3974 ism
1366 3939 1454 3976 corum
1472 3922 1500 3974 8.
1520 3922 1549 3977 C.
1567 3919 1608 3972 11ιι
1622 3921 1651 3970 V.

412 4017 550 4066 veritatem
567 4014 605 4062 rei
624 4010 750 4077 prolixius
768 4011 865 4076 poterit
883 4025 1012 4074 exponere
1026 4047 1032 4059 .
1046 4046 1072 4059 ..
1090 4011 1178 4060 mirari
1196 4014 1282 4060 autem
1302 4011 1470 4061 vehementer
1488 4025 1574 4075 cogor,
1590 4007 1654 4057 unde

411 4107 438 4152 et
455 4117 508 4168 que
525 4099 665 4152 occasione
677 4096 728 4148 hoc
747 4099 920 4147 commentum
939 4095 974 4146 D.
995 4095 1083 4146 comiti
1101 4097 1129 4146 in
1147 4101 1260 4146 mentem
1283 4097 1398 4162 venerit,
1421 4101 1450 4147 ut
1471 4096 1549 4148 nobie
1571 4094 1652 4144 insciis

408 4203 474 4253 quos
492 4190 643 4252 praesentes
661 4182 694 4233 de
713 4182 912 4233 occurrentibus
930 4181 1009 4231 rebus
1028 4197 1130 4247 semper
1147 4180 1248 4247 ulloqui
1264 4184 1359 4248 potuit,
1377 4182 1412 4234 sd
1424 4181 1493 4232 Mum
1503 4182 1535 4232 V.
1546 4181 1648 4231 scribom

410 4273 596 4324 malueritnos
614 4267 690 4320 finem
710 4267 813 4318 concilii
837 4268 913 4318 minis
931 4269 1090 4332 interpositis
1113 4269 1224 4332 ussisse,
1251 4283 1311 4320 cnm
1334 4271 1392 4334 ipse
1408 4269 1444 4319 ud
1467 4269 1537 4320 lutus
1554 4267 1650 4318 mihist

411 4358 512 4409 medius
529 4357 597 4408 inter
615 4371 656 4405 me
675 4358 701 4404 et
717 4355 752 4403 D.
773 4353 1084 4420 Quinqneecclesiensem
1107 4354 1217 4420 sederit,
1247 4354 1351 4422 qusndo
1368 4353 1418 4406 ΒΙΙὶΙ
1437 4357 1469 4407 D.
1495 4355 1578 4420 legnti
1600 4366 1650 4404 cum

411 4445 531 4496 omnibus
550 4443 704 4505 oratoribus,
723 4442 904 4507 praesentibus
922 4442 1000 4490 etium
1019 4439 1079 4490 ΒΝ·
1098 4440 1125 4492 C.
1143 4441 1304 4509 Lothuriugo
1323 4447 1350 4494 et
1367 4440 1505 4503 Msdrutio,
1524 4441 1560 4492 de
1571 4439 1618 4490 dne
1629 4441 1651 4486 ct

411 4531 579 4584 conclusione
597 4527 703 4580 concilii
720 4531 873 4591 tractarunt,
891 4531 945 4578 tum
964 4526 1068 4594 quando
1086 4529 1198 4578 nuncius
1216 4528 1248 4579 de
1268 4528 1406 4594 desperate
1417 4529 1509 4578 summi
1529 4523 1651 4594 pontificio

410 4617 562 4667 valetudine
580 4616 632 4666 huc
650 4619 767 4676 venerat,
786 4619 812 4662 et
831 4612 943 4662 audierit
962 4629 1083 4679 expresse
1100 4630 1149 4664 nos
1166 4615 1240 4666 initio
1265 4615 1291 4664 in
1313 4613 1391 4666 tinem
1416 4615 1520 4665 concilii
1544 4613 1649 4664 noluisse

410 4705 564 4767 consentire,
583 4702 630 4752 sed
647 4701 754 4765 petiisse
773 4699 1002 4762 deliberationem
1022 4699 1206 4750 dubitabamus
1225 4702 1293 4750 enim
1312 4701 1345 4750 de
1362 4699 1499 4750 voluntate
1517 4698 1543 4749 8.
1557 4693 1647 4749 (1101·

411 4794 436 4838 et
455 4789 611 4838 occurrebat
628 4787 704 4836 nobis
722 4787 789 4835 itimn
807 4785 837 4834 V.
857 4786 974 4834 fortassis
992 4783 1070 4836 malle
1088 4785 1182 4836 durare
1200 4787 1349 4849 concilium,
1367 4787 1389 4835 si
1406 4785 1522 4853 pontifex
1541 4787 1648 4835 mortuus

410 4873 509 4935 luisset,
528 4889 605 4938 quum
624 4870 754 4922 concludi.
779 4873 898 4936 sequenti
917 4871 958 4921 die
977 4887 1037 4922 cnm
1056 4872 1108 4922 iem
1131 4873 1176 4922 ulii
1199 4873 1254 4924 fere
1278 4888 1367 4922 omnes
1386 4877 1513 4934 emtores,
1533 4873 1589 4936 ipso
1606 4883 1647 4918 cu·

411 4961 472 5010 mite
491 4965 592 5010 tuntum
609 4963 727 5025 excepto,
745 4959 867 5022 privatim
884 4957 956 5023 apud
974 4973 1022 5008 nos
1040 4973 1195 5008 consensum
1213 4965 1329 5010 nuruum
1348 4973 1395 5025 pro
1420 4955 1530 5009 concilio
1549 4953 1646 5008 conclu·

411 5043 497 5098 dendo
515 5046 642 5098 inistentes
659 5044 852 5110 sollicitassent,
870 5060 958 5096 rursus
978 5045 1147 5096 convenimus
1165 5043 1235 5112 apud
1253 5045 1285 5098 D.
1305 5044 1415 5114 legatos,
1436 5059 1486 5114 quo
1503 5049 1530 5094 et
1546 5043 1600 5112 ipse
1616 5039 1646 5092 D.
