3512 5838
354 542 416 610 lli

354 733 454 800 sessio
476 729 587 798 baberi
608 732 718 819 possit,
742 731 891 799 articulos
914 730 957 798 ad
978 729 1191 800 universalem
1206 729 1462 800 reformationem
1478 731 1662 822 pertinentes

353 839 534 925 principum
557 835 736 902 oratoribus
768 835 809 901 ad
840 835 1106 902 considerandum
1134 843 1385 924 proposuerunt,
1414 839 1460 902 uti
1488 839 1552 903 iam
1579 850 1664 904 antee

353 938 404 1006 M..
421 941 460 1006 V.
484 939 515 1005 S.
539 941 791 1028 perscripsimus.
826 963 883 1006 ecs
910 941 1018 1028 itaque
1047 939 1198 1006 articulos
1227 939 1278 1004 Ml
1297 939 1335 1006 V.
1367 939 1399 1006 S.
1429 941 1582 1007 mittimus
1608 965 1665 1006 una

354 1066 428 1109 cum
449 1044 605 1132 exemplis
627 1053 808 1110 nostrarum
830 1045 1071 1110 annotationum
1092 1065 1189 1130 super
1215 1042 1329 1108 iisdem
1356 1042 1514 1110 factarum
1541 1054 1574 1109 et
1599 1047 1665 1109 arti·

354 1145 498 1214 culorum
519 1171 540 1213 a
560 1147 653 1214 nobis
676 1169 718 1214 ex
740 1147 800 1211 Mn.
822 1148 863 1212 V.
886 1146 918 1212 S.
941 1147 1151 1212 instructione
1178 1137 1412 1211 adiunctcrum.
1441 1147 1667 1234 cupivissemus

353 1274 412 1317 nos
441 1251 571 1341 quidem
599 1273 688 1316 suam
717 1250 890 1338 benignam
917 1249 1114 1317 voluntatem
1143 1249 1343 1314 manifestius
1373 1249 1551 1337 intelligere
1579 1273 1669 1338 super

354 1355 502 1441 opinione
524 1364 634 1420 nostra
656 1377 753 1442 quam
776 1357 864 1420 iussu
887 1352 919 1420 S.
941 1353 1002 1418 Mn.
1024 1353 1064 1419 V.
1088 1376 1185 1441 super
1206 1362 1321 1442 quartu
1336 1363 1434 1440 parte
1455 1353 1530 1418 libri
1553 1354 1596 1420 ad
1615 1376 1670 1420 nos

354 1481 397 1523 ex
420 1456 602 1547 Oeniponte
625 1459 713 1524 missi
734 1461 965 1545 scripseramus
993 1466 1025 1523 et
1047 1457 1090 1524 ad
1111 1457 1186 1522 M²'¹‘¹
1202 1455 1241 1522 V.
1265 1456 1298 1521 S.
1329 1466 1403 1524 ante
1425 1456 1535 1544 plures
1558 1457 1671 1523 bebdo-

353 1561 465 1627 mades
487 1563 685 1642 miseramus,
719 1563 905 1650 priusquam
927 1562 960 1627 hi
983 1560 1108 1627 articuli
1130 1585 1150 1626 a
1171 1561 1236 1626 Rs.
1259 1561 1300 1625 Ι).
1324 1560 1437 1647 legatis
1464 1561 1558 1626 nobis
1586 1559 1672 1626 exhi·

354 1665 413 1731 biti
440 1665 583 1753 luissent,
606 1675 641 1732 ut
663 1689 701 1734 eo
723 1668 820 1732 tutius
843 1667 951 1732 omnia
971 1666 1080 1732 facere
1102 1665 1327 1752 potuissemus.
1350 1687 1462 1730 verum
1484 1687 1558 1730 cum
1573 1663 1607 1729 id
1622 1686 1671 1729 no·

355 1767 406 1834 bis
427 1791 491 1834 uon
514 1768 673 1856 obtigerit,
696 1792 761 1835 uon
784 1772 852 1835 sine
874 1769 982 1858 alique
1004 1779 1090 1834 metu
1112 1770 1146 1833 in
1161 1768 1248 1834 hisce
1262 1767 1360 1834 rebus
1374 1767 1507 1834 maximi
1522 1768 1673 1833 momenti
1722 1821 1723 1830 .

353 1872 506 1959 progredi
528 1875 681 1960 cogimur.
704 1873 887 1939 addidimus
910 1871 1060 1940 articulos
1089 1871 1246 1960 quosdam
1273 1895 1354 1961 quos
1381 1874 1414 1935 in
1444 1881 1558 1960 quarta
1585 1879 1673 1956 parte

353 1974 511 2061 praedicti
532 1974 606 2041 libri
627 1976 670 2042 ed
691 1999 750 2042 nos
771 1979 859 2042 missi
881 1979 1066 2065 reperimus,
1091 1975 1202 2064 quales
1226 1983 1299 2042 sunt
1320 1973 1366 2040 illi
1388 1974 1428 2040 de
1444 1973 1607 2040 conclavis
1630 1997 1673 2038 re-

358 2078 549 2145 formatione
571 2089 603 2145 et
625 2079 665 2146 de
687 2078 780 2149 bonis
804 2081 1013 2148 ecelesiarum
1035 2088 1067 2146 et
1088 2080 1233 2166 inprimis
1256 2079 1419 2144 Romanae
1436 2077 1595 2144 ecclesiae
1610 2099 1671 2141 non

355 2181 543 2266 alienandis,
566 2205 630 2249 uon
653 2205 691 2249 eo
715 2184 845 2269 quidem
867 2184 973 2250 animo
995 2192 1031 2248 ut
1052 2183 1093 2248 D.
1117 2183 1232 2269 legatis
1255 2180 1479 2248 recusantibus
1494 2180 1527 2245 id
1543 2182 1670 2246 omnino
1722 2223 1723 2262 ,

357 2284 502 2352 obtinere
525 2286 798 2368 contenderemus,
822 2287 880 2352 sed
902 2297 937 2352 ut
959 2287 1129 2352 universus
1152 2286 1239 2352 orbis
1262 2293 1294 2350 et
1321 2285 1382 2372 ipsi
1411 2306 1538 2372 quoque
1568 2283 1611 2348 D.
1634 2281 1671 2348 le·
1722 2339 1723 2344 ,

355 2389 422 2476 gati
445 2387 627 2475 intelligant
648 2389 722 2453 Mes
739 2389 779 2455 V.
803 2387 835 2455 S.
859 2389 939 2456 haec
961 2391 1069 2477 magni
1084 2390 1236 2455 momenti
1251 2387 1386 2474 negocia
1400 2410 1464 2452 non
1479 2387 1671 2472 neglexisse.

353 2501 483 2578 praeter
502 2494 585 2558 baec
608 2490 671 2558 duo
694 2491 773 2558 illud
795 2515 922 2582 quoque
944 2491 1022 2558 111¹¹²¹¹
1043 2491 1085 2558 D.
1114 2492 1228 2580 legatis
1257 2490 1464 2558 vehementer
1490 2490 1608 2556 durum
1629 2491 1669 2554 vi·

355 2595 459 2681 detur,
482 2596 568 2684 quod
581 2595 822 2663 reformationes
838 2595 1004 2683 quasdam,
1020 2605 1133 2684 utpote
1147 2597 1234 2662 cirea
1247 2617 1423 2682 regressus,
1438 2594 1669 2660 reservationes

351 2697 521 2783 fruetuum,
545 2699 759 2768 coadiutorias
782 2700 825 2766 ad
840 2703 1077 2767 successionem
1098 2709 1130 2767 et
1151 2698 1357 2766 commendas
1378 2697 1573 2763 suadeamus
1587 2717 1669 2762 nune

354 2803 452 2889 incipi
475 2802 602 2887 debere,
625 2805 744 2868 nonin
766 2812 930 2890 posterum
952 2813 1050 2891 atque
1072 2803 1115 2869 ad
1143 2825 1346 2869 successores
1375 2811 1501 2868 nostros
1527 2801 1668 2868 reiioien·

356 2905 414 2971 das
437 2927 517 2990 esse,
540 2929 605 2972 non
626 2907 773 2973 videmus
796 2909 879 2972 enim
903 2929 968 2994 qua
990 2909 1114 2972 ratione
1137 2929 1175 2972 ea
1196 2904 1282 2970 mala
1309 2929 1329 2970 a
1356 2905 1447 2973 nobis
1475 2927 1587 2970 arcere
1609 2926 1669 2968 non

356 3008 530 3076 debeamus
553 3033 636 3098 quae
659 3034 679 3075 a
701 3008 940 3078 suecessoribus
963 3011 1080 3077 nostris
1103 3011 1230 3077 omnino
1258 3007 1477 3096 propulsanda
1499 3032 1572 3074 esse
1595 3007 1670 3072 iudi-

355 3135 474 3178 camus.
501 3113 621 3180 idcireo
651 3113 799 3180 dabimus
829 3137 960 3201 operam
988 3124 1144 3203 quantum
1167 3113 1199 3178 in
1222 3110 1315 3178 nobis
1337 3113 1413 3194 erit,
1435 3121 1471 3176 ut
1491 3110 1583 3177 hisce
1606 3133 1670 3197 gra·

354 3215 448 3282 vibus
470 3217 590 3284 morbis
612 3241 676 3284 non
698 3227 822 3284 tantum
843 3218 877 3282 in
899 3227 1063 3306 posterum
1085 3216 1144 3282 sed
1164 3238 1250 3282 nunc
1272 3238 1401 3304 quoque
1422 3214 1621 3280 medeamur.
1641 3215 1671 3278 in
1722 3277 1723 3292 ,

355 3321 460 3407 eapite
482 3320 537 3386 illc
560 3343 624 3410 quo
647 3321 688 3387 de
708 3323 892 3409 principum
907 3320 1119 3388 saecularium
1135 3319 1362 3386 reformatione
1376 3319 1491 3404 agitur,
1515 3317 1673 3407 quaedam
1722 3403 1723 3412 ἵ

354 3423 472 3489 iudicio
498 3435 608 3491 nostro
631 3447 746 3514 parum
776 3427 1002 3492 convenientia
1029 3426 1091 3490 imo
1121 3444 1198 3490 vero
1233 3423 1330 3488 etiam
1357 3421 1468 3487 turbas
1496 3421 1673 3486 adferentis
1722 3427 1723 3450 .

354 3527 553 3610 dictasunt,
590 3529 637 3594 ita
663 3539 699 3595 ut
728 3529 820 3595 nobis
844 3553 881 3596 ea
908 3529 1024 3616 partim
1047 3526 1251 3615 corrigenda,
1280 3526 1397 3614 partim
1425 3525 1520 3590 etiam
1543 3525 1672 3592 omnino

353 3630 528 3698 reiicienda
549 3633 620 3698 visa
642 3633 773 3718 fuerint3
797 3634 854 3700 sed
876 3634 947 3698 R¹¹¹⁰¹
971 3632 1012 3696 D.
1034 3631 1159 3718 legatos
1181 3633 1214 3696 in
1236 3629 1298 3697 hac
1320 3639 1411 3719 parte
1438 3631 1578 3695 mitiores
1604 3629 1669 3694 fore

355 3733 556 3800 confidimus.
578 3745 628 3801 est
649 3746 818 3823 praeterea
846 3747 979 3826 quartus
1006 3737 1039 3801 in
1066 3736 1178 3801 ordine
1206 3733 1358 3800 articsdus
1387 3755 1449 3820 quo
1478 3731 1671 3813 decernitur,

356 3845 392 3900 ut
413 3837 446 3901 in
468 3837 531 3903 illis
555 3838 698 3906 ecclesiis
720 3842 752 3906 in
775 3839 891 3928 quibus
919 3841 1075 3906 hactenus
1103 3838 1163 3904 soli
1191 3837 1315 3905 nobiles
1346 3837 1389 3902 ad
1410 3837 1621 3903 canonicatus
1643 3843 1671 3900 et
1722 3869 1723 3872 ι

357 3940 561 4028 episcopatus
589 3943 850 4028 assumebantur,
883 3944 1035 4030 deinceps
1063 3943 1211 4009 doctores
1239 3943 1337 4008 etiam
1363 3949 1395 4005 et
1422 3939 1503 4005 aliae
1536 3938 1670 4004 idoneae

353 4064 509 4129 personae
533 4044 576 4110 ad
597 4054 767 4133 utramque
796 4047 984 4136 dignitatem
1012 4055 1225 4113 assumantur.
1258 4045 1344 4110 hune
1372 4052 1478 4109 autem
1505 4041 1670 4106 articulum

355 4168 397 4211 ex
419 4149 583 4212 sententiis
605 4149 723 4213 nostris
745 4149 876 4235 publice
900 4149 993 4216 dictis
1016 4149 1220 4238 desumptum
1236 4170 1306 4215 esse
1321 4147 1523 4212 manifestum
1539 4155 1599 4227 est,
1616 4165 1669 4208 nos

353 4271 431 4316 vero
453 4249 516 4318 hoc
538 4273 581 4316 ex
603 4251 744 4338 quodam
766 4252 826 4317 Ml·
848 4253 888 4318 V.
917 4253 949 4319 S.
980 4255 1098 4340 scripto
1126 4253 1166 4318 de
1194 4253 1419 4339 episcoporum
1448 4249 1603 4315 electione
1631 4267 1668 4312 ex

353 4350 535 4441 Oeniponte
561 4352 604 4419 ad
635 4377 695 4422 nos
723 4357 820 4424 misso
851 4357 1005 4444 sutfragia
1032 4355 1164 4423 ferendo
1194 4355 1430 4444 proposuimus.
1464 4374 1577 4419 renam
1599 4372 1665 4417 eum

353 4456 503 4524 hesterno
527 4458 580 4524 die
604 4459 691 4548 apud
713 4482 765 4524 me
786 4460 982 4548 Pragensem
1005 4461 1118 4526 fuisset
1132 4459 1261 4547 quidem
1276 4461 1449 4525 eanonicus
1464 4457 1666 4542 Mogontinus

355 4562 410 4648 qui
431 4560 493 4626 hac
514 4562 650 4629 Romam
673 4564 734 4629 iter
748 4564 898 4649 faciebat,
922 4565 1082 4631 mentione
1097 4563 1192 4630 huius
1208 4564 1254 4630 rei
1267 4560 1393 4646 iniecta,
1416 4561 1665 4644 affirmassetque

353 4663 439 4731 hanc
460 4687 558 4731 unam
579 4690 647 4734 rem
671 4665 712 4733 ad
734 4691 869 4757 magnas
891 4667 1002 4736 turbas
1024 4668 1059 4734 in
1082 4665 1255 4734 Germania
1282 4666 1405 4732 dandas
1435 4667 1512 4730 satis
1544 4661 1663 4728 abunde

354 4768 517 4854 sufficere,
549 4794 590 4836 ne
619 4771 696 4860 quid
719 4773 936 4838 committatur
958 4772 1050 4839 cuius
1072 4781 1186 4859 postea
1205 4772 1382 4859 poeniteat,
1411 4768 1462 4834 Mo
1480 4769 1520 4834 V.
1543 4767 1575 4833 S.
1597 4787 1663 4850 sup·

353 4871 510 4960 plicamus
531 4883 653 4940 uttam
675 4875 716 4942 dc
737 4874 800 4942 boc
822 4899 919 4964 quam
943 4876 984 4943 de
1006 4875 1078 4941 aliis
1099 4875 1246 4941 omnibus
1268 4874 1332 4939 buc
1353 4873 1584 4960 pertinentibus
1605 4890 1662 4932 non
1722 4931 1723 4952 ,

352 4997 412 5063 per
433 4987 560 5065 postam
583 4977 641 5044 sed
663 5001 722 5065 per
743 4981 908 5066 proprium
924 5001 1087 5046 cursorem
1110 4980 1150 5046 de
1172 5001 1231 5044 sua
1259 4978 1400 5065 benigna
1420 4977 1585 5044 voluntate
1605 4997 1657 5040 nos

354 5081 590 5170 quamprimum
612 5081 749 5151 edocere
772 5083 930 5172 dignetur.
954 5085 1185 5172 scripseramus
1207 5085 1239 5148 in
1261 5084 1416 5172 proximis
1438 5081 1537 5151 literis
1553 5081 1660 5150 noscis
