<?xml version="1.0" encoding="UTF-8"?>
<!DOCTYPE html PUBLIC "-//W3C//DTD XHTML 1.0 Transitional//EN"
    "http://www.w3.org/TR/xhtml1/DTD/xhtml1-transitional.dtd">
<html xmlns="http://www.w3.org/1999/xhtml" xml:lang="en" lang="en">
 <head>
  <title>
</title>
<meta http-equiv="Content-Type" content="text/html;charset=utf-8" />
  <meta name='ocr-system' content='tesseract 3.04.00' />
  <meta name='ocr-capabilities' content='ocr_page ocr_carea ocr_par ocr_line ocrx_word'/>
</head>
<body>
  <div class='ocr_page' id='page_1' title='image "./zurgeschichtede00unkngoog/zurgeschichtede00unkngoog_0412.png"; bbox 0 0 3460 5826; ppageno 0'>
   <div class='ocr_carea' id='block_1_1' title="bbox 653 827 839 917">
    <p class='ocr_par' dir='ltr' id='par_1_1' title="bbox 653 827 839 917">
     <span class='ocr_line' id='line_1_1' title="bbox 653 827 839 917; baseline -0.005 0"><span class='ocrx_word' id='word_1_1' title='bbox 653 827 839 917; x_wconf 81' lang='lat' dir='ltr'>CCXVI.</span> 
     </span>
    </p>
   </div>
   <div class='ocr_carea' id='block_1_2' title="bbox 437 1049 1022 1272">
    <p class='ocr_par' dir='ltr' id='par_1_2' title="bbox 437 1049 1022 1272">
     <span class='ocr_line' id='line_1_2' title="bbox 437 1049 1022 1147; baseline 0.009 -23"><span class='ocrx_word' id='word_1_2' title='bbox 437 1049 671 1126; x_wconf 83' lang='lat' dir='ltr'><strong>Draekovlce</strong></span> <span class='ocrx_word' id='word_1_3' title='bbox 698 1071 745 1126; x_wconf 87' lang='lat' dir='ltr'><strong>an</strong></span> <span class='ocrx_word' id='word_1_4' title='bbox 775 1052 847 1126; x_wconf 87' lang='lat' dir='ltr'><strong>den</strong></span> <span class='ocrx_word' id='word_1_5' title='bbox 876 1051 1022 1147; x_wconf 63' lang='lat' dir='ltr'><strong>Kaleon</strong></span> 
     </span>
     <span class='ocr_line' id='line_1_3' title="bbox 494 1205 976 1272; baseline 0.012 -16"><span class='ocrx_word' id='word_1_6' title='bbox 494 1205 627 1272; x_wconf 78' lang='lat' dir='ltr'><strong>Trient,</strong></span> <span class='ocrx_word' id='word_1_7' title='bbox 644 1209 660 1258; x_wconf 80' lang='lat'><strong>3</strong></span> <span class='ocrx_word' id='word_1_8' title='bbox 678 1206 865 1260; x_wconf 75' lang='lat' dir='ltr'><strong>November</strong></span> <span class='ocrx_word' id='word_1_9' title='bbox 884 1209 976 1262; x_wconf 77' lang='lat'><strong>1662.</strong></span> 
     </span>
    </p>
   </div>
   <div class='ocr_carea' id='block_1_3' title="bbox 362 1383 1123 1460">
    <p class='ocr_par' dir='ltr' id='par_1_3' title="bbox 362 1383 1123 1460">
     <span class='ocr_line' id='line_1_4' title="bbox 362 1383 1123 1460; baseline 0.009 -21"><span class='ocrx_word' id='word_1_10' title='bbox 362 1383 540 1442; x_wconf 73' lang='lat' dir='ltr'><strong>Goadlootaa.</strong></span> <span class='ocrx_word' id='word_1_11' title='bbox 565 1385 711 1460; x_wconf 66' lang='lat' dir='ltr'><strong>Oripiaul5</strong></span> <span class='ocrx_word' id='word_1_12' title='bbox 739 1387 771 1441; x_wconf 67' lang='grc' dir='ltr'><strong>ἐπ</strong></span> <span class='ocrx_word' id='word_1_13' title='bbox 792 1393 880 1460; x_wconf 76' lang='lat' dir='ltr'><strong>ter-qo:</strong></span> <span class='ocrx_word' id='word_1_14' title='bbox 902 1392 944 1445; x_wconf 82' lang='lat'><strong>12</strong></span> <span class='ocrx_word' id='word_1_15' title='bbox 965 1391 1123 1447; x_wconf 75' lang='lat' dir='ltr'><strong><em>November.</em></strong></span> 
     </span>
    </p>
   </div>
   <div class='ocr_carea' id='block_1_4' title="bbox 61 1529 1487 4831">
    <p class='ocr_par' dir='ltr' id='par_1_4' title="bbox 63 1529 1404 1930">
     <span class='ocr_line' id='line_1_5' title="bbox 171 1529 1404 1624; baseline 0.008 -29"><span class='ocrx_word' id='word_1_16' title='bbox 171 1529 258 1596; x_wconf 90' lang='lat' dir='ltr'><strong>Post</strong></span> <span class='ocrx_word' id='word_1_17' title='bbox 280 1533 446 1618; x_wconf 87' lang='lat' dir='ltr'><strong>proximas</strong></span> <span class='ocrx_word' id='word_1_18' title='bbox 468 1554 556 1597; x_wconf 89' lang='lat' dir='ltr'><strong>meas</strong></span> <span class='ocrx_word' id='word_1_19' title='bbox 573 1581 580 1595; x_wconf 87' lang='lat'><strong>.</strong></span> <span class='ocrx_word' id='word_1_20' title='bbox 597 1581 630 1598; x_wconf 89' lang='lat'><strong>..</strong></span> <span class='ocrx_word' id='word_1_21' title='bbox 654 1531 764 1599; x_wconf 91' lang='lat' dir='ltr'><strong>literas</strong></span> <span class='ocrx_word' id='word_1_22' title='bbox 788 1556 881 1600; x_wconf 90' lang='lat' dir='ltr'><strong>omna</strong></span> <span class='ocrx_word' id='word_1_23' title='bbox 903 1543 1030 1624; x_wconf 89' lang='lat' dir='ltr'><strong>tempus</strong></span> <span class='ocrx_word' id='word_1_24' title='bbox 1056 1537 1090 1600; x_wconf 91' lang='lat' dir='ltr'><strong>iu</strong></span> <span class='ocrx_word' id='word_1_25' title='bbox 1112 1535 1278 1604; x_wconf 89' lang='lat' dir='ltr'><strong>doctrinae</strong></span> <span class='ocrx_word' id='word_1_26' title='bbox 1300 1547 1332 1604; x_wconf 91' lang='lat' dir='ltr'><strong>et</strong></span> <span class='ocrx_word' id='word_1_27' title='bbox 1354 1561 1404 1604; x_wconf 78' lang='lat' dir='ltr'><strong>ca</strong></span> 
     </span>
     <span class='ocr_line' id='line_1_6' title="bbox 65 1635 1404 1724; baseline 0.01 -28"><span class='ocrx_word' id='word_1_28' title='bbox 65 1655 195 1698; x_wconf 89' lang='lat' dir='ltr'><strong>nouum</strong></span> <span class='ocrx_word' id='word_1_29' title='bbox 214 1635 442 1702; x_wconf 79' lang='lat' dir='ltr'><strong>reformatione</strong></span> <span class='ocrx_word' id='word_1_30' title='bbox 456 1645 680 1724; x_wconf 88' lang='lat' dir='ltr'><strong>consumptum</strong></span> <span class='ocrx_word' id='word_1_31' title='bbox 692 1644 760 1702; x_wconf 91' lang='lat' dir='ltr'><strong>est.</strong></span> <span class='ocrx_word' id='word_1_32' title='bbox 775 1687 803 1702; x_wconf 90' lang='lat'><strong>..</strong></span> <span class='ocrx_word' id='word_1_33' title='bbox 820 1637 963 1704; x_wconf 89' lang='lat' dir='ltr'><strong>nondum</strong></span> <span class='ocrx_word' id='word_1_34' title='bbox 977 1649 1085 1704; x_wconf 89' lang='lat' dir='ltr'><strong>autam</strong></span> <span class='ocrx_word' id='word_1_35' title='bbox 1100 1642 1163 1704; x_wconf 87' lang='lat' dir='ltr'><strong>ista</strong></span> <span class='ocrx_word' id='word_1_36' title='bbox 1175 1641 1218 1706; x_wconf 96' lang='lat' dir='ltr'><strong>ad</strong></span> <span class='ocrx_word' id='word_1_37' title='bbox 1229 1642 1404 1709; x_wconf 87' lang='lat' dir='ltr'><strong>secundam</strong></span> 
     </span>
     <span class='ocr_line' id='line_1_7' title="bbox 64 1739 1403 1834; baseline 0.01 -34"><span class='ocrx_word' id='word_1_38' title='bbox 64 1745 204 1821; x_wconf 81' lang='lat' dir='ltr'><strong>patrum</strong></span> <span class='ocrx_word' id='word_1_39' title='bbox 229 1739 500 1806; x_wconf 88' lang='lat' dir='ltr'><strong>examinationem</strong></span> <span class='ocrx_word' id='word_1_40' title='bbox 521 1749 673 1807; x_wconf 85' lang='lat' dir='ltr'><strong>revocata</strong></span> <span class='ocrx_word' id='word_1_41' title='bbox 695 1751 779 1826; x_wconf 90' lang='lat' dir='ltr'><strong>suut,</strong></span> <span class='ocrx_word' id='word_1_42' title='bbox 809 1741 906 1808; x_wconf 89' lang='lat' dir='ltr'><strong>bodie</strong></span> <span class='ocrx_word' id='word_1_43' title='bbox 927 1744 1066 1830; x_wconf 90' lang='lat' dir='ltr'><strong>primum</strong></span> <span class='ocrx_word' id='word_1_44' title='bbox 1089 1765 1129 1809; x_wconf 87' lang='lat' dir='ltr'><strong>ea</strong></span> <span class='ocrx_word' id='word_1_45' title='bbox 1150 1743 1191 1809; x_wconf 89' lang='lat' dir='ltr'><strong>de</strong></span> <span class='ocrx_word' id='word_1_46' title='bbox 1213 1768 1248 1810; x_wconf 89' lang='lat' dir='ltr'><strong>re</strong></span> <span class='ocrx_word' id='word_1_47' title='bbox 1272 1757 1403 1834; x_wconf 80' lang='lat' dir='ltr'><strong>congre·</strong></span> 
     </span>
     <span class='ocr_line' id='line_1_8' title="bbox 63 1841 501 1930; baseline 0.009 -28"><span class='ocrx_word' id='word_1_48' title='bbox 63 1842 226 1924; x_wconf 85' lang='lat' dir='ltr'><strong>gationes</strong></span> <span class='ocrx_word' id='word_1_49' title='bbox 246 1841 317 1907; x_wconf 88' lang='lat' dir='ltr'><strong>fieri</strong></span> <span class='ocrx_word' id='word_1_50' title='bbox 339 1845 501 1930; x_wconf 89' lang='lat' dir='ltr'><strong>incipient.</strong></span> 
     </span>
    </p>

    <p class='ocr_par' dir='ltr' id='par_1_5' title="bbox 61 1944 1415 2527">
     <span class='ocr_line' id='line_1_9' title="bbox 173 1944 1402 2037; baseline 0.005 -27"><span class='ocrx_word' id='word_1_51' title='bbox 173 1944 345 2010; x_wconf 90' lang='lat' dir='ltr'><strong>Articulos</strong></span> <span class='ocrx_word' id='word_1_52' title='bbox 374 1946 414 2012; x_wconf 89' lang='lat' dir='ltr'><strong>de</strong></span> <span class='ocrx_word' id='word_1_53' title='bbox 436 1947 662 2012; x_wconf 78' lang='lat' dir='ltr'><strong>reformatione</strong></span> <span class='ocrx_word' id='word_1_54' title='bbox 690 1947 835 2015; x_wconf 90' lang='lat' dir='ltr'><strong>nondum</strong></span> <span class='ocrx_word' id='word_1_55' title='bbox 856 1948 1002 2036; x_wconf 89' lang='lat' dir='ltr'><strong>patribus</strong></span> <span class='ocrx_word' id='word_1_56' title='bbox 1025 1952 1208 2037; x_wconf 90' lang='lat' dir='ltr'><strong>propositos</strong></span> <span class='ocrx_word' id='word_1_57' title='bbox 1231 1951 1284 2016; x_wconf 74' lang='lat' dir='ltr'><strong>M²¹</strong></span> <span class='ocrx_word' id='word_1_58' title='bbox 1305 1952 1346 2018; x_wconf 90' lang='lat' dir='ltr'><strong>V.</strong></span> <span class='ocrx_word' id='word_1_59' title='bbox 1369 1951 1402 2018; x_wconf 92' lang='lat' dir='ltr'><strong>S.</strong></span> 
     </span>
     <span class='ocr_line' id='line_1_10' title="bbox 63 2049 1404 2140; baseline 0.008 -30"><span class='ocrx_word' id='word_1_60' title='bbox 63 2049 172 2114; x_wconf 88' lang='lat' dir='ltr'><strong>mitto.</strong></span> <span class='ocrx_word' id='word_1_61' title='bbox 211 2050 334 2136; x_wconf 88' lang='lat' dir='ltr'><strong>primus</strong></span> <span class='ocrx_word' id='word_1_62' title='bbox 357 2049 509 2116; x_wconf 88' lang='lat' dir='ltr'><strong>articulus</strong></span> <span class='ocrx_word' id='word_1_63' title='bbox 533 2049 674 2116; x_wconf 91' lang='lat' dir='ltr'><strong>noudum</strong></span> <span class='ocrx_word' id='word_1_64' title='bbox 703 2073 722 2116; x_wconf 92' lang='lat' dir='ltr'><strong>s</strong></span> <span class='ocrx_word' id='word_1_65' title='bbox 753 2051 972 2118; x_wconf 80' lang='lat' dir='ltr'><strong>cardinalibus</strong></span> <span class='ocrx_word' id='word_1_66' title='bbox 1000 2054 1166 2140; x_wconf 87' lang='lat' dir='ltr'><strong>appositus</strong></span> <span class='ocrx_word' id='word_1_67' title='bbox 1191 2065 1248 2120; x_wconf 89' lang='lat' dir='ltr'><strong>est.</strong></span> <span class='ocrx_word' id='word_1_68' title='bbox 1281 2057 1404 2122; x_wconf 88' lang='lat' dir='ltr'><strong>maiora</strong></span> 
     </span>
     <span class='ocr_line' id='line_1_11' title="bbox 65 2154 1401 2243; baseline 0.007 -29"><span class='ocrx_word' id='word_1_69' title='bbox 65 2173 125 2218; x_wconf 89' lang='lat' dir='ltr'><strong>nos</strong></span> <span class='ocrx_word' id='word_1_70' title='bbox 150 2162 248 2219; x_wconf 90' lang='lat' dir='ltr'><strong>certe</strong></span> <span class='ocrx_word' id='word_1_71' title='bbox 271 2154 525 2240; x_wconf 80' lang='lat' dir='ltr'><strong>expectabamus</strong></span> <span class='ocrx_word' id='word_1_72' title='bbox 547 2154 714 2222; x_wconf 90' lang='lat' dir='ltr'><strong>ethorum</strong></span> <span class='ocrx_word' id='word_1_73' title='bbox 737 2165 916 2243; x_wconf 88' lang='lat' dir='ltr'><strong>temporum</strong></span> <span class='ocrx_word' id='word_1_74' title='bbox 926 2157 1043 2222; x_wconf 88' lang='lat' dir='ltr'><strong>rationi</strong></span> <span class='ocrx_word' id='word_1_75' title='bbox 1058 2159 1160 2242; x_wconf 83' lang='lat' dir='ltr'><strong>magis</strong></span> <span class='ocrx_word' id='word_1_76' title='bbox 1177 2168 1401 2226; x_wconf 89' lang='lat' dir='ltr'><strong>consentanea.</strong></span> 
     </span>
     <span class='ocr_line' id='line_1_12' title="bbox 63 2252 1400 2347; baseline 0.009 -30"><span class='ocrx_word' id='word_1_77' title='bbox 63 2252 252 2322; x_wconf 88' lang='lat' dir='ltr'><strong>dolendum</strong></span> <span class='ocrx_word' id='word_1_78' title='bbox 274 2257 384 2344; x_wconf 89' lang='lat' dir='ltr'><strong>itaque</strong></span> <span class='ocrx_word' id='word_1_79' title='bbox 406 2267 456 2323; x_wconf 90' lang='lat' dir='ltr'><strong>est</strong></span> <span class='ocrx_word' id='word_1_80' title='bbox 476 2257 690 2334; x_wconf 85' lang='lat' dir='ltr'><strong>vehementer,</strong></span> <span class='ocrx_word' id='word_1_81' title='bbox 713 2260 776 2324; x_wconf 88' lang='lat' dir='ltr'><strong>ista</strong></span> <span class='ocrx_word' id='word_1_82' title='bbox 798 2283 881 2346; x_wconf 87' lang='lat' dir='ltr'><strong>quae</strong></span> <span class='ocrx_word' id='word_1_83' title='bbox 903 2259 956 2325; x_wconf 92' lang='lat' dir='ltr'><strong>hic</strong></span> <span class='ocrx_word' id='word_1_84' title='bbox 977 2259 1058 2324; x_wconf 89' lang='lat' dir='ltr'><strong>fiunt</strong></span> <span class='ocrx_word' id='word_1_85' title='bbox 1080 2282 1194 2347; x_wconf 89' lang='lat' dir='ltr'><strong>parum</strong></span> <span class='ocrx_word' id='word_1_86' title='bbox 1220 2283 1292 2326; x_wconf 89' lang='lat' dir='ltr'><strong>csse</strong></span> <span class='ocrx_word' id='word_1_87' title='bbox 1307 2285 1400 2330; x_wconf 90' lang='lat' dir='ltr'><strong>acco-</strong></span> 
     </span>
     <span class='ocr_line' id='line_1_13' title="bbox 63 2358 1415 2452; baseline 0.008 -32"><span class='ocrx_word' id='word_1_88' title='bbox 63 2358 209 2424; x_wconf 84' lang='lat' dir='ltr'><strong>modata</strong></span> <span class='ocrx_word' id='word_1_89' title='bbox 235 2368 284 2426; x_wconf 88' lang='lat' dir='ltr'><strong>tot</strong></span> <span class='ocrx_word' id='word_1_90' title='bbox 309 2361 470 2448; x_wconf 88' lang='lat' dir='ltr'><strong>tantisque</strong></span> <span class='ocrx_word' id='word_1_91' title='bbox 497 2360 590 2426; x_wconf 90' lang='lat' dir='ltr'><strong>malis</strong></span> <span class='ocrx_word' id='word_1_92' title='bbox 624 2384 708 2448; x_wconf 88' lang='lat' dir='ltr'><strong>quac</strong></span> <span class='ocrx_word' id='word_1_93' title='bbox 729 2360 961 2450; x_wconf 76' lang='lat' dir='ltr'><strong>rempublicam</strong></span> <span class='ocrx_word' id='word_1_94' title='bbox 991 2362 1103 2428; x_wconf 67' lang='lat' dir='ltr'><strong>0th</strong></span> <span class='ocrx_word' id='word_1_95' title='bbox 1124 2375 1274 2449; x_wconf 87' lang='lat' dir='ltr'><strong>premunt</strong></span> <span class='ocrx_word' id='word_1_96' title='bbox 1295 2365 1415 2452; x_wconf 84' lang='lat' dir='ltr'><strong>persa-¹</strong></span> 
     </span>
     <span class='ocr_line' id='line_1_14' title="bbox 61 2461 201 2527; baseline 0.014 -3"><span class='ocrx_word' id='word_1_97' title='bbox 61 2461 201 2527; x_wconf 86' lang='lat' dir='ltr'><strong>nandis.</strong></span> 
     </span>
    </p>

    <p class='ocr_par' dir='ltr' id='par_1_6' title="bbox 64 2563 1487 3794">
     <span class='ocr_line' id='line_1_15' title="bbox 174 2563 1402 2638; baseline 0.006 -7"><span class='ocrx_word' id='word_1_98' title='bbox 174 2565 230 2631; x_wconf 87' lang='lat' dir='ltr'><strong>De</strong></span> <span class='ocrx_word' id='word_1_99' title='bbox 254 2563 421 2632; x_wconf 80' lang='lat' dir='ltr'><strong>Gallorum</strong></span> <span class='ocrx_word' id='word_1_100' title='bbox 449 2565 591 2633; x_wconf 88' lang='lat' dir='ltr'><strong>adventu</strong></span> <span class='ocrx_word' id='word_1_101' title='bbox 618 2569 683 2633; x_wconf 90' lang='lat' dir='ltr'><strong>iam</strong></span> <span class='ocrx_word' id='word_1_102' title='bbox 715 2590 780 2632; x_wconf 93' lang='lat' dir='ltr'><strong>non</strong></span> <span class='ocrx_word' id='word_1_103' title='bbox 808 2567 853 2633; x_wconf 90' lang='lat' dir='ltr'><strong>ita</strong></span> <span class='ocrx_word' id='word_1_104' title='bbox 876 2567 1040 2634; x_wconf 89' lang='lat' dir='ltr'><strong>dubitatur</strong></span> <span class='ocrx_word' id='word_1_105' title='bbox 1069 2577 1294 2636; x_wconf 71' lang='lat' dir='ltr'><strong>utentes...</strong></span> <span class='ocrx_word' id='word_1_106' title='bbox 1319 2570 1402 2638; x_wconf 91' lang='lat' dir='ltr'><strong>illud</strong></span> 
     </span>
     <span class='ocr_line' id='line_1_16' title="bbox 65 2669 1401 2760; baseline 0.004 -26"><span class='ocrx_word' id='word_1_107' title='bbox 65 2671 172 2734; x_wconf 89' lang='lat' dir='ltr'><strong>etiam</strong></span> <span class='ocrx_word' id='word_1_108' title='bbox 197 2693 308 2736; x_wconf 91' lang='lat' dir='ltr'><strong>eorum</strong></span> <span class='ocrx_word' id='word_1_109' title='bbox 331 2669 490 2736; x_wconf 88' lang='lat' dir='ltr'><strong>adventus</strong></span> <span class='ocrx_word' id='word_1_110' title='bbox 513 2671 735 2738; x_wconf 81' lang='lat' dir='ltr'><strong>certitudinem</strong></span> <span class='ocrx_word' id='word_1_111' title='bbox 758 2671 948 2738; x_wconf 86' lang='lat' dir='ltr'><strong>confirmare</strong></span> <span class='ocrx_word' id='word_1_112' title='bbox 970 2672 1107 2756; x_wconf 88' lang='lat' dir='ltr'><strong>videtur,</strong></span> <span class='ocrx_word' id='word_1_113' title='bbox 1131 2672 1219 2760; x_wconf 91' lang='lat' dir='ltr'><strong>quod</strong></span> <span class='ocrx_word' id='word_1_114' title='bbox 1240 2671 1292 2740; x_wconf 77' lang='lat' dir='ltr'><strong>S²¹¹</strong></span> <span class='ocrx_word' id='word_1_115' title='bbox 1307 2673 1349 2740; x_wconf 92' lang='lat' dir='ltr'><strong>D.</strong></span> <span class='ocrx_word' id='word_1_116' title='bbox 1361 2675 1401 2742; x_wconf 89' lang='lat' dir='ltr'><strong>N.</strong></span> 
     </span>
     <span class='ocr_line' id='line_1_17' title="bbox 64 2774 1401 2864; baseline 0.006 -28"><span class='ocrx_word' id='word_1_117' title='bbox 64 2774 231 2840; x_wconf 88' lang='lat' dir='ltr'><strong>mandato</strong></span> <span class='ocrx_word' id='word_1_118' title='bbox 253 2775 286 2838; x_wconf 90' lang='lat' dir='ltr'><strong>in</strong></span> <span class='ocrx_word' id='word_1_119' title='bbox 309 2774 378 2840; x_wconf 90' lang='lat' dir='ltr'><strong>dies</strong></span> <span class='ocrx_word' id='word_1_120' title='bbox 400 2774 509 2862; x_wconf 88' lang='lat' dir='ltr'><strong>plures</strong></span> <span class='ocrx_word' id='word_1_121' title='bbox 532 2777 685 2862; x_wconf 79' lang='lat' dir='ltr'><strong>episcopi,</strong></span> <span class='ocrx_word' id='word_1_122' title='bbox 716 2776 812 2842; x_wconf 89' lang='lat' dir='ltr'><strong>etiam</strong></span> <span class='ocrx_word' id='word_1_123' title='bbox 834 2798 920 2842; x_wconf 90' lang='lat' dir='ltr'><strong>nunc</strong></span> <span class='ocrx_word' id='word_1_124' title='bbox 942 2778 1080 2862; x_wconf 90' lang='lat' dir='ltr'><strong>primum</strong></span> <span class='ocrx_word' id='word_1_125' title='bbox 1103 2775 1145 2841; x_wconf 93' lang='lat' dir='ltr'><strong>ad</strong></span> <span class='ocrx_word' id='word_1_126' title='bbox 1168 2799 1242 2842; x_wconf 90' lang='lat' dir='ltr'><strong>eum</strong></span> <span class='ocrx_word' id='word_1_127' title='bbox 1264 2778 1401 2864; x_wconf 84' lang='lat' dir='ltr'><strong>gradum</strong></span> 
     </span>
     <span class='ocr_line' id='line_1_18' title="bbox 68 2877 1403 2967; baseline 0.005 -27"><span class='ocrx_word' id='word_1_128' title='bbox 68 2880 251 2964; x_wconf 89' lang='lat' dir='ltr'><strong>assumpti,</strong></span> <span class='ocrx_word' id='word_1_129' title='bbox 285 2877 350 2944; x_wconf 92' lang='lat' dir='ltr'><strong>huc</strong></span> <span class='ocrx_word' id='word_1_130' title='bbox 376 2879 551 2946; x_wconf 91' lang='lat' dir='ltr'><strong>identidem</strong></span> <span class='ocrx_word' id='word_1_131' title='bbox 579 2881 783 2946; x_wconf 86' lang='lat' dir='ltr'><strong>conveniant.</strong></span> <span class='ocrx_word' id='word_1_132' title='bbox 815 2881 990 2946; x_wconf 90' lang='lat' dir='ltr'><strong>dominium</strong></span> <span class='ocrx_word' id='word_1_133' title='bbox 1018 2901 1147 2967; x_wconf 90' lang='lat' dir='ltr'><strong>quoque</strong></span> <span class='ocrx_word' id='word_1_134' title='bbox 1168 2880 1328 2946; x_wconf 83' lang='lat' dir='ltr'><strong>Venatum</strong></span> <span class='ocrx_word' id='word_1_135' title='bbox 1359 2880 1403 2947; x_wconf 89' lang='lat' dir='ltr'><strong>ad</strong></span> 
     </span>
     <span class='ocr_line' id='line_1_19' title="bbox 67 2981 1402 3072; baseline 0.005 -27"><span class='ocrx_word' id='word_1_136' title='bbox 67 2983 321 3068; x_wconf 83' lang='lat' dir='ltr'><strong>requisitionem</strong></span> <span class='ocrx_word' id='word_1_137' title='bbox 344 2982 412 3047; x_wconf 90' lang='lat' dir='ltr'><strong>eius</strong></span> <span class='ocrx_word' id='word_1_138' title='bbox 435 2981 485 3048; x_wconf 71' lang='lat' dir='ltr'><strong>se.</strong></span> <span class='ocrx_word' id='word_1_139' title='bbox 508 3005 563 3048; x_wconf 89' lang='lat' dir='ltr'><strong>eos</strong></span> <span class='ocrx_word' id='word_1_140' title='bbox 586 3005 696 3049; x_wconf 88' lang='lat' dir='ltr'><strong>omnes</strong></span> <span class='ocrx_word' id='word_1_141' title='bbox 719 2985 888 3072; x_wconf 88' lang='lat' dir='ltr'><strong>episcopos</strong></span> <span class='ocrx_word' id='word_1_142' title='bbox 904 2985 960 3072; x_wconf 88' lang='lat' dir='ltr'><strong>qui</strong></span> <span class='ocrx_word' id='word_1_143' title='bbox 975 2986 1009 3048; x_wconf 93' lang='lat' dir='ltr'><strong>in</strong></span> <span class='ocrx_word' id='word_1_144' title='bbox 1024 2985 1089 3048; x_wconf 91' lang='lat' dir='ltr'><strong>suis</strong></span> <span class='ocrx_word' id='word_1_145' title='bbox 1104 2983 1197 3049; x_wconf 90' lang='lat' dir='ltr'><strong>bonis</strong></span> <span class='ocrx_word' id='word_1_146' title='bbox 1213 2991 1295 3067; x_wconf 88' lang='lat' dir='ltr'><strong>suut,</strong></span> <span class='ocrx_word' id='word_1_147' title='bbox 1317 2987 1402 3052; x_wconf 83' lang='lat' dir='ltr'><strong>iutra</strong></span> 
     </span>
     <span class='ocr_line' id='line_1_20' title="bbox 64 3081 1401 3175; baseline 0.004 -28"><span class='ocrx_word' id='word_1_148' title='bbox 64 3081 174 3150; x_wconf 90' lang='lat' dir='ltr'><strong>breve</strong></span> <span class='ocrx_word' id='word_1_149' title='bbox 198 3087 343 3172; x_wconf 82' lang='lat' dir='ltr'><strong>spacium</strong></span> <span class='ocrx_word' id='word_1_150' title='bbox 371 3085 476 3152; x_wconf 88' lang='lat' dir='ltr'><strong>edicto</strong></span> <span class='ocrx_word' id='word_1_151' title='bbox 497 3086 561 3151; x_wconf 90' lang='lat' dir='ltr'><strong>huc</strong></span> <span class='ocrx_word' id='word_1_152' title='bbox 590 3085 753 3175; x_wconf 87' lang='lat' dir='ltr'><strong>compellit</strong></span> <span class='ocrx_word' id='word_1_153' title='bbox 775 3087 834 3153; x_wconf 89' lang='lat' dir='ltr'><strong>sub</strong></span> <span class='ocrx_word' id='word_1_154' title='bbox 857 3111 962 3174; x_wconf 92' lang='lat' dir='ltr'><strong>poena</strong></span> <span class='ocrx_word' id='word_1_155' title='bbox 985 3087 1165 3153; x_wconf 88' lang='lat' dir='ltr'><strong>amissionis</strong></span> <span class='ocrx_word' id='word_1_156' title='bbox 1188 3097 1401 3172; x_wconf 87' lang='lat' dir='ltr'><strong>proventuum</strong></span> 
     </span>
     <span class='ocr_line' id='line_1_21' title="bbox 66 3175 1407 3278; baseline 0.003 -26"><span class='ocrx_word' id='word_1_157' title='bbox 66 3188 171 3254; x_wconf 90' lang='lat' dir='ltr'><strong>unius</strong></span> <span class='ocrx_word' id='word_1_158' title='bbox 193 3191 279 3272; x_wconf 87' lang='lat' dir='ltr'><strong>anni,</strong></span> <span class='ocrx_word' id='word_1_159' title='bbox 303 3211 438 3277; x_wconf 90' lang='lat' dir='ltr'><strong>quorum</strong></span> <span class='ocrx_word' id='word_1_160' title='bbox 461 3175 592 3278; x_wconf 89' lang='lat' dir='ltr'><strong>quidem</strong></span> <span class='ocrx_word' id='word_1_161' title='bbox 613 3189 692 3256; x_wconf 91' lang='lat' dir='ltr'><strong>nihil</strong></span> <span class='ocrx_word' id='word_1_162' title='bbox 714 3191 813 3275; x_wconf 90' lang='lat' dir='ltr'><strong>fieret,</strong></span> <span class='ocrx_word' id='word_1_163' title='bbox 838 3193 900 3256; x_wconf 88' lang='lat' dir='ltr'><strong>nisi</strong></span> <span class='ocrx_word' id='word_1_164' title='bbox 922 3201 1044 3257; x_wconf 86' lang='lat' dir='ltr'><strong>certum</strong></span> <span class='ocrx_word' id='word_1_165' title='bbox 1067 3201 1153 3256; x_wconf 87' lang='lat' dir='ltr'><strong>esset</strong></span> <span class='ocrx_word' id='word_1_166' title='bbox 1173 3189 1287 3256; x_wconf 84' lang='lat' dir='ltr'><strong>Gallos</strong></span> <span class='ocrx_word' id='word_1_167' title='bbox 1309 3214 1407 3276; x_wconf 78' lang='lat' dir='ltr'><strong>prae·</strong></span> 
     </span>
     <span class='ocr_line' id='line_1_22' title="bbox 68 3289 1400 3381; baseline 0.004 -28"><span class='ocrx_word' id='word_1_168' title='bbox 68 3289 160 3358; x_wconf 89' lang='lat' dir='ltr'><strong>latos</strong></span> <span class='ocrx_word' id='word_1_169' title='bbox 184 3292 375 3378; x_wconf 87' lang='lat' dir='ltr'><strong>adventare;</strong></span> <span class='ocrx_word' id='word_1_170' title='bbox 406 3317 481 3358; x_wconf 88' lang='lat' dir='ltr'><strong>nam</strong></span> <span class='ocrx_word' id='word_1_171' title='bbox 510 3293 553 3360; x_wconf 89' lang='lat' dir='ltr'><strong>ad</strong></span> <span class='ocrx_word' id='word_1_172' title='bbox 573 3295 794 3381; x_wconf 85' lang='lat' dir='ltr'><strong>Hispanorum</strong></span> <span class='ocrx_word' id='word_1_173' title='bbox 822 3305 853 3360; x_wconf 91' lang='lat' dir='ltr'><strong>et</strong></span> <span class='ocrx_word' id='word_1_174' title='bbox 880 3293 1025 3372; x_wconf 89' lang='lat' dir='ltr'><strong>aliorum,</strong></span> <span class='ocrx_word' id='word_1_175' title='bbox 1055 3295 1082 3358; x_wconf 92' lang='lat' dir='ltr'><strong>si</strong></span> <span class='ocrx_word' id='word_1_176' title='bbox 1105 3295 1278 3380; x_wconf 84' lang='lat' dir='ltr'><strong>quitantia</strong></span> <span class='ocrx_word' id='word_1_177' title='bbox 1308 3293 1400 3358; x_wconf 86' lang='lat' dir='ltr'><strong>malis</strong></span> 
     </span>
     <span class='ocr_line' id='line_1_23' title="bbox 66 3395 1401 3485; baseline 0.004 -29"><span class='ocrx_word' id='word_1_178' title='bbox 66 3395 219 3462; x_wconf 88' lang='lat' dir='ltr'><strong>remedia</strong></span> <span class='ocrx_word' id='word_1_179' title='bbox 246 3407 415 3485; x_wconf 79' lang='lat' dir='ltr'><strong>quaeramt,</strong></span> <span class='ocrx_word' id='word_1_180' title='bbox 444 3400 618 3464; x_wconf 87' lang='lat' dir='ltr'><strong>sententias</strong></span> <span class='ocrx_word' id='word_1_181' title='bbox 646 3421 778 3464; x_wconf 88' lang='lat' dir='ltr'><strong>numero</strong></span> <span class='ocrx_word' id='word_1_182' title='bbox 813 3397 1010 3484; x_wconf 85' lang='lat' dir='ltr'><strong>superandus</strong></span> <span class='ocrx_word' id='word_1_183' title='bbox 1035 3398 1110 3461; x_wconf 92' lang='lat' dir='ltr'><strong>satis</strong></span> <span class='ocrx_word' id='word_1_184' title='bbox 1132 3395 1224 3461; x_wconf 92' lang='lat' dir='ltr'><strong>multi</strong></span> <span class='ocrx_word' id='word_1_185' title='bbox 1252 3395 1306 3460; x_wconf 90' lang='lat' dir='ltr'><strong>hic</strong></span> <span class='ocrx_word' id='word_1_186' title='bbox 1328 3407 1401 3462; x_wconf 90' lang='lat' dir='ltr'><strong>sunt</strong></span> 
     </span>
     <span class='ocr_line' id='line_1_24' title="bbox 67 3495 1400 3588; baseline 0.005 -29"><span class='ocrx_word' id='word_1_187' title='bbox 67 3495 159 3582; x_wconf 86' lang='lat' dir='ltr'><strong>Itali,</strong></span> <span class='ocrx_word' id='word_1_188' title='bbox 184 3521 321 3586; x_wconf 88' lang='lat' dir='ltr'><strong>quorum</strong></span> <span class='ocrx_word' id='word_1_189' title='bbox 342 3499 537 3566; x_wconf 90' lang='lat' dir='ltr'><strong>multitudini</strong></span> <span class='ocrx_word' id='word_1_190' title='bbox 560 3500 673 3567; x_wconf 86' lang='lat' dir='ltr'><strong>obsisti</strong></span> <span class='ocrx_word' id='word_1_191' title='bbox 695 3504 815 3588; x_wconf 90' lang='lat' dir='ltr'><strong>nequit.</strong></span> <span class='ocrx_word' id='word_1_192' title='bbox 838 3503 883 3567; x_wconf 91' lang='lat' dir='ltr'><strong>ita</strong></span> <span class='ocrx_word' id='word_1_193' title='bbox 898 3501 1041 3565; x_wconf 88' lang='lat' dir='ltr'><strong>futurum</strong></span> <span class='ocrx_word' id='word_1_194' title='bbox 1063 3509 1158 3566; x_wconf 91' lang='lat' dir='ltr'><strong>estut</strong></span> <span class='ocrx_word' id='word_1_195' title='bbox 1172 3498 1221 3563; x_wconf 90' lang='lat' dir='ltr'><strong>his</strong></span> <span class='ocrx_word' id='word_1_196' title='bbox 1238 3522 1320 3587; x_wconf 89' lang='lat' dir='ltr'><strong>quae</strong></span> <span class='ocrx_word' id='word_1_197' title='bbox 1335 3503 1400 3566; x_wconf 91' lang='lat' dir='ltr'><strong>iam</strong></span> 
     </span>
     <span class='ocr_line' id='line_1_25' title="bbox 67 3600 1487 3707; baseline 0.003 -41"><span class='ocrx_word' id='word_1_198' title='bbox 67 3600 139 3666; x_wconf 52' lang='grc' dir='ltr'><strong>ΜΨ</strong></span> <span class='ocrx_word' id='word_1_199' title='bbox 165 3601 206 3669; x_wconf 89' lang='lat' dir='ltr'><strong>V.</strong></span> <span class='ocrx_word' id='word_1_200' title='bbox 230 3603 262 3669; x_wconf 88' lang='lat' dir='ltr'><strong>S.</strong></span> <span class='ocrx_word' id='word_1_201' title='bbox 286 3603 367 3670; x_wconf 89' lang='lat' dir='ltr'><strong>vidit</strong></span> <span class='ocrx_word' id='word_1_202' title='bbox 399 3607 432 3670; x_wconf 89' lang='lat' dir='ltr'><strong>in</strong></span> <span class='ocrx_word' id='word_1_203' title='bbox 454 3605 689 3670; x_wconf 89' lang='lat' dir='ltr'><strong>reformationis</strong></span> <span class='ocrx_word' id='word_1_204' title='bbox 711 3607 857 3692; x_wconf 87' lang='lat' dir='ltr'><strong>negocio,</strong></span> <span class='ocrx_word' id='word_1_205' title='bbox 886 3603 986 3669; x_wconf 91' lang='lat' dir='ltr'><strong>multo</strong></span> <span class='ocrx_word' id='word_1_206' title='bbox 1009 3604 1143 3670; x_wconf 89' lang='lat' dir='ltr'><strong>meliora</strong></span> <span class='ocrx_word' id='word_1_207' title='bbox 1172 3613 1228 3668; x_wconf 90' lang='lat' dir='ltr'><strong>aut</strong></span> <span class='ocrx_word' id='word_1_208' title='bbox 1248 3605 1400 3690; x_wconf 87' lang='lat' dir='ltr'><strong>graviora</strong></span> <span class='ocrx_word' id='word_1_209' title='bbox 1479 3683 1487 3707; x_wconf 33' lang='lat' dir='ltr'>x</span> 
     </span>
     <span class='ocr_line' id='line_1_26' title="bbox 69 3710 535 3794; baseline 0.002 -25"><span class='ocrx_word' id='word_1_210' title='bbox 69 3715 250 3794; x_wconf 88' lang='lat' dir='ltr'><strong>expectare</strong></span> <span class='ocrx_word' id='word_1_211' title='bbox 277 3710 335 3773; x_wconf 90' lang='lat' dir='ltr'><strong>vix</strong></span> <span class='ocrx_word' id='word_1_212' title='bbox 356 3731 535 3793; x_wconf 88' lang='lat' dir='ltr'><strong>possumus.</strong></span> 
     </span>
    </p>

    <p class='ocr_par' dir='ltr' id='par_1_7' title="bbox 69 3809 1399 4831">
     <span class='ocr_line' id='line_1_27' title="bbox 179 3809 1398 3900; baseline 0 -24"><span class='ocrx_word' id='word_1_213' title='bbox 179 3809 347 3878; x_wconf 86' lang='lat' dir='ltr'><strong>Gallorum</strong></span> <span class='ocrx_word' id='word_1_214' title='bbox 358 3812 574 3899; x_wconf 89' lang='lat' dir='ltr'><strong>praelatorum</strong></span> <span class='ocrx_word' id='word_1_215' title='bbox 590 3811 732 3878; x_wconf 86' lang='lat' dir='ltr'><strong>adventu</strong></span> <span class='ocrx_word' id='word_1_216' title='bbox 747 3835 847 3877; x_wconf 89' lang='lat' dir='ltr'><strong>novas</strong></span> <span class='ocrx_word' id='word_1_217' title='bbox 862 3811 987 3900; x_wconf 89' lang='lat' dir='ltr'><strong>aliquas</strong></span> <span class='ocrx_word' id='word_1_218' title='bbox 1000 3813 1205 3900; x_wconf 88' lang='lat' dir='ltr'><strong>quaestiones</strong></span> <span class='ocrx_word' id='word_1_219' title='bbox 1218 3812 1398 3877; x_wconf 88' lang='lat' dir='ltr'><strong>exoriturae</strong></span> 
     </span>
     <span class='ocr_line' id='line_1_28' title="bbox 70 3914 1399 4004; baseline 0.002 -27"><span class='ocrx_word' id='word_1_220' title='bbox 70 3925 284 4002; x_wconf 86' lang='lat' dir='ltr'><strong>augurantur,</strong></span> <span class='ocrx_word' id='word_1_221' title='bbox 309 3917 396 4002; x_wconf 91' lang='lat' dir='ltr'><strong>quod</strong></span> <span class='ocrx_word' id='word_1_222' title='bbox 419 3917 446 3980; x_wconf 89' lang='lat' dir='ltr'><strong>si</strong></span> <span class='ocrx_word' id='word_1_223' title='bbox 468 3939 554 3981; x_wconf 90' lang='lat' dir='ltr'><strong>nunc</strong></span> <span class='ocrx_word' id='word_1_224' title='bbox 576 3915 735 3998; x_wconf 87' lang='lat' dir='ltr'><strong>adessent,</strong></span> <span class='ocrx_word' id='word_1_225' title='bbox 765 3918 860 3980; x_wconf 89' lang='lat' dir='ltr'><strong>vitari</strong></span> <span class='ocrx_word' id='word_1_226' title='bbox 881 3919 939 3981; x_wconf 84' lang='lat' dir='ltr'><strong>vix</strong></span> <span class='ocrx_word' id='word_1_227' title='bbox 960 3927 1079 4003; x_wconf 89' lang='lat' dir='ltr'><strong>posset,</strong></span> <span class='ocrx_word' id='word_1_228' title='bbox 1106 3916 1183 4004; x_wconf 91' lang='lat' dir='ltr'><strong>quin</strong></span> <span class='ocrx_word' id='word_1_229' title='bbox 1206 3914 1263 3979; x_wconf 92' lang='lat' dir='ltr'><strong>illa</strong></span> <span class='ocrx_word' id='word_1_230' title='bbox 1286 3915 1326 3979; x_wconf 91' lang='lat' dir='ltr'><strong>de</strong></span> <span class='ocrx_word' id='word_1_231' title='bbox 1348 3937 1399 3980; x_wconf 90' lang='lat' dir='ltr'><strong>su·</strong></span> 
     </span>
     <span class='ocr_line' id='line_1_29' title="bbox 70 4003 1397 4106; baseline 0 -24"><span class='ocrx_word' id='word_1_232' title='bbox 70 4019 263 4102; x_wconf 89' lang='lat' dir='ltr'><strong>perioritate</strong></span> <span class='ocrx_word' id='word_1_233' title='bbox 284 4042 389 4106; x_wconf 91' lang='lat' dir='ltr'><strong>papae</strong></span> <span class='ocrx_word' id='word_1_234' title='bbox 413 4042 511 4105; x_wconf 90' lang='lat' dir='ltr'><strong>supra</strong></span> <span class='ocrx_word' id='word_1_235' title='bbox 525 4019 695 4085; x_wconf 89' lang='lat' dir='ltr'><strong>concilium</strong></span> <span class='ocrx_word' id='word_1_236' title='bbox 718 4020 822 4085; x_wconf 88' lang='lat' dir='ltr'><strong>acrius</strong></span> <span class='ocrx_word' id='word_1_237' title='bbox 837 4003 994 4104; x_wconf 84' lang='lat' dir='ltr'><strong>ageretur,</strong></span> <span class='ocrx_word' id='word_1_238' title='bbox 1018 4041 1093 4084; x_wconf 91' lang='lat' dir='ltr'><strong>nam</strong></span> <span class='ocrx_word' id='word_1_239' title='bbox 1118 4022 1180 4084; x_wconf 85' lang='lat' dir='ltr'><strong>ista</strong></span> <span class='ocrx_word' id='word_1_240' title='bbox 1200 4020 1397 4105; x_wconf 89' lang='lat' dir='ltr'><strong>quaestione,</strong></span> 
     </span>
     <span class='ocr_line' id='line_1_30' title="bbox 70 4119 1397 4209; baseline 0.002 -24"><span class='ocrx_word' id='word_1_241' title='bbox 70 4132 180 4186; x_wconf 90' lang='lat' dir='ltr'><strong>utrum</strong></span> <span class='ocrx_word' id='word_1_242' title='bbox 203 4124 407 4209; x_wconf 88' lang='lat' dir='ltr'><strong>episcopatus</strong></span> <span class='ocrx_word' id='word_1_243' title='bbox 430 4133 462 4188; x_wconf 91' lang='lat' dir='ltr'><strong>et</strong></span> <span class='ocrx_word' id='word_1_244' title='bbox 487 4122 663 4187; x_wconf 90' lang='lat' dir='ltr'><strong>iurisdictio</strong></span> <span class='ocrx_word' id='word_1_245' title='bbox 694 4119 885 4208; x_wconf 87' lang='lat' dir='ltr'><strong>episcopalis</strong></span> <span class='ocrx_word' id='word_1_246' title='bbox 907 4123 975 4186; x_wconf 92' lang='lat' dir='ltr'><strong>iure</strong></span> <span class='ocrx_word' id='word_1_247' title='bbox 998 4123 1106 4187; x_wconf 88' lang='lat' dir='ltr'><strong>divino</strong></span> <span class='ocrx_word' id='word_1_248' title='bbox 1129 4124 1289 4208; x_wconf 88' lang='lat' dir='ltr'><strong>episcopis</strong></span> <span class='ocrx_word' id='word_1_249' title='bbox 1313 4145 1397 4187; x_wconf 92' lang='lat' dir='ltr'><strong>com-</strong></span> 
     </span>
     <span class='ocr_line' id='line_1_31' title="bbox 70 4225 1395 4313; baseline 0.001 -23"><span class='ocrx_word' id='word_1_250' title='bbox 70 4235 172 4310; x_wconf 84' lang='lat' dir='ltr'><strong>petat,</strong></span> <span class='ocrx_word' id='word_1_251' title='bbox 201 4249 284 4313; x_wconf 89' lang='lat' dir='ltr'><strong>quae</strong></span> <span class='ocrx_word' id='word_1_252' title='bbox 311 4249 397 4291; x_wconf 91' lang='lat' dir='ltr'><strong>nunc</strong></span> <span class='ocrx_word' id='word_1_253' title='bbox 424 4227 458 4291; x_wconf 92' lang='lat' dir='ltr'><strong>in</strong></span> <span class='ocrx_word' id='word_1_254' title='bbox 479 4226 541 4292; x_wconf 94' lang='lat' dir='ltr'><strong>hoc</strong></span> <span class='ocrx_word' id='word_1_255' title='bbox 570 4227 704 4292; x_wconf 89' lang='lat' dir='ltr'><strong>concilio</strong></span> <span class='ocrx_word' id='word_1_256' title='bbox 734 4227 859 4312; x_wconf 87' lang='lat' dir='ltr'><strong>magnis</strong></span> <span class='ocrx_word' id='word_1_257' title='bbox 887 4225 1144 4292; x_wconf 90' lang='lat' dir='ltr'><strong>contentionibus</strong></span> <span class='ocrx_word' id='word_1_258' title='bbox 1167 4229 1317 4312; x_wconf 84' lang='lat' dir='ltr'><strong>agitatur,</strong></span> <span class='ocrx_word' id='word_1_259' title='bbox 1352 4225 1395 4291; x_wconf 91' lang='lat' dir='ltr'><strong>ad</strong></span> 
     </span>
     <span class='ocr_line' id='line_1_32' title="bbox 69 4328 1394 4416; baseline 0.002 -24"><span class='ocrx_word' id='word_1_260' title='bbox 69 4328 161 4393; x_wconf 88' lang='lat' dir='ltr'><strong>illam</strong></span> <span class='ocrx_word' id='word_1_261' title='bbox 183 4329 223 4394; x_wconf 93' lang='lat' dir='ltr'><strong>de</strong></span> <span class='ocrx_word' id='word_1_262' title='bbox 246 4352 310 4416; x_wconf 91' lang='lat' dir='ltr'><strong>qua</strong></span> <span class='ocrx_word' id='word_1_263' title='bbox 330 4330 397 4394; x_wconf 85' lang='lat' dir='ltr'><strong>dixi</strong></span> <span class='ocrx_word' id='word_1_264' title='bbox 420 4340 520 4394; x_wconf 88' lang='lat' dir='ltr'><strong>strata</strong></span> <span class='ocrx_word' id='word_1_265' title='bbox 542 4332 596 4394; x_wconf 87' lang='lat' dir='ltr'><strong>via</strong></span> <span class='ocrx_word' id='word_1_266' title='bbox 618 4341 711 4395; x_wconf 88' lang='lat' dir='ltr'><strong>esset.</strong></span> <span class='ocrx_word' id='word_1_267' title='bbox 733 4331 766 4394; x_wconf 92' lang='lat' dir='ltr'><strong>iu</strong></span> <span class='ocrx_word' id='word_1_268' title='bbox 790 4331 976 4416; x_wconf 89' lang='lat' dir='ltr'><strong>quaestione</strong></span> <span class='ocrx_word' id='word_1_269' title='bbox 1000 4329 1039 4393; x_wconf 92' lang='lat' dir='ltr'><strong>de</strong></span> <span class='ocrx_word' id='word_1_270' title='bbox 1062 4328 1252 4416; x_wconf 86' lang='lat' dir='ltr'><strong>episcopatu</strong></span> <span class='ocrx_word' id='word_1_271' title='bbox 1275 4352 1313 4394; x_wconf 92' lang='lat' dir='ltr'><strong>eo</strong></span> <span class='ocrx_word' id='word_1_272' title='bbox 1329 4331 1394 4394; x_wconf 93' lang='lat' dir='ltr'><strong>iam</strong></span> 
     </span>
     <span class='ocr_line' id='line_1_33' title="bbox 71 4433 1396 4520; baseline 0.001 -23"><span class='ocrx_word' id='word_1_273' title='bbox 71 4455 260 4518; x_wconf 88' lang='lat' dir='ltr'><strong>processum</strong></span> <span class='ocrx_word' id='word_1_274' title='bbox 288 4444 351 4516; x_wconf 89' lang='lat' dir='ltr'><strong>est,</strong></span> <span class='ocrx_word' id='word_1_275' title='bbox 382 4444 418 4498; x_wconf 93' lang='lat' dir='ltr'><strong>ut</strong></span> <span class='ocrx_word' id='word_1_276' title='bbox 448 4456 520 4498; x_wconf 92' lang='lat' dir='ltr'><strong>cum</strong></span> <span class='ocrx_word' id='word_1_277' title='bbox 544 4433 683 4520; x_wconf 89' lang='lat' dir='ltr'><strong>Hispani</strong></span> <span class='ocrx_word' id='word_1_278' title='bbox 714 4435 856 4520; x_wconf 90' lang='lat' dir='ltr'><strong>episcopi</strong></span> <span class='ocrx_word' id='word_1_279' title='bbox 878 4442 1006 4520; x_wconf 88' lang='lat' dir='ltr'><strong>praeter</strong></span> <span class='ocrx_word' id='word_1_280' title='bbox 1026 4455 1148 4519; x_wconf 89' lang='lat' dir='ltr'><strong>paucos</strong></span> <span class='ocrx_word' id='word_1_281' title='bbox 1172 4433 1329 4519; x_wconf 88' lang='lat' dir='ltr'><strong>quosdam</strong></span> <span class='ocrx_word' id='word_1_282' title='bbox 1353 4455 1396 4498; x_wconf 88' lang='lat' dir='ltr'><strong>ex</strong></span> 
     </span>
     <span class='ocr_line' id='line_1_34' title="bbox 72 4536 1394 4624; baseline 0.002 -25"><span class='ocrx_word' id='word_1_283' title='bbox 72 4538 118 4600; x_wconf 90' lang='lat' dir='ltr'><strong>eis</strong></span> <span class='ocrx_word' id='word_1_284' title='bbox 140 4557 337 4624; x_wconf 74' lang='lat' dir='ltr'><strong>magnopere</strong></span> <span class='ocrx_word' id='word_1_285' title='bbox 359 4547 514 4623; x_wconf 88' lang='lat' dir='ltr'><strong>cuperent</strong></span> <span class='ocrx_word' id='word_1_286' title='bbox 546 4539 578 4600; x_wconf 90' lang='lat' dir='ltr'><strong>in</strong></span> <span class='ocrx_word' id='word_1_287' title='bbox 601 4537 777 4602; x_wconf 87' lang='lat' dir='ltr'><strong>canonibus</strong></span> <span class='ocrx_word' id='word_1_288' title='bbox 807 4539 952 4624; x_wconf 83' lang='lat' dir='ltr'><strong>exprimi,</strong></span> <span class='ocrx_word' id='word_1_289' title='bbox 987 4537 1155 4622; x_wconf 89' lang='lat' dir='ltr'><strong>episcopos</strong></span> <span class='ocrx_word' id='word_1_290' title='bbox 1185 4537 1254 4600; x_wconf 91' lang='lat' dir='ltr'><strong>iure</strong></span> <span class='ocrx_word' id='word_1_291' title='bbox 1285 4536 1394 4602; x_wconf 88' lang='lat' dir='ltr'><strong>divino</strong></span> 
     </span>
     <span class='ocr_line' id='line_1_35' title="bbox 74 4638 1396 4728; baseline -0.001 -24"><span class='ocrx_word' id='word_1_292' title='bbox 74 4662 143 4706; x_wconf 87' lang='lat' dir='ltr'><strong>esse</strong></span> <span class='ocrx_word' id='word_1_293' title='bbox 174 4642 346 4720; x_wconf 87' lang='lat' dir='ltr'><strong>institutos,</strong></span> <span class='ocrx_word' id='word_1_294' title='bbox 377 4652 409 4705; x_wconf 91' lang='lat' dir='ltr'><strong>et</strong></span> <span class='ocrx_word' id='word_1_295' title='bbox 430 4651 536 4705; x_wconf 89' lang='lat' dir='ltr'><strong>tamen</strong></span> <span class='ocrx_word' id='word_1_296' title='bbox 560 4641 593 4704; x_wconf 91' lang='lat' dir='ltr'><strong>id</strong></span> <span class='ocrx_word' id='word_1_297' title='bbox 617 4652 748 4728; x_wconf 90' lang='lat' dir='ltr'><strong>propter</strong></span> <span class='ocrx_word' id='word_1_298' title='bbox 777 4641 975 4706; x_wconf 87' lang='lat' dir='ltr'><strong>diversarum</strong></span> <span class='ocrx_word' id='word_1_299' title='bbox 999 4641 1227 4704; x_wconf 84' lang='lat' dir='ltr'><strong>sententiarum</strong></span> <span class='ocrx_word' id='word_1_300' title='bbox 1256 4638 1396 4703; x_wconf 91' lang='lat' dir='ltr'><strong>multitu·</strong></span> 
     </span>
     <span class='ocr_line' id='line_1_36' title="bbox 77 4741 1396 4831; baseline -0.001 -23"><span class='ocrx_word' id='word_1_301' title='bbox 77 4743 184 4809; x_wconf 90' lang='lat' dir='ltr'><strong>dinem</strong></span> <span class='ocrx_word' id='word_1_302' title='bbox 206 4745 379 4831; x_wconf 88' lang='lat' dir='ltr'><strong>impetrare</strong></span> <span class='ocrx_word' id='word_1_303' title='bbox 403 4767 437 4810; x_wconf 88' lang='lat' dir='ltr'><strong>se</strong></span> <span class='ocrx_word' id='word_1_304' title='bbox 470 4766 535 4809; x_wconf 92' lang='lat' dir='ltr'><strong>non</strong></span> <span class='ocrx_word' id='word_1_305' title='bbox 556 4766 652 4830; x_wconf 87' lang='lat' dir='ltr'><strong>posse</strong></span> <span class='ocrx_word' id='word_1_306' title='bbox 674 4743 976 4826; x_wconf 86' lang='lat' dir='ltr'><strong>animadverterent,</strong></span> <span class='ocrx_word' id='word_1_307' title='bbox 1009 4744 1123 4830; x_wconf 89' lang='lat' dir='ltr'><strong>paucis</strong></span> <span class='ocrx_word' id='word_1_308' title='bbox 1146 4741 1207 4806; x_wconf 82' lang='lat' dir='ltr'><strong>illis</strong></span> <span class='ocrx_word' id='word_1_309' title='bbox 1230 4765 1312 4830; x_wconf 90' lang='lat' dir='ltr'><strong>quos</strong></span> <span class='ocrx_word' id='word_1_310' title='bbox 1328 4742 1396 4807; x_wconf 86' lang='lat' dir='ltr'><strong>dixi</strong></span> 
     </span>
    </p>
   </div>
   <div class='ocr_carea' id='block_1_5' title="bbox 74 4845 1394 5145">
    <p class='ocr_par' dir='ltr' id='par_1_8' title="bbox 74 4845 1394 5145">
     <span class='ocr_line' id='line_1_37' title="bbox 75 4845 1394 4937; baseline -0.004 -22"><span class='ocrx_word' id='word_1_311' title='bbox 75 4852 219 4936; x_wconf 88' lang='lat' dir='ltr'><strong>exceptis</strong></span> <span class='ocrx_word' id='word_1_312' title='bbox 248 4849 303 4937; x_wconf 92' lang='lat' dir='ltr'><strong>qui</strong></span> <span class='ocrx_word' id='word_1_313' title='bbox 325 4859 399 4914; x_wconf 90' lang='lat' dir='ltr'><strong>sunt</strong></span> <span class='ocrx_word' id='word_1_314' title='bbox 421 4848 463 4913; x_wconf 91' lang='lat' dir='ltr'><strong>ad</strong></span> <span class='ocrx_word' id='word_1_315' title='bbox 486 4849 635 4935; x_wconf 88' lang='lat' dir='ltr'><strong>quinque,</strong></span> <span class='ocrx_word' id='word_1_316' title='bbox 664 4845 780 4935; x_wconf 90' lang='lat' dir='ltr'><strong>reliqui</strong></span> <span class='ocrx_word' id='word_1_317' title='bbox 801 4847 841 4917; x_wconf 82' lang='lat' dir='ltr'><strong>D.</strong></span> <span class='ocrx_word' id='word_1_318' title='bbox 865 4846 1044 4912; x_wconf 88' lang='lat' dir='ltr'><strong>cardinales</strong></span> <span class='ocrx_word' id='word_1_319' title='bbox 1077 4845 1226 4910; x_wconf 89' lang='lat' dir='ltr'><strong>adierunt</strong></span> <span class='ocrx_word' id='word_1_320' title='bbox 1253 4856 1286 4912; x_wconf 88' lang='lat' dir='ltr'><strong>et</strong></span> <span class='ocrx_word' id='word_1_321' title='bbox 1307 4846 1394 4910; x_wconf 90' lang='lat' dir='ltr'><strong>illam</strong></span> 
     </span>
     <span class='ocr_line' id='line_1_38' title="bbox 74 4948 1393 5039; baseline -0.005 -20"><span class='ocrx_word' id='word_1_322' title='bbox 74 4953 322 5020; x_wconf 88' lang='lat' dir='ltr'><strong>declarationem</strong></span> <span class='ocrx_word' id='word_1_323' title='bbox 342 4952 545 5039; x_wconf 90' lang='lat' dir='ltr'><strong>postularunt</strong></span> <span class='ocrx_word' id='word_1_324' title='bbox 568 4951 783 5038; x_wconf 87' lang='lat' dir='ltr'><strong>dixeruntque</strong></span> <span class='ocrx_word' id='word_1_325' title='bbox 805 4973 850 5034; x_wconf 90' lang='lat' dir='ltr'><strong>se,</strong></span> <span class='ocrx_word' id='word_1_326' title='bbox 872 4951 935 5016; x_wconf 88' lang='lat' dir='ltr'><strong>nisi</strong></span> <span class='ocrx_word' id='word_1_327' title='bbox 956 4949 990 5015; x_wconf 92' lang='lat' dir='ltr'><strong>id</strong></span> <span class='ocrx_word' id='word_1_328' title='bbox 1012 4948 1100 5039; x_wconf 91' lang='lat' dir='ltr'><strong>quod</strong></span> <span class='ocrx_word' id='word_1_329' title='bbox 1122 4960 1277 5037; x_wconf 89' lang='lat' dir='ltr'><strong>cuperent</strong></span> <span class='ocrx_word' id='word_1_330' title='bbox 1289 4949 1330 5014; x_wconf 94' lang='lat' dir='ltr'><strong>ab</strong></span> <span class='ocrx_word' id='word_1_331' title='bbox 1346 4949 1393 5013; x_wconf 92' lang='lat' dir='ltr'><strong>eis</strong></span> 
     </span>
     <span class='ocr_line' id='line_1_39' title="bbox 76 5053 1393 5145; baseline -0.003 -23"><span class='ocrx_word' id='word_1_332' title='bbox 76 5059 289 5145; x_wconf 87' lang='lat' dir='ltr'><strong>impetrarent,</strong></span> <span class='ocrx_word' id='word_1_333' title='bbox 311 5055 446 5144; x_wconf 85' lang='lat' dir='ltr'><strong>posthac</strong></span> <span class='ocrx_word' id='word_1_334' title='bbox 468 5077 573 5144; x_wconf 89' lang='lat' dir='ltr'><strong>neque</strong></span> <span class='ocrx_word' id='word_1_335' title='bbox 590 5054 893 5142; x_wconf 77' lang='lat' dir='ltr'><strong>congregationibus</strong></span> <span class='ocrx_word' id='word_1_336' title='bbox 907 5075 1012 5142; x_wconf 90' lang='lat' dir='ltr'><strong>neque</strong></span> <span class='ocrx_word' id='word_1_337' title='bbox 1028 5055 1163 5120; x_wconf 87' lang='lat' dir='ltr'><strong>sessioni</strong></span> <span class='ocrx_word' id='word_1_338' title='bbox 1177 5053 1393 5118; x_wconf 83' lang='lat' dir='ltr'><strong>interfuturos.</strong></span> 
     </span>
    </p>
   </div>
   <div class='ocr_carea' id='block_1_6' title="bbox 0 0 1734 5826">
    <p class='ocr_par' dir='ltr' id='par_1_9' title="bbox 0 0 1734 5826">
     <span class='ocr_line' id='line_1_40' title="bbox 0 0 1734 5826; baseline 0 0"><span class='ocrx_word' id='word_1_339' title='bbox 0 0 1734 5826; x_wconf 95' lang='lat' dir='ltr'><strong> </strong></span> 
     </span>
    </p>
   </div>
  </div>
 </body>
</html>
