3532 5832
1470 515 1488 578 7

265 699 363 782 Quae
387 701 517 788 quidem
541 703 649 768 omnia
669 709 840 788 postquam
863 709 972 767 orator
992 709 1103 767 noster
1129 702 1206 766 viva
1232 722 1313 766 voce
1335 701 1369 764 in
1391 699 1492 765 consi-

160 806 262 868 storio
284 806 522 890 perstrinxerit,
544 827 620 870 mox
643 805 761 888 scripto
784 804 882 870 etiam
904 803 1137 890 comprehensa
1158 802 1326 884 exhibeat,
1349 823 1413 889 quo
1436 825 1491 868 ex-

158 909 267 972 actius
290 907 369 974 dicti
383 906 444 972 Βιῃὶ
460 906 504 972 D.
527 906 707 974 cardinales
729 915 869 974 mentem
890 915 1034 972 noemam
1056 907 1255 994 perspiciant
1275 927 1315 971 ac
1337 905 1406 971 eius
1428 927 1492 972 me

161 1012 270 1076 moria
291 1011 391 1076 altius
413 1013 571 1098 impressa
592 1010 655 1076 illis
677 1012 710 1076 in
731 1011 873 1076 firturum
888 1032 1018 1097 quoquo
1041 1026 1186 1096 tempore
1207 1017 1326 1075 testata
1348 1009 1398 1074 sit.
1422 1031 1493 1075 oae-

156 1123 265 1179 ternm
288 1116 318 1179 si
339 1114 423 1182 forte
445 1123 553 1180 orator
573 1123 683 1180 noster
703 1114 836 1180 sentiret
856 1112 898 1179 ab
921 1112 1083 1201 aliquibus
1099 1112 1249 1195 laborari,
1271 1121 1309 1177 ut
1330 1113 1490 1199 quispiam

158 1216 336 1282 illiteratus
358 1215 463 1282 malae
477 1217 564 1282 vitae
579 1227 635 1282 aut
649 1217 729 1282 alias
744 1225 810 1281 tam
825 1217 980 1283 immenso
1003 1218 1092 1283 oneri
1108 1217 1212 1304 impar
1233 1215 1286 1282 vel
1308 1214 1426 1303 aliquis
1448 1240 1492 1283 ex

157 1322 198 1384 iis
219 1321 281 1408 qui
304 1322 370 1386 sint
390 1343 411 1384 a
432 1328 596 1386 nostrast
618 1321 702 1386 seori
727 1321 852 1406 imperii
879 1320 1138 1406 serenissimique
1151 1319 1383 1407 Hispaniarum
1405 1323 1491 1408 regis

159 1423 314 1510 partibus
329 1422 435 1504 alieni,
459 1423 502 1488 ad
516 1423 680 1510 fastigium
694 1423 877 1510 pontificiae
894 1421 1059 1510 dignitatis
1069 1431 1312 1510 promoveatur,
1335 1434 1391 1489 aut
1412 1423 1494 1492 tales

158 1549 216 1614 per
240 1529 391 1613 seipsos
424 1527 560 1592 sinistris
593 1525 716 1592 artibus
749 1525 793 1591 ad
825 1534 980 1613 papatum
1002 1527 1164 1613 aspirare,
1197 1535 1306 1592 orator
1325 1537 1437 1594 noster
1457 1529 1492 1594 id

157 1629 276 1696 dextre
300 1653 340 1696 ae
362 1629 507 1695 modeste
530 1628 677 1695 omnibus
705 1629 809 1694 modis
831 1628 987 1715 impedire
1015 1628 1159 1710 studeat,
1196 1629 1272 1695 Β1Μὸ
1291 1631 1334 1695 Ι).
1357 1631 1400 1696 D.
1423 1655 1491 1698 car

157 1733 286 1800 dinales
310 1733 481 1820 diligenter
503 1732 723 1817 admonendo,
757 1755 817 1799 nos
840 1731 971 1820 quidem
1001 1755 1063 1799 nec
1090 1732 1174 1800 velle
1195 1756 1257 1799 nee
1279 1732 1398 1801 debere
1420 1737 1490 1802 nni-

157 1859 253 1902 rerso
290 1837 345 1902 isti
373 1836 476 1902 ordini
504 1835 725 1921 praescribere
752 1843 810 1900 aut
831 1833 939 1923 digito'
955 1836 1125 1902 ostendere
1149 1859 1245 1925 quem
1267 1861 1346 1925 prae
1375 1843 1490 1906 ceteris

156 1939 234 2026 eligi
257 1938 407 2022 velimus,
431 1962 491 2026 pro
508 1962 549 2005 ea
569 1947 676 2006 tamen
698 1937 912 2006 sollicitudine
934 1962 1018 2027 quae
1039 1963 1098 2006 nos
1119 1947 1230 2007 teneat
1249 1942 1489 2029 tranquillatem

155 2053 188 2109 et
209 2041 422 2110 commodum
443 2041 642 2130 reipublicae
653 2041 846 2110 mmstianae
867 2043 1072 2130 procurandi,
1094 2066 1154 2110 noa
1177 2043 1362 2110 desiderare
1385 2055 1418 2112 et
1431 2070 1490 2133 pro

154 2149 285 2214 ratione
308 2148 453 2214 caesarei
475 2148 575 2212 nostri
596 2147 737 2214 muneris
759 2146 933 2234 requirere,
955 2169 996 2212 ne
1018 2154 1090 2218 tam
1106 2148 1298 2212 immensum
1321 2170 1404 2214 onus
1426 2152 1491 2215 cui·

151 2253 244 2337 piam
267 2253 473 2339 imponatur,
512 2251 567 2336 qui
589 2251 685 2316 sitin
713 2271 807 2316 sacra
836 2251 996 2336 scriptura
1023 2259 1056 2316 et
1083 2251 1153 2316 eius
1177 2249 1324 2318 dochino
1346 2252 1436 2318 rudis
1459 2264 1492 2320 et

151 2355 328 2440 imperitus
349 2364 406 2420 aut
420 2353 608 2420 inhonestae
630 2360 687 2419 aut
707 2351 857 2440 culpatae
878 2355 974 2436 vitae,
997 2362 1030 2419 et
1052 2354 1108 2441 qui
1128 2353 1266 2421 antehac
1286 2354 1382 2421 fuerit
1403 2360 1491 2423 etin

149 2458 301 2522 futurum
323 2457 392 2524 fore
413 2458 563 2522 videatur
584 2457 760 2524 facfionum
783 2465 923 2523 sectator
950 2459 1167 2524 contentiosus
1199 2466 1232 2524 et
1258 2458 1302 2525 ad
1334 2461 1488 2528 serendas

150 2561 188 2624 in
212 2559 389 2627 christiano
405 2559 526 2648 populo
542 2559 903 2646 discordiasproclivis,
923 2560 1017 2627 nobis
1040 2561 1317 2648 serenissimisque
1339 2562 1488 2632 domibus

151 2665 277 2730 noemia
298 2663 452 2730 Austriae
474 2663 679 2731 adversarius
707 2673 740 2732 et
761 2687 782 2730 a
804 2686 868 2752 quo
889 2663 1066 2731 verendum
1090 2666 1145 2749 sit,
1179 2672 1216 2730 ut
1236 2664 1408 2732 ecclesiam
1430 2668 1485 2734 dei

153 2776 190 2832 et
211 2776 316 2832 totam
343 2766 616 2852 christianitatem,
640 2769 829 2854 pmeaertim
851 2766 884 2834 S.
916 2768 956 2834 R.
982 2769 1152 2855 imperium
1178 2768 1344 2834 inutilibus
1375 2771 1486 2837 intem·

152 2872 295 2958 pestivis
316 2872 543 2936 contoversiis
572 2870 717 2958 implicet
745 2880 802 2936 aut
822 2870 968 2937 involvat
994 2893 1097 2959 eoque
1126 2871 1222 2938 modo
1245 2873 1387 2958 graviori
1409 2875 1486 2941 scis-

157 2975 241 3040 mati
262 2995 375 3040 ansam
398 2983 431 3039 et
452 2976 619 3042 materiam
639 2974 811 3061 praebeat3
834 2997 855 3040 a
875 2973 933 3040 tali
954 2996 1094 3063 namque
1115 2981 1245 3062 pastore
1266 2997 1332 3040 non
1354 2999 1487 3064 congre

153 3079 321 3164 gationem
343 3077 452 3142 ovium
473 3079 506 3142 in
528 3079 649 3143 unitate
674 3077 750 3144 fidei
776 3077 835 3143 sed
857 3079 1109 3166 dispersionem,
1139 3101 1206 3146 non
1229 3078 1487 3150 aedificationem

155 3181 317 3248 eeclesiae
339 3179 398 3248 sed
421 3179 670 3248 destructionem
691 3183 871 3248 struinam
893 3181 1129 3270 expectandam
1151 3182 1229 3248 fore.

257 3283 358 3350 Porro
382 3307 457 3350 cum
476 3283 570 3350 nobis
591 3307 657 3350 non
679 3293 767 3351 certo
790 3293 931 3366 constet,
967 3307 1044 3350 num
1066 3285 1247 3371 praesrtim
1269 3309 1400 3352 sacrum
1423 3289 1485 3354 col·

156 3389 280 3476 legium
301 3391 335 3454 in
357 3387 471 3456 eadem
493 3390 652 3456 sententia
672 3409 860 3454 mansurum
889 3391 931 3454 sit
952 3389 993 3455 de
1015 3397 1126 3455 nostra
1151 3388 1196 3454 ad
1216 3389 1416 3476 imperialem
1439 3391 1485 3458 di-

158 3494 318 3578 gnitatem
339 3493 572 3579 assumptione,
595 3493 630 3557 in
650 3515 716 3579 qua
737 3513 891 3580 praesens
913 3491 1060 3579 pontifex
1080 3501 1172 3558 tanta
1193 3492 1407 3560 obstinatione
1429 3494 1486 3561 bu·

159 3617 284 3684 cusque
312 3595 464 3683 perstitit,
498 3595 697 3662 admonitum
728 3594 877 3661 volumus
901 3605 1060 3662 oratorem
1092 3605 1252 3680 nostrum,
1279 3606 1317 3662 ut
1337 3606 1431 3664 cante
1453 3598 1486 3664 in

161 3699 226 3766 hac
246 3707 338 3787 parte
359 3709 446 3786 agat,
467 3721 508 3766 ne
530 3697 623 3766 nobis
646 3700 817 3787 quisquam
839 3698 880 3764 de
902 3699 971 3764 iure
993 3707 1103 3765 nostro
1127 3699 1273 3766 decedat

259 3801 313 3868 Ad
334 3802 417 3870 baec
438 3811 547 3870 orator
572 3811 681 3870 noster
702 3801 873 3888 diligenter
899 3802 1041 3890 inquirat
1073 3798 1322 3890 etinvestigare
1345 3802 1483 3888 studeat,

158 3904 239 3993 quid
259 3914 397 3973 vacante
419 3906 496 3974 sede
510 3906 691 3993 apostolica
705 3907 792 3972 cirea
813 3904 994 3972 custodiam
1009 3905 1174 3972 conclavis
1196 3915 1252 3972 aut
1274 3907 1355 3972 alias
1377 3917 1486 3974 orator

157 4031 328 4075 caesareus
357 4032 471 4076 curare
493 4019 526 4075 et
548 4011 667 4097 exequi
681 4009 723 4076 de
744 4009 813 4075 iure
834 4008 888 4074 vel
902 4009 1134 4075 consuetudine
1156 4008 1269 4075 solitus
1291 4010 1342 4093 sit,
1364 4019 1401 4075 ut
1414 4011 1485 4097 ipse

157 4134 288 4200 quoque
320 4111 398 4178 nihil
432 4135 543 4178 eorum
564 4114 771 4196 intermittat,
805 4111 865 4176 sed
896 4113 1140 4199 praerogativas
1174 4121 1207 4178 et
1228 4113 1299 4177 iura
1320 4122 1431 4178 nosba
1453 4123 1486 4180 et

154 4237 369 4304 quaecuuque
391 4215 434 4280 ad
457 4214 681 4282 sustinendam
702 4225 735 4281 et
757 4214 926 4281 tutandam
948 4217 1220 4282 existimationem
1246 4223 1389 4281 nostram
1412 4239 1484 4284 cae-

155 4341 283 4386 saream
304 4320 530 4405 pertinuerint,
553 4318 665 4386 sedulo
681 4318 854 4386 defendere
874 4321 916 4385 'ac
937 4341 1035 4384 manu
1056 4328 1166 4386 tenere
1188 4319 1365 4404 adnitatur,
1388 4331 1486 4407 prout

156 4422 251 4487 uobis
267 4421 308 4487 de
321 4422 479 4488 industria
492 4443 666 4510 rerumque
679 4421 879 4508 agendarum
901 4422 1093 4489 dexteritate
1115 4423 1216 4510 ipsius
1232 4424 1367 4490 oratoris
1382 4427 1483 4490 nostri

152 4524 251 4612 plane
272 4525 469 4611 pollicemur.
492 4528 525 4592 in
548 4548 613 4614 qua
635 4525 765 4613 quidem
787 4547 823 4590 re
844 4527 990 4612 inprimis
1013 4526 1160 4591 consulat
1181 4526 1267 4591 R¹⁰¹¹⁰¹
1284 4526 1482 4594 cardinalem

153 4629 345 4713 Paccecum,
369 4631 424 4718 qui
447 4652 520 4696 cum
536 4631 577 4696 sit
590 4652 673 4695 unus
696 4628 909 4695 esenioribus
924 4628 1107 4716 habeatque
1128 4652 1280 4717 magnam
1301 4652 1410 4696 rerum
1425 4631 1482 4696 hu-

153 4755 324 4798 manarum
337 4735 487 4820 peritiam
500 4732 597 4820 longo
620 4756 681 4798 usu
704 4742 939 4821 comparatam,
961 4730 1048 4797 haud
1071 4731 1168 4798 dubie
1191 4735 1220 4798 ei
1235 4732 1364 4820 plenam
1385 4734 1481 4800 infor·

157 4837 333 4901 mationem
354 4835 433 4922 quid
455 4859 552 4922 agere
575 4835 693 4902 debeat
706 4857 785 4923 prae
801 4834 916 4902 ceteris
939 4833 1017 4900 dare
1031 4837 1150 4923 poterit
1171 4845 1203 4902 et
1224 4859 1283 4923 pro
1306 4837 1375 4902 eius
1390 4860 1481 4924 prae-

154 4938 244 5006 claro
267 4940 300 5004 in
322 4961 382 5004 nos
405 4938 511 5005 studio
532 4937 670 5006 libenter
691 4938 792 5005 dabit.
