3450 5818
273 682 430 750 eeclesiae
451 693 518 748 tam
540 703 634 748 sacro
657 679 791 769 imperio
815 681 981 748 subiectae
1004 703 1101 770 quam
1123 685 1157 748 in
1178 683 1288 770 regnis
1311 691 1410 774 atque
1428 688 1613 774 provinciis

271 788 391 853 nostris
414 788 588 852 existentes
610 784 758 850 laborare
782 783 1092 871 dignoscuntur...

377 889 475 972 Quod
501 895 610 955 autem
641 887 748 954 alt-¹·
775 885 892 974 legatis
922 885 1181 974 postulaveritis,
1214 899 1252 956 ut
1279 889 1410 957 nomine
1432 892 1466 957 S.
1489 893 1611 980 synodi

274 993 388 1060 literae
417 992 600 1060 scribantur
628 991 671 1058 ad
690 992 853 1080 principes
875 989 1090 1076 Augustanae
1113 993 1324 1058 confessionis
1347 1003 1383 1059 ut
1406 1017 1477 1060 sese
1498 996 1611 1061 isthuc

274 1097 438 1163 conferant
460 1096 514 1161 vel
536 1095 651 1161 saltem
674 1117 748 1159 suos
774 1103 918 1159 oratores
940 1095 1080 1179 mittant,
1103 1118 1162 1160 nos
1185 1096 1400 1183 astipulamur
1428 1101 1611 1165 sententiae

275 1201 379 1266 Bm
401 1200 590 1286 legatorum,
615 1197 703 1284 quod
723 1197 877 1263 videlicet
898 1220 963 1262 non
986 1199 1141 1264 maiorem
1163 1198 1304 1264 habituri
1326 1210 1436 1266 essent
1450 1202 1613 1268 rationem

272 1303 390 1389 synodi
412 1326 511 1391 quam
532 1301 714 1367 habuerunt
736 1302 852 1365 summi
873 1300 1045 1388 pontificis.
1078 1323 1178 1388 quare
1199 1324 1263 1366 non
1286 1311 1337 1367 est
1358 1303 1448 1392 quod
1469 1305 1540 1368 ΒΜ·
1563 1304 1614 1370 le-

274 1415 366 1494 gatos
388 1406 429 1471 de
450 1406 514 1470 hac
535 1429 570 1470 re
592 1404 725 1470 ulterius
748 1403 967 1490 interpelletis,
990 1404 1048 1470 sed
1071 1406 1250 1490 expectetis
1273 1405 1450 1472 adveutum
1465 1407 1604 1474 aliorum

275 1532 403 1598 quoque
428 1518 589 1576 oratorum
613 1517 645 1573 et
671 1507 963 1595 praelatorum...
986 1517 1018 1572 et
1044 1507 1186 1573 maxime
1209 1506 1387 1574 Gallorum.
1416 1519 1494 1576 tunc
1521 1515 1611 1577 enim

272 1612 361 1678 haud
390 1611 489 1678 dubie
518 1611 611 1678 brevi
638 1611 808 1698 apparebit
835 1609 915 1699 quid
947 1608 1025 1676 dicti
1046 1608 1260 1696 Augustanus
1283 1611 1492 1680 confessionis
1513 1617 1604 1704 prin-

272 1719 360 1802 cipes
383 1726 414 1782 et
436 1715 564 1782 ordines
588 1714 703 1780 facturi
726 1715 797 1800 sint,
821 1723 928 1778 utrum
949 1713 993 1779 ad
1016 1711 1188 1778 concilium
1209 1713 1321 1782 venire
1336 1725 1369 1781 et
1381 1716 1417 1781 id
1431 1729 1605 1807 acceptare

273 1819 328 1884 vel
348 1842 498 1885 recusare
521 1817 623 1885 velint
638 1867 645 1882 .
662 1867 670 1882 .
687 1867 694 1882 .

373 1922 523 1989 Ceterum
546 1922 634 2012 quod
657 1919 824 1988 ostenditis
845 1919 956 1985 literas
984 1920 1072 2007 pleni
1101 1921 1243 1986 mandati
1268 1919 1354 1986 Ser¹¹¹
1374 1924 1459 2008 regis
1482 1925 1605 2012 Hispa-

270 2028 344 2092 niae
360 2076 365 2087 .
383 2075 415 2091 ..
439 2049 460 2091 a
480 2026 647 2114 praedicto
669 2023 743 2089 Ill¹¹¹⁰
764 2021 949 2090 marchione
971 2023 1132 2090 Pisoariae
1154 2024 1188 2089 in
1201 2021 1335 2112 publica
1351 2031 1606 2114 congregatione

272 2128 434 2194 exhibitas
458 2139 490 2195 et
512 2130 690 2195 orationem
713 2129 781 2193 eius
804 2125 933 2192 nomine
955 2149 976 2192 a
991 2127 1131 2215 quodam
1150 2127 1281 2193 doctore
1296 2125 1420 2193 ibidem
1433 2133 1609 2197 recitatam

272 2233 533 2320 freqa'entissime
561 2243 594 2298 et
621 2255 665 2298 ex
693 2230 839 2319 professo
867 2230 1037 2317 astipulari
1069 2232 1345 2298 continuationem
1376 2233 1505 2299 concilii
1528 2246 1607 2303 ante

270 2336 381 2424 plures
411 2359 513 2402 annos
542 2336 699 2420 inchoati,
736 2357 775 2400 eo
803 2334 927 2399 moveri
955 2334 1009 2400 vel
1036 2333 1160 2400 turbari
1185 2356 1252 2400 non
1280 2335 1415 2403 debetis.
1444 2361 1520 2403 nam
1553 2349 1605 2404 ut-

271 2461 400 2528 cunque
421 2439 562 2528 Hispani
584 2441 742 2507 acerrime
763 2446 902 2524 urgeant
930 2439 1220 2521 continuationem,
1243 2447 1353 2504 tamen
1373 2440 1437 2504 nisi
1459 2439 1545 2506 Galli
1568 2451 1603 2508 et

269 2541 324 2608 alii
348 2567 477 2632 quoque
498 2545 532 2609 in
554 2544 748 2611 sententiam
769 2539 904 2607 illorum
934 2543 1134 2626 transierint,
1163 2542 1227 2628 ipsi
1254 2540 1314 2608 soli
1343 2539 1423 2606 nihil
1451 2541 1605 2627 efficient,

266 2669 376 2734 neque
406 2655 456 2713 est
484 2647 571 2735 quod
598 2647 661 2714 hoo
688 2648 819 2712 nomine
841 2645 996 2732 deinceps
1019 2667 1093 2712 cum
1116 2647 1277 2732 episcopis
1299 2645 1480 2733 Hispaniae
1502 2646 1604 2711 ullam

271 2747 522 2836 disputationem
549 2750 602 2815 vel
632 2751 859 2815 mactationem
886 2750 1088 2836 suscipiatis,
1123 2770 1198 2815 cnm
1225 2750 1448 2815 existimemus
1476 2759 1606 2815 contro-

269 2853 410 2919 versiam
431 2852 517 2918 hanc
531 2902 540 2917 .
556 2901 590 2918 ..
613 2862 769 2942 tanquam
797 2852 839 2917 ab
868 2853 948 2938 ipsis
977 2850 1096 2939 legatis
1128 2861 1162 2918 et
1190 2851 1339 2940 patribus
1368 2851 1607 2918 dissimulatam

270 2957 348 3022 satis
371 2979 431 3044 per
453 2977 488 3023 se
509 2959 616 3044 ipsam
638 2957 941 3044 conquiescere...

405 3147 466 3214 Vgl.
486 3148 537 3200 den
548 3148 623 3200 Brief
640 3147 687 3199 des
704 3147 736 3198 B.
749 3145 854 3198 Delfino
872 3148 900 3198 ia
912 3144 1013 3198 Pallas.
1030 3149 1055 3212 2,
1073 3149 1132 3198 292.
1160 3143 1261 3212 Obiges
1280 3147 1435 3198 eruiederte
1451 3145 1610 3200 Ferdiuand

337 3233 386 3282 aul
413 3234 455 3284 die
485 3239 554 3285 arete
580 3233 751 3299 Mittheilaug
782 3231 829 3283 der
857 3233 986 3284 Oratoren
1016 3249 1077 3284 vom
1107 3235 1139 3283 l'l
1163 3234 1245 3282 Musa.
1289 3233 1365 3284 Naoh
1392 3234 1525 3300 Empfang
1550 3251 1605 3285 von

339 3317 382 3370 Nr.
401 3317 485 3370 cm
503 3321 607 3372 schriab
628 3337 657 3372 ar
678 3319 758 3370 ihnen
777 3334 819 3370 am
840 3322 869 3372 11
889 3319 963 3386 April
982 3335 1029 3370 aus
1047 3318 1125 3386 Prag'
1136 3319 1268 3386 (Concapt
1290 3321 1317 3368 in
1341 3317 1393 3369 den
1411 3318 1607 3386 senosanam),

337 3403 399 3455 dass
416 3405 455 3456 sie
472 3408 530 3458 sich
548 3407 618 3458 auch
635 3405 723 3456 ferrer
740 3403 788 3455 der
805 3405 969 3473 Anslassung
987 3408 1034 3458 des
1052 3413 1140 3458 ersten
1163 3405 1219 3457 und
1242 3409 1359 3457 amantea
1376 3405 1493 3456 Artikels
1510 3405 1605 3457 wider

338 3499 427 3546 setasn
444 3495 548 3558 solltan,
567 3492 781 3560 quandoquidem
800 3491 852 3542 duo
871 3491 911 3543 illi
929 3493 1034 3544 articuli
1051 3493 1175 3546 videntur
1194 3507 1252 3544 essa
1270 3509 1304 3543 ex
1320 3491 1468 3558 potioribus
1480 3494 1606 3559 etmagis

337 3582 501 3634 necessariis.
537 3580 575 3630 Es
591 3580 627 3630 iat
645 3577 764 3630 offenbar
781 3577 868 3631 dieser
884 3579 960 3632 Briei
975 3580 1095 3632 walchen
1112 3579 1222 3638 Pallan,
1234 3583 1258 3643 2,
1277 3580 1328 3632 288
1346 3579 1387 3630 ala
1409 3593 1472 3628 vom
1495 3580 1511 3628 o
1530 3578 1606 3644 April

337 3667 417 3718 datirt
435 3665 547 3718 anfflhrt
583 3663 674 3718 Ueber
697 3663 749 3716 den
766 3663 900 3732 Emplang
924 3666 971 3720 des
993 3666 1153 3736 spaaischeu
1171 3667 1280 3718 Oratore
1303 3681 1346 3718 am
1371 3665 1402 3718 16
1425 3663 1501 3716 Mars
1523 3679 1547 3720 s.
1564 3665 1605 3716 La

338 3753 441 3816 Plato,
461 3755 519 3806 105.

834 3931 1039 3946 ffl—

839 4163 1029 4252 OLXlll.

550 4383 615 4458 Dr.
644 4381 775 4484 (teorp
804 4382 976 4483 Gieopsr
1002 4402 1048 4457 an
1078 4383 1152 4458 den
1182 4381 1332 4472 Kaisar3

756 4538 854 4602 Lina,
872 4539 888 4590 2
905 4536 1001 4604 April
1021 4537 1111 4588 lota.

557 4723 560 4730 '
605 4741 785 4800 sonaim
810 4741 959 4814 cepaea·
980 4742 1012 4798 a
1033 4747 1127 4814 repo.-
1149 4743 1170 4796 s
1191 4741 1283 4812 lprtt.

371 4922 485 4988 Indem
508 4922 567 4989 der
587 4922 707 4988 Kaiser
729 4945 781 4989 am
804 4923 844 4988 21
868 4922 958 4988 Mara
981 4923 1015 4988 in
1037 4921 1141 5009 Folge
1165 4921 1224 4988 der
1237 4921 1358 4988 Kunde
1380 4941 1446 4988 von
1469 4921 1528 4986 der
1542 4921 1600 4988 Er·

267 5024 445 5114 krankung
460 5025 516 5091 des
531 5025 667 5114 Papstes
683 5026 735 5094 bei
758 5026 825 5092 ihm
847 5027 1019 5114 angelragt
1041 5023 1140 5110 hatte,
1164 5025 1213 5091 ob
1230 5024 1282 5091 die
1305 5024 1487 5092 eventuelle
1501 5023 1599 5092 Wahl
