3460 5826
1339 550 1401 614 lta

134 750 164 798 iu
185 748 233 798 Ns,
252 747 398 800 ccxxvn
416 749 586 800 entbalteuen
602 746 830 812 Versicherungcn
847 743 949 796 hervor.
968 741 1026 794 Alie
1045 740 1236 806 Gutgesinnten
1255 739 1396 790 wunschen

137 836 185 885 die
207 836 384 903 Fortsetsung
401 834 448 886 des
466 835 580 886 Ocurrils.
613 832 690 884 (ihr-²¹i
710 833 845 884 Gallorum
863 833 931 898 regia
951 837 1067 882 oratores
1086 843 1191 894 quoque
1209 827 1278 878 bene
1296 827 1323 876 in
1342 839 1399 876 eam

134 938 198 972 rem
218 924 326 973 animati
350 927 417 986 sunt,
445 921 492 973 sed
511 925 540 972 ut
557 923 607 987 ipsi
625 921 702 971 nobis
725 936 778 970 uon
796 919 877 969 semel
895 917 1058 968 familiariter
1074 931 1133 966 sese
1150 913 1341 980 patefecerunt,
1366 913 1400 962 ob

135 1009 328 1061 calamitosum
339 1009 410 1060 illius
419 1011 494 1075 regni
505 1013 611 1063 statum.
630 1009 674 1073 qui
688 1021 748 1057 cum
760 1005 871 1056 alionum
883 1005 1029 1071 principum
1041 1008 1097 1054 tum
1109 1003 1252 1068 praecipue
1263 998 1308 1050 δ”
1320 1000 1356 1050 D.
1368 999 1400 1050 N.

133 1111 192 1160 ope
213 1103 293 1162 atque
311 1095 411 1146 auxilio
428 1095 569 1160 plurimum
587 1098 655 1160 eget,
673 1092 743 1158 quod
762 1093 871 1158 cupiunt
889 1107 922 1141 ex
935 1092 1021 1142 auimo
1034 1103 1120 1155 neque
1132 1089 1220 1140 verbis
1231 1103 1318 1154 neque
1329 1086 1401 1137 facto

133 1183 199 1248 ipso
213 1184 250 1232 ita
261 1188 353 1249 aperte
365 1181 474 1249 aggredi
492 1181 598 1244 audent,
616 1195 649 1230 ne
668 1180 732 1246 quid
748 1176 908 1230 incommodi
927 1194 960 1228 ex
973 1178 1054 1228 nimio
1072 1176 1263 1228 reformationis
1281 1173 1399 1241 urgendo

134 1268 232 1320 studio
256 1284 289 1318 ac
309 1267 445 1335 diligentia
467 1267 502 1320 ad
519 1284 630 1334 regnum
649 1264 752 1318 Galbae
781 1264 946 1328 redundaret,
971 1265 994 1314 si
1018 1268 1049 1314 ut
1065 1266 1160 1330 putant
1177 1277 1209 1312 ea
1233 1260 1266 1311 de
1283 1276 1312 1311 re
1330 1259 1402 1310 Sffl

133 1354 171 1404 D.
183 1354 218 1405 N.
234 1354 406 1407 offenderent.
418 1355 478 1422 Vgl.
490 1353 558 1405 daun
571 1353 614 1405 die
626 1351 730 1419 Klageu
743 1351 790 1402 der
802 1351 996 1404 frauabsischen
1010 1351 1138 1402 Oratores
1150 1349 1178 1399 in
1186 1348 1225 1398 Le
1235 1346 1297 1399 Plat
1305 1351 1330 1413 t,
1340 1347 1399 1398 646.

621 1761 860 1851 COXXIX.

358 1986 437 2059 Der
463 1985 594 2060 lleiser
620 2007 666 2060 an
696 1986 756 2061 die
784 1981 1115 2078 concinniorem

495 2149 675 2214 Constans,
694 2151 731 2201 17
750 2149 877 2202 Januar
895 2149 984 2200 losa.

475 2331 614 2386 Romana
638 2329 753 2404 Ooncspt
775 2330 832 2386 und
853 2327 1002 2399 aldeola-ist.
1054 2381 1057 2388 .

174 2509 351 2578 Caeterum
379 2519 415 2576 ut
442 2510 536 2577 robis
557 2510 698 2600 benigne
725 2510 979 2600 respondeamus
1001 2510 1044 2577 ad
1067 2509 1100 2577 id
1122 2506 1210 2596 quod
1240 2509 1323 2573 scire
1347 2503 1400 2571 de·

13 2583 15 2674 i
64 2613 232 2698 sideratis,
261 2638 340 2680 uum
370 2616 402 2680 in
434 2613 580 2702 urgenda
608 2615 834 2682 reformatione
864 2614 971 2682 adhuc
1000 2617 1083 2682 inter
1110 2614 1285 2681 modestiae
1317 2613 1398 2678 fines

66 2719 258 2802 consistere,
282 2740 426 2796 anvero,
450 2742 524 2784 cum
545 2719 625 2784 nihil
647 2720 835 2808 proficiatur
855 2719 1020 2806 modestia
1042 2720 1183 2786 acriores
1206 2740 1278 2784 esse
1302 2716 1396 2786 debe-

67 2821 138 2906 atis,
165 2818 363 2888 arbitramur
385 2845 463 2888 sane
486 2846 545 2889 vos
566 2823 662 2889 facile
684 2834 716 2889 et
738 2823 825 2890 clare
847 2825 1053 2912 perspexisse
1077 2847 1119 2890 ex
1140 2824 1179 2888 iis
1198 2823 1296 2890 literis
1313 2845 1397 2910 quas

69 2924 295 3010 superioribus
325 2926 489 2992 mensibus
517 2925 559 2994 ad
580 2951 639 2994 vos
668 2937 766 3016 atque
793 2927 890 2994 etiam
917 2926 960 2993 ad
987 2927 1090 2993 dictos
1120 2927 1190 2992 ΒΜ
1213 2926 1248 2993 Ο.
1271 2926 1395 3014 legatos

66 3025 230 3102 dedimus,
265 3039 385 3117 quanto
409 3029 514 3098 studio
538 3034 644 3097 conati
666 3054 776 3097 sumus
797 3031 860 3098 hoc
881 3033 1051 3119 negocium
1073 3029 1307 3096 reformationis
1331 3028 1397 3094 Ra.

68 3152 183 3197 eorum
212 3131 295 3198 ΡΜ·
318 3133 578 3200 commendatum
605 3133 740 3201 reddere
770 3143 802 3201 et
831 3137 949 3201 instare
976 3143 1012 3200 ut
1034 3157 1072 3200 ea
1100 3136 1186 3200 omni
1209 3134 1396 3220 dogmatum

69 3237 259 3302 tractationi
287 3245 535 3324 anteponeretur
557 3248 721 3326 tamquam
743 3239 847 3324 magis
870 3239 1063 3322 necessaria,
1087 3261 1169 3325 quae
1192 3235 1321 3325 quidem
1344 3258 1395 3300 res

69 3337 112 3400 ita
133 3338 233 3406 nobis
257 3363 335 3406 cura
362 3340 423 3405 fuit
444 3352 480 3406 ut
501 3339 599 3428 plane
622 3343 913 3407 existimaverimus
941 3339 1095 3406 hocloco
1118 3339 1241 3406 nullum
1263 3362 1397 3427 prorsus

68 3441 264 3531 cuiusquam
285 3442 449 3510 hominum
472 3452 656 3531 respectum
676 3444 770 3511 nobis
792 3443 976 3510 habendum
993 3463 1073 3528 esse,
1097 3443 1155 3508 sed
1168 3441 1274 3508 officio
1287 3451 1396 3509 nostro

67 3565 224 3612 caesareo
247 3547 392 3635 inprimis
415 3548 612 3632 incumbere,
636 3556 761 3612 utrem
784 3570 881 3636 quam
903 3549 1057 3614 acerrime
1080 3569 1277 3633 urgeremus,
1300 3546 1346 3611 ita
1360 3555 1396 3613 ut

67 3644 186 3734 legatia
207 3650 286 3736 ipsis
302 3650 500 3716 eiuscemodi
514 3661 625 3716 nostra
641 3651 813 3718 assiduitas
829 3649 1052 3738 procurandae
1067 3651 1303 3716 reformationis
1318 3673 1395 3716 uon-

68 3771 246 3840 numquam
262 3752 368 3818 taedio
384 3761 417 3818 et
431 3753 562 3820 fastidio
585 3754 683 3819 fuisse
706 3755 777 3820 visa
800 3764 856 3820 est
881 3755 939 3820 sed
962 3755 1050 3844 quod
1073 3753 1209 3821 antehac
1230 3753 1310 3820 nihil
1326 3753 1395 3820 sive

69 3860 134 3920 tam
165 3878 282 3942 parum
310 3855 558 3943 profecerimus,
593 3881 692 3924 causa
720 3858 781 3924 fuit
808 3858 896 3947 quod
918 3882 960 3924 ex
981 3858 1113 3946 regibus
1144 3869 1176 3924 et
1197 3859 1396 3946 principibus

70 3955 237 4023 christiani
260 3957 356 4042 orbis,
379 3960 499 4025 nedum
522 3984 563 4060 ex
586 3959 739 4048 praelatis
761 3961 869 4028 nullos
884 3961 984 4028 ferme
999 3961 1207 4029 habuerimus
1223 3963 1395 4028 adiutores.

71 4057 159 4128 Galli
176 4084 314 4149 nemque
330 4073 362 4128 et
376 4062 516 4150 Hispani
534 4063 692 4152 principio
715 4088 780 4130 non
802 4065 982 4149 adfuerunt,
1007 4066 1086 4132 alios
1109 4077 1215 4132 autern
1236 4067 1397 4153 principes

71 4171 101 4226 et
122 4164 262 4252 populos
291 4167 576 4232 animadvertimus
608 4166 651 4231 ad
672 4167 736 4234 hoc
762 4169 927 4254 negotium
955 4169 1190 4235 reformationis
1218 4191 1283 4235 non
1317 4169 1395 4234 satis

72 4267 229 4333 animatos
253 4278 284 4333 et
306 4293 484 4358 propensos
507 4271 653 4336 extitisse
676 4293 715 4336 ac
737 4269 908 4358 diligenter
931 4273 992 4338 sibi
1016 4272 1195 4339 cavendum
1218 4273 1392 4357 censuisse,

71 4389 109 4432 ne
125 4369 188 4436 hoc
202 4373 331 4438 nomine
347 4375 378 4437 in
396 4375 585 4461 cuiusquam
601 4373 808 4439 offensionem
831 4375 1044 4460 incurrereut;
1067 4398 1126 4440 nos
1149 4397 1226 4441 vero
1250 4374 1308 4441 soli
1324 4375 1393 4442 sine

73 4470 206 4538 aliorum
228 4477 411 4541 assistentia
434 4486 466 4542 et
488 4475 609 4542 auxilio
630 4475 693 4543 hoc
715 4474 843 4542 turbato
865 4501 972 4543 rerum
987 4487 1019 4543 et
1033 4487 1212 4566 temporum
1229 4489 1313 4545 statu
1328 4489 1391 4545 tarn

71 4575 204 4640 arduum
228 4579 408 4645 institutum
430 4579 593 4667 publicam
616 4579 786 4646 utilitatem
803 4603 999 4646 concernens
1016 4581 1103 4668 quod
1118 4581 1226 4648 multis
1242 4593 1291 4648 est
1306 4605 1392 4648 ama·

74 4695 142 4741 rum
164 4679 207 4744 ad
229 4681 377 4747 effectum
399 4683 577 4769 perducere
599 4706 665 4748 non
686 4684 858 4770 potuimus,
882 4693 913 4748 et
936 4683 977 4749 ob
993 4682 1078 4750 hanc
1093 4708 1222 4750 causam
1239 4684 1391 4774 aliquam-

76 4775 126 4842 diu
150 4784 347 4850 cessavimus
370 4787 573 4873 saepedictos
591 4785 715 4874 legatos
730 4785 793 4852 hoo
808 4787 936 4852 nomine
952 4790 1081 4875 saepius
1109 4798 1165 4853 aut
1179 4790 1391 4876 importunius

76 4879 284 4972 interpellare,
314 4891 500 4976 praesertim
529 4892 750 4976 promittentes
778 4911 812 4955 se
840 4889 921 4955 alias
944 4893 1051 4978 capita
1082 4882 1326 4975 reformationis,
1358 4903 1392 4957 ut

74 4983 229 5054 habentur
260 4991 293 5056 iu
320 4989 402 5058 libro
431 4991 474 5057 ad
503 4991 559 5056 P¹⁰'
582 5014 693 5056 eorum
714 4991 786 5056 ΒΜ·
809 4995 1005 5080 transmisso,
1034 4994 1196 5088 sigillatim
1219 4994 1387 5062 commodo

77 5111 198 5182 quoque
220 5102 365 5184 tempore
387 5095 420 5161 in
443 5095 578 5166 concilio
601 5095 821 5186 propositurus
846 5121 926 5166 esse.
