<?xml version="1.0" encoding="UTF-8"?>
<!DOCTYPE html PUBLIC "-//W3C//DTD XHTML 1.0 Transitional//EN"
    "http://www.w3.org/TR/xhtml1/DTD/xhtml1-transitional.dtd">
<html xmlns="http://www.w3.org/1999/xhtml" xml:lang="en" lang="en">
 <head>
  <title>
</title>
<meta http-equiv="Content-Type" content="text/html;charset=utf-8" />
  <meta name='ocr-system' content='tesseract 3.04.00' />
  <meta name='ocr-capabilities' content='ocr_page ocr_carea ocr_par ocr_line ocrx_word'/>
</head>
<body>
  <div class='ocr_page' id='page_1' title='image "./zurgeschichtede00unkngoog/zurgeschichtede00unkngoog_0294.png"; bbox 0 0 3450 5818; ppageno 0'>
   <div class='ocr_carea' id='block_1_1' title="bbox 1351 511 1414 580">
    <p class='ocr_par' dir='ltr' id='par_1_1' title="bbox 1351 511 1414 580">
     <span class='ocr_line' id='line_1_1' title="bbox 1351 511 1414 580; baseline 0.032 -2"><span class='ocrx_word' id='word_1_1' title='bbox 1351 511 1414 580; x_wconf 71' lang='lat' dir='ltr'><strong>m</strong></span> 
     </span>
    </p>
   </div>
   <div class='ocr_carea' id='block_1_2' title="bbox 88 695 1417 1918">
    <p class='ocr_par' dir='ltr' id='par_1_2' title="bbox 88 695 1417 1918">
     <span class='ocr_line' id='line_1_2' title="bbox 180 695 1413 791; baseline 0.002 -25"><span class='ocrx_word' id='word_1_2' title='bbox 180 695 357 769; x_wconf 86' lang='lat' dir='ltr'><strong>Praeterea</strong></span> <span class='ocrx_word' id='word_1_3' title='bbox 378 695 518 768; x_wconf 85' lang='lat' dir='ltr'><strong>vidimus</strong></span> <span class='ocrx_word' id='word_1_4' title='bbox 539 717 733 789; x_wconf 87' lang='lat' dir='ltr'><strong>responsum</strong></span> <span class='ocrx_word' id='word_1_5' title='bbox 755 696 837 768; x_wconf 90' lang='lat' dir='ltr'><strong>illud</strong></span> <span class='ocrx_word' id='word_1_6' title='bbox 861 699 975 768; x_wconf 91' lang='lat' dir='ltr'><strong>summi</strong></span> <span class='ocrx_word' id='word_1_7' title='bbox 991 701 1152 789; x_wconf 88' lang='lat' dir='ltr'><strong>pontilicis</strong></span> <span class='ocrx_word' id='word_1_8' title='bbox 1167 699 1255 791; x_wconf 88' lang='lat' dir='ltr'><strong>quod</strong></span> <span class='ocrx_word' id='word_1_9' title='bbox 1273 702 1327 768; x_wconf 73' lang='lat'><strong>8⁸⁸·</strong></span> <span class='ocrx_word' id='word_1_10' title='bbox 1343 703 1413 768; x_wconf 87' lang='lat' dir='ltr'><strong>eius</strong></span> 
     </span>
     <span class='ocr_line' id='line_1_3' title="bbox 93 805 1416 893; baseline -0.001 -23"><span class='ocrx_word' id='word_1_11' title='bbox 93 807 201 870; x_wconf 85' lang='lat' dir='ltr'><strong>oratori</strong></span> <span class='ocrx_word' id='word_1_12' title='bbox 223 815 335 871; x_wconf 91' lang='lat' dir='ltr'><strong>nostro</strong></span> <span class='ocrx_word' id='word_1_13' title='bbox 352 853 359 870; x_wconf 93' lang='lat'><strong>.</strong></span> <span class='ocrx_word' id='word_1_14' title='bbox 376 855 408 870; x_wconf 93' lang='lat'><strong>..</strong></span> <span class='ocrx_word' id='word_1_15' title='bbox 432 807 591 893; x_wconf 88' lang='lat' dir='ltr'><strong>Prospero</strong></span> <span class='ocrx_word' id='word_1_16' title='bbox 616 807 724 871; x_wconf 85' lang='lat' dir='ltr'><strong>comiti</strong></span> <span class='ocrx_word' id='word_1_17' title='bbox 746 806 848 872; x_wconf 87' lang='lat' dir='ltr'><strong>Archi</strong></span> <span class='ocrx_word' id='word_1_18' title='bbox 878 805 920 870; x_wconf 89' lang='lat' dir='ltr'><strong>ad</strong></span> <span class='ocrx_word' id='word_1_19' title='bbox 949 808 1132 872; x_wconf 78' lang='lat' dir='ltr'><strong>instantiam</strong></span> <span class='ocrx_word' id='word_1_20' title='bbox 1161 816 1305 872; x_wconf 83' lang='lat' dir='ltr'><strong>vestram</strong></span> <span class='ocrx_word' id='word_1_21' title='bbox 1327 805 1416 872; x_wconf 82' lang='lat' dir='ltr'><strong>dedit</strong></span> 
     </span>
     <span class='ocr_line' id='line_1_4' title="bbox 92 907 1416 996; baseline 0.002 -25"><span class='ocrx_word' id='word_1_22' title='bbox 92 908 180 994; x_wconf 87' lang='lat' dir='ltr'><strong>idque</strong></span> <span class='ocrx_word' id='word_1_23' title='bbox 208 907 306 974; x_wconf 88' lang='lat' dir='ltr'><strong>valde</strong></span> <span class='ocrx_word' id='word_1_24' title='bbox 335 907 472 974; x_wconf 79' lang='lat' dir='ltr'>libenter</span> <span class='ocrx_word' id='word_1_25' title='bbox 494 910 721 994; x_wconf 87' lang='lat' dir='ltr'><strong>cognovimus,</strong></span> <span class='ocrx_word' id='word_1_26' title='bbox 752 907 839 995; x_wconf 89' lang='lat' dir='ltr'><strong>quod</strong></span> <span class='ocrx_word' id='word_1_27' title='bbox 861 909 917 972; x_wconf 76' lang='lat'><strong>8²¹·</strong></span> <span class='ocrx_word' id='word_1_28' title='bbox 940 909 973 974; x_wconf 84' lang='lat' dir='ltr'><strong>S.</strong></span> <span class='ocrx_word' id='word_1_29' title='bbox 996 909 1101 974; x_wconf 82' lang='lat' dir='ltr'><strong>videri</strong></span> <span class='ocrx_word' id='word_1_30' title='bbox 1123 907 1203 975; x_wconf 93' lang='lat' dir='ltr'><strong>nolit</strong></span> <span class='ocrx_word' id='word_1_31' title='bbox 1225 932 1260 976; x_wconf 89' lang='lat' dir='ltr'><strong>se</strong></span> <span class='ocrx_word' id='word_1_32' title='bbox 1282 907 1416 996; x_wconf 85' lang='lat' dir='ltr'><strong>regendi</strong></span> 
     </span>
     <span class='ocr_line' id='line_1_5' title="bbox 90 1011 1416 1100; baseline 0.002 -26"><span class='ocrx_word' id='word_1_33' title='bbox 90 1019 118 1074; x_wconf 88' lang='lat' dir='ltr'><strong>et</strong></span> <span class='ocrx_word' id='word_1_34' title='bbox 137 1011 326 1076; x_wconf 88' lang='lat' dir='ltr'><strong>moderandi</strong></span> <span class='ocrx_word' id='word_1_35' title='bbox 348 1033 407 1098; x_wconf 93' lang='lat' dir='ltr'><strong>pro</strong></span> <span class='ocrx_word' id='word_1_36' title='bbox 429 1011 520 1077; x_wconf 91' lang='lat' dir='ltr'><strong>libito</strong></span> <span class='ocrx_word' id='word_1_37' title='bbox 549 1011 677 1078; x_wconf 86' lang='lat' dir='ltr'><strong>concilii</strong></span> <span class='ocrx_word' id='word_1_38' title='bbox 705 1021 814 1100; x_wconf 89' lang='lat' dir='ltr'><strong>partes</strong></span> <span class='ocrx_word' id='word_1_39' title='bbox 845 1014 1018 1094; x_wconf 88' lang='lat' dir='ltr'><strong>sustinere,</strong></span> <span class='ocrx_word' id='word_1_40' title='bbox 1047 1035 1184 1100; x_wconf 90' lang='lat' dir='ltr'><strong>eamque</strong></span> <span class='ocrx_word' id='word_1_41' title='bbox 1212 1012 1254 1078; x_wconf 93' lang='lat' dir='ltr'><strong>ob</strong></span> <span class='ocrx_word' id='word_1_42' title='bbox 1283 1032 1416 1077; x_wconf 85' lang='lat' dir='ltr'><strong>causam</strong></span> 
     </span>
     <span class='ocr_line' id='line_1_6' title="bbox 89 1114 1417 1201; baseline 0.002 -23"><span class='ocrx_word' id='word_1_43' title='bbox 89 1114 175 1179; x_wconf 82' lang='lat' dir='ltr'><strong>vobis</strong></span> <span class='ocrx_word' id='word_1_44' title='bbox 198 1114 375 1180; x_wconf 83' lang='lat' dir='ltr'><strong>clementer</strong></span> <span class='ocrx_word' id='word_1_45' title='bbox 402 1115 615 1200; x_wconf 82' lang='lat' dir='ltr'><strong>iniungimus,</strong></span> <span class='ocrx_word' id='word_1_46' title='bbox 645 1137 686 1179; x_wconf 94' lang='lat' dir='ltr'><strong>ne</strong></span> <span class='ocrx_word' id='word_1_47' title='bbox 715 1115 868 1201; x_wconf 80' lang='lat' dir='ltr'>deinceps</span> <span class='ocrx_word' id='word_1_48' title='bbox 900 1115 994 1179; x_wconf 84' lang='lat' dir='ltr'><strong>ullius</strong></span> <span class='ocrx_word' id='word_1_49' title='bbox 1024 1115 1221 1182; x_wconf 81' lang='lat' dir='ltr'><strong>difficultau&#39;e</strong></span> <span class='ocrx_word' id='word_1_50' title='bbox 1251 1133 1351 1182; x_wconf 84' lang='lat' dir='ltr'><strong>causa</strong></span> <span class='ocrx_word' id='word_1_51' title='bbox 1373 1114 1417 1180; x_wconf 87' lang='lat' dir='ltr'><strong>ad</strong></span> 
     </span>
     <span class='ocr_line' id='line_1_7' title="bbox 91 1216 1415 1305; baseline 0.001 -23"><span class='ocrx_word' id='word_1_52' title='bbox 91 1217 271 1304; x_wconf 86' lang='lat' dir='ltr'><strong>pontificem</strong></span> <span class='ocrx_word' id='word_1_53' title='bbox 293 1219 483 1300; x_wconf 72' lang='lat' dir='ltr'>recurratis,</span> <span class='ocrx_word' id='word_1_54' title='bbox 511 1217 569 1283; x_wconf 89' lang='lat' dir='ltr'><strong>sed</strong></span> <span class='ocrx_word' id='word_1_55' title='bbox 591 1218 699 1282; x_wconf 85' lang='lat' dir='ltr'><strong>omnia</strong></span> <span class='ocrx_word' id='word_1_56' title='bbox 721 1216 764 1282; x_wconf 94' lang='lat' dir='ltr'><strong>ad</strong></span> <span class='ocrx_word' id='word_1_57' title='bbox 786 1219 858 1281; x_wconf 77' lang='lat' dir='ltr'>R¹²⁰⁸</span> <span class='ocrx_word' id='word_1_58' title='bbox 881 1216 1005 1304; x_wconf 89' lang='lat' dir='ltr'><strong>legatos</strong></span> <span class='ocrx_word' id='word_1_59' title='bbox 1027 1218 1184 1298; x_wconf 87' lang='lat' dir='ltr'><strong>referatis,</strong></span> <span class='ocrx_word' id='word_1_60' title='bbox 1209 1227 1265 1283; x_wconf 89' lang='lat' dir='ltr'><strong>aut</strong></span> <span class='ocrx_word' id='word_1_61' title='bbox 1287 1220 1314 1282; x_wconf 90' lang='lat' dir='ltr'><strong>si</strong></span> <span class='ocrx_word' id='word_1_62' title='bbox 1337 1217 1415 1305; x_wconf 91' lang='lat' dir='ltr'><strong>quid</strong></span> 
     </span>
     <span class='ocr_line' id='line_1_8' title="bbox 90 1317 1415 1408; baseline 0 -24"><span class='ocrx_word' id='word_1_63' title='bbox 90 1321 216 1405; x_wconf 63' lang='lat' dir='ltr'><strong>parius</strong></span> <span class='ocrx_word' id='word_1_64' title='bbox 240 1329 389 1386; x_wconf 91' lang='lat' dir='ltr'><strong>occurrat</strong></span> <span class='ocrx_word' id='word_1_65' title='bbox 413 1319 498 1407; x_wconf 93' lang='lat' dir='ltr'><strong>quod</strong></span> <span class='ocrx_word' id='word_1_66' title='bbox 520 1319 576 1384; x_wconf 83' lang='lat' dir='ltr'><strong>R¹¹¹¹</strong></span> <span class='ocrx_word' id='word_1_67' title='bbox 598 1319 696 1406; x_wconf 89' lang='lat' dir='ltr'><strong>legati</strong></span> <span class='ocrx_word' id='word_1_68' title='bbox 718 1317 821 1385; x_wconf 85' lang='lat' dir='ltr'><strong>nolint</strong></span> <span class='ocrx_word' id='word_1_69' title='bbox 844 1328 986 1384; x_wconf 88' lang='lat' dir='ltr'><strong>autnon</strong></span> <span class='ocrx_word' id='word_1_70' title='bbox 1008 1322 1134 1406; x_wconf 85' lang='lat' dir='ltr'><strong>possint</strong></span> <span class='ocrx_word' id='word_1_71' title='bbox 1155 1320 1332 1408; x_wconf 88' lang='lat' dir='ltr'><strong>explicare,</strong></span> <span class='ocrx_word' id='word_1_72' title='bbox 1354 1341 1415 1386; x_wconf 87' lang='lat' dir='ltr'><strong>nos</strong></span> 
     </span>
     <span class='ocr_line' id='line_1_9' title="bbox 90 1421 1413 1510; baseline 0.002 -25"><span class='ocrx_word' id='word_1_73' title='bbox 90 1421 125 1488; x_wconf 92' lang='lat' dir='ltr'><strong>de</strong></span> <span class='ocrx_word' id='word_1_74' title='bbox 145 1446 183 1489; x_wconf 92' lang='lat' dir='ltr'><strong>eo</strong></span> <span class='ocrx_word' id='word_1_75' title='bbox 208 1445 306 1510; x_wconf 87' lang='lat' dir='ltr'><strong>quam</strong></span> <span class='ocrx_word' id='word_1_76' title='bbox 328 1424 467 1509; x_wconf 90' lang='lat' dir='ltr'><strong>primum</strong></span> <span class='ocrx_word' id='word_1_77' title='bbox 482 1445 540 1510; x_wconf 93' lang='lat' dir='ltr'><strong>per</strong></span> <span class='ocrx_word' id='word_1_78' title='bbox 555 1423 719 1508; x_wconf 85' lang='lat' dir='ltr'><strong>propriam</strong></span> <span class='ocrx_word' id='word_1_79' title='bbox 734 1431 860 1507; x_wconf 90' lang='lat' dir='ltr'><strong>postam</strong></span> <span class='ocrx_word' id='word_1_80' title='bbox 876 1422 1029 1487; x_wconf 78' lang='lat' dir='ltr'><strong>certiores</strong></span> <span class='ocrx_word' id='word_1_81' title='bbox 1045 1421 1188 1487; x_wconf 88' lang='lat' dir='ltr'><strong>reddatis</strong></span> <span class='ocrx_word' id='word_1_82' title='bbox 1204 1433 1413 1510; x_wconf 77' lang='lat' dir='ltr'><strong>nostramque</strong></span> 
     </span>
     <span class='ocr_line' id='line_1_10' title="bbox 89 1523 1412 1612; baseline 0.001 -24"><span class='ocrx_word' id='word_1_83' title='bbox 89 1524 311 1590; x_wconf 81' lang='lat' dir='ltr'><strong>resolutionem</strong></span> <span class='ocrx_word' id='word_1_84' title='bbox 335 1524 473 1612; x_wconf 85' lang='lat' dir='ltr'><strong>desuper</strong></span> <span class='ocrx_word' id='word_1_85' title='bbox 495 1525 689 1610; x_wconf 81' lang='lat' dir='ltr'><strong>expectetis,</strong></span> <span class='ocrx_word' id='word_1_86' title='bbox 720 1547 760 1588; x_wconf 91' lang='lat' dir='ltr'><strong>ne</strong></span> <span class='ocrx_word' id='word_1_87' title='bbox 791 1523 872 1589; x_wconf 85' lang='lat' dir='ltr'><strong>forte</strong></span> <span class='ocrx_word' id='word_1_88' title='bbox 900 1523 1076 1588; x_wconf 80' lang='lat' dir='ltr'><strong>videamini</strong></span> <span class='ocrx_word' id='word_1_89' title='bbox 1099 1525 1195 1611; x_wconf 92' lang='lat' dir='ltr'><strong>primi</strong></span> <span class='ocrx_word' id='word_1_90' title='bbox 1217 1523 1355 1590; x_wconf 90' lang='lat' dir='ltr'><strong>deficere</strong></span> <span class='ocrx_word' id='word_1_91' title='bbox 1378 1526 1412 1589; x_wconf 89' lang='lat' dir='ltr'><strong>iu</strong></span> 
     </span>
     <span class='ocr_line' id='line_1_11' title="bbox 89 1625 1412 1714; baseline 0.002 -24"><span class='ocrx_word' id='word_1_92' title='bbox 89 1649 123 1692; x_wconf 88' lang='lat' dir='ltr'><strong>eo</strong></span> <span class='ocrx_word' id='word_1_93' title='bbox 144 1625 233 1714; x_wconf 93' lang='lat' dir='ltr'><strong>quod</strong></span> <span class='ocrx_word' id='word_1_94' title='bbox 255 1651 314 1693; x_wconf 90' lang='lat' dir='ltr'><strong>nos</strong></span> <span class='ocrx_word' id='word_1_95' title='bbox 337 1627 479 1692; x_wconf 81' lang='lat' dir='ltr'><strong>maxime</strong></span> <span class='ocrx_word' id='word_1_96' title='bbox 500 1625 762 1714; x_wconf 87' lang='lat' dir='ltr'><strong>praecavendum</strong></span> <span class='ocrx_word' id='word_1_97' title='bbox 785 1626 964 1708; x_wconf 82' lang='lat' dir='ltr'><strong>statuimus,</strong></span> <span class='ocrx_word' id='word_1_98' title='bbox 987 1648 1028 1692; x_wconf 90' lang='lat' dir='ltr'><strong>ne</strong></span> <span class='ocrx_word' id='word_1_99' title='bbox 1051 1625 1175 1692; x_wconf 90' lang='lat' dir='ltr'><strong>scilicet</strong></span> <span class='ocrx_word' id='word_1_100' title='bbox 1189 1626 1321 1694; x_wconf 89' lang='lat' dir='ltr'><strong>libertas</strong></span> <span class='ocrx_word' id='word_1_101' title='bbox 1337 1650 1412 1693; x_wconf 89' lang='lat' dir='ltr'><strong>con-</strong></span> 
     </span>
     <span class='ocr_line' id='line_1_12' title="bbox 89 1727 1416 1818; baseline 0.002 -24"><span class='ocrx_word' id='word_1_102' title='bbox 89 1729 147 1794; x_wconf 90' lang='lat' dir='ltr'><strong>cilii</strong></span> <span class='ocrx_word' id='word_1_103' title='bbox 172 1753 193 1795; x_wconf 90' lang='lat' dir='ltr'><strong>a</strong></span> <span class='ocrx_word' id='word_1_104' title='bbox 216 1753 381 1818; x_wconf 88' lang='lat' dir='ltr'><strong>quoquam</strong></span> <span class='ocrx_word' id='word_1_105' title='bbox 404 1728 549 1812; x_wconf 92' lang='lat' dir='ltr'><strong>homine,</strong></span> <span class='ocrx_word' id='word_1_106' title='bbox 581 1730 802 1817; x_wconf 89' lang='lat' dir='ltr'><strong>cuiuscunque</strong></span> <span class='ocrx_word' id='word_1_107' title='bbox 826 1738 928 1794; x_wconf 85' lang='lat' dir='ltr'><strong>status</strong></span> <span class='ocrx_word' id='word_1_108' title='bbox 950 1727 1070 1816; x_wconf 83' lang='lat' dir='ltr'><strong>gradus</strong></span> <span class='ocrx_word' id='word_1_109' title='bbox 1093 1729 1215 1796; x_wconf 86' lang='lat' dir='ltr'><strong>ordinis</strong></span> <span class='ocrx_word' id='word_1_110' title='bbox 1238 1729 1291 1796; x_wconf 87' lang='lat' dir='ltr'><strong>vel</strong></span> <span class='ocrx_word' id='word_1_111' title='bbox 1314 1727 1416 1816; x_wconf 82' lang='lat' dir='ltr'><strong>digni·</strong></span> 
     </span>
     <span class='ocr_line' id='line_1_13' title="bbox 88 1831 915 1918; baseline 0.002 -20"><span class='ocrx_word' id='word_1_112' title='bbox 88 1836 155 1898; x_wconf 84' lang='lat' dir='ltr'><strong>tatis</strong></span> <span class='ocrx_word' id='word_1_113' title='bbox 178 1833 309 1918; x_wconf 86' lang='lat' dir='ltr'><strong>existat,</strong></span> <span class='ocrx_word' id='word_1_114' title='bbox 334 1832 530 1898; x_wconf 79' lang='lat' dir='ltr'><strong>diminuatrrr</strong></span> <span class='ocrx_word' id='word_1_115' title='bbox 551 1841 608 1899; x_wconf 89' lang='lat' dir='ltr'><strong>aut</strong></span> <span class='ocrx_word' id='word_1_116' title='bbox 629 1831 915 1900; x_wconf 83' lang='lat' dir='ltr'><strong>labefactetur...</strong></span> 
     </span>
    </p>
   </div>
   <div class='ocr_carea' id='block_1_3' title="bbox 139 2020 1415 2262">
    <p class='ocr_par' dir='ltr' id='par_1_3' title="bbox 139 2020 1415 2262">
     <span class='ocr_line' id='line_1_14' title="bbox 139 2020 1412 2092; baseline 0.002 -20"><span class='ocrx_word' id='word_1_117' title='bbox 139 2037 144 2048; x_wconf 67' lang='lat'><strong>¹</strong></span> <span class='ocrx_word' id='word_1_118' title='bbox 222 2021 375 2079; x_wconf 77' lang='lat' dir='ltr'><strong>Perdinsnd</strong></span> <span class='ocrx_word' id='word_1_119' title='bbox 392 2029 532 2075; x_wconf 78' lang='lat' dir='ltr'><strong>nntwortet</strong></span> <span class='ocrx_word' id='word_1_120' title='bbox 548 2022 606 2074; x_wconf 89' lang='lat' dir='ltr'><strong>hier</strong></span> <span class='ocrx_word' id='word_1_121' title='bbox 623 2020 670 2072; x_wconf 84' lang='lat' dir='ltr'><strong>anf</strong></span> <span class='ocrx_word' id='word_1_122' title='bbox 686 2023 745 2074; x_wconf 90' lang='lat' dir='ltr'><strong>eine</strong></span> <span class='ocrx_word' id='word_1_123' title='bbox 763 2023 837 2074; x_wconf 87' lang='lat' dir='ltr'><strong>nicht</strong></span> <span class='ocrx_word' id='word_1_124' title='bbox 855 2023 990 2076; x_wconf 84' lang='lat' dir='ltr'><strong>erhsltene</strong></span> <span class='ocrx_word' id='word_1_125' title='bbox 1001 2025 1143 2092; x_wconf 85' lang='lat' dir='ltr'><strong>Depesche</strong></span> <span class='ocrx_word' id='word_1_126' title='bbox 1161 2039 1222 2076; x_wconf 86' lang='lat' dir='ltr'><strong>vom</strong></span> <span class='ocrx_word' id='word_1_127' title='bbox 1240 2026 1274 2075; x_wconf 73' lang='lat'><strong>26</strong></span> <span class='ocrx_word' id='word_1_128' title='bbox 1287 2023 1412 2086; x_wconf 80' lang='lat' dir='ltr'><strong>Februar,</strong></span> 
     </span>
     <span class='ocr_line' id='line_1_15' title="bbox 150 2108 1415 2178; baseline -0.001 -18"><span class='ocrx_word' id='word_1_129' title='bbox 150 2109 307 2161; x_wconf 80' lang='lat' dir='ltr'><strong>inwelcher</strong></span> <span class='ocrx_word' id='word_1_130' title='bbox 326 2109 369 2160; x_wconf 89' lang='lat' dir='ltr'><strong>die</strong></span> <span class='ocrx_word' id='word_1_131' title='bbox 386 2109 514 2162; x_wconf 85' lang='lat' dir='ltr'><strong>Oratoren</strong></span> <span class='ocrx_word' id='word_1_132' title='bbox 532 2111 598 2161; x_wconf 86' lang='lat' dir='ltr'><strong>tlber</strong></span> <span class='ocrx_word' id='word_1_133' title='bbox 621 2109 664 2158; x_wconf 90' lang='lat' dir='ltr'><strong>die</strong></span> <span class='ocrx_word' id='word_1_134' title='bbox 683 2108 793 2174; x_wconf 76' lang='lat' dir='ltr'><strong>Sitzung</strong></span> <span class='ocrx_word' id='word_1_135' title='bbox 815 2109 901 2162; x_wconf 86' lang='lat' dir='ltr'><strong>dieses</strong></span> <span class='ocrx_word' id='word_1_136' title='bbox 925 2112 1012 2178; x_wconf 75' lang='lat' dir='ltr'><strong>Tages</strong></span> <span class='ocrx_word' id='word_1_137' title='bbox 1036 2112 1165 2162; x_wconf 83' lang='lat' dir='ltr'><strong>beriehtet</strong></span> <span class='ocrx_word' id='word_1_138' title='bbox 1188 2111 1275 2162; x_wconf 86' lang='lat' dir='ltr'><strong>haben</strong></span> <span class='ocrx_word' id='word_1_139' title='bbox 1298 2110 1415 2162; x_wconf 82' lang='lat' dir='ltr'><strong>werden.</strong></span> 
     </span>
     <span class='ocr_line' id='line_1_16' title="bbox 152 2195 1118 2262; baseline 0.005 -16"><span class='ocrx_word' id='word_1_140' title='bbox 152 2196 213 2262; x_wconf 72' lang='lat' dir='ltr'><strong>Vgl.</strong></span> <span class='ocrx_word' id='word_1_141' title='bbox 233 2195 363 2248; x_wconf 81' lang='lat' dir='ltr'><strong>Bucholtr</strong></span> <span class='ocrx_word' id='word_1_142' title='bbox 380 2197 404 2260; x_wconf 84' lang='lat'><strong>8,</strong></span> <span class='ocrx_word' id='word_1_143' title='bbox 421 2198 480 2248; x_wconf 74' lang='grc'><strong>426.</strong></span> <span class='ocrx_word' id='word_1_144' title='bbox 515 2197 576 2248; x_wconf 89' lang='lat' dir='ltr'><strong>Den</strong></span> <span class='ocrx_word' id='word_1_145' title='bbox 594 2195 797 2262; x_wconf 80' lang='lat' dir='ltr'><strong>Schlusspassus</strong></span> <span class='ocrx_word' id='word_1_146' title='bbox 816 2196 941 2250; x_wconf 69' lang='lat' dir='ltr'><strong>erltutert</strong></span> <span class='ocrx_word' id='word_1_147' title='bbox 959 2198 1003 2254; x_wconf 85' lang='lat' dir='ltr'><strong>Nr.</strong></span> <span class='ocrx_word' id='word_1_148' title='bbox 1021 2198 1118 2252; x_wconf 82' lang='lat' dir='ltr'>CLIII.</span> 
     </span>
    </p>
   </div>
   <div class='ocr_carea' id='block_1_4' title="bbox 682 2606 834 2691">
    <p class='ocr_par' dir='ltr' id='par_1_4' title="bbox 682 2606 834 2691">
     <span class='ocr_line' id='line_1_17' title="bbox 682 2606 834 2691; baseline -0.007 0"><span class='ocrx_word' id='word_1_149' title='bbox 682 2606 834 2691; x_wconf 82' lang='lat' dir='ltr'>CLIX.</span> 
     </span>
    </p>
   </div>
   <div class='ocr_carea' id='block_1_5' title="bbox 397 2822 1116 2920">
    <p class='ocr_par' dir='ltr' id='par_1_5' title="bbox 397 2822 1116 2920">
     <span class='ocr_line' id='line_1_18' title="bbox 397 2822 1116 2920; baseline 0.001 -25"><span class='ocrx_word' id='word_1_150' title='bbox 397 2822 592 2920; x_wconf 78' lang='lat' dir='ltr'><strong>Prospero</strong></span> <span class='ocrx_word' id='word_1_151' title='bbox 620 2823 760 2900; x_wconf 84' lang='lat' dir='ltr'><strong>d’Arco</strong></span> <span class='ocrx_word' id='word_1_152' title='bbox 788 2843 833 2898; x_wconf 86' lang='lat' dir='ltr'><strong>so</strong></span> <span class='ocrx_word' id='word_1_153' title='bbox 863 2825 936 2898; x_wconf 87' lang='lat' dir='ltr'><strong>den</strong></span> <span class='ocrx_word' id='word_1_154' title='bbox 966 2823 1116 2916; x_wconf 62' lang='lat' dir='ltr'><strong>Kaleon</strong></span> 
     </span>
    </p>
   </div>
   <div class='ocr_carea' id='block_1_6' title="bbox 574 2994 939 3060">
    <p class='ocr_par' dir='ltr' id='par_1_6' title="bbox 574 2994 939 3060">
     <span class='ocr_line' id='line_1_19' title="bbox 574 2994 939 3060; baseline -0.005 -15"><span class='ocrx_word' id='word_1_155' title='bbox 574 2994 663 3060; x_wconf 83' lang='lat' dir='ltr'><strong>Rom,</strong></span> <span class='ocrx_word' id='word_1_156' title='bbox 682 2997 717 3048; x_wconf 74' lang='lat'><strong>‘21</strong></span> <span class='ocrx_word' id='word_1_157' title='bbox 738 2995 829 3046; x_wconf 66' lang='lat' dir='ltr'><strong>Mara</strong></span> <span class='ocrx_word' id='word_1_158' title='bbox 849 2996 939 3047; x_wconf 76' lang='lat'><strong>1562.</strong></span> 
     </span>
    </p>
   </div>
   <div class='ocr_carea' id='block_1_7' title="bbox 397 3197 1069 3274">
    <p class='ocr_par' dir='ltr' id='par_1_7' title="bbox 397 3197 1069 3274">
     <span class='ocr_line' id='line_1_20' title="bbox 397 3197 1069 3274; baseline -0.003 -18"><span class='ocrx_word' id='word_1_159' title='bbox 397 3251 398 3256; x_wconf 75' lang='grc'>,</span> <span class='ocrx_word' id='word_1_160' title='bbox 438 3197 574 3254; x_wconf 81' lang='lat' dir='ltr'><strong>Romnae.</strong></span> <span class='ocrx_word' id='word_1_161' title='bbox 600 3199 746 3274; x_wconf 59' lang='lat' dir='ltr'><strong>Oripicak</strong></span> <span class='ocrx_word' id='word_1_162' title='bbox 767 3200 797 3254; x_wconf 82' lang='lat' dir='ltr'><strong>in</strong></span> <span class='ocrx_word' id='word_1_163' title='bbox 820 3205 910 3272; x_wconf 64' lang='lat' dir='ltr'><strong>terno:</strong></span> <span class='ocrx_word' id='word_1_164' title='bbox 933 3202 953 3256; x_wconf 85' lang='lat'><strong><em>8</em></strong></span> <span class='ocrx_word' id='word_1_165' title='bbox 974 3197 1069 3270; x_wconf 81' lang='lat' dir='ltr'><strong>April.</strong></span> 
     </span>
    </p>
   </div>
   <div class='ocr_carea' id='block_1_8' title="bbox 91 3377 1422 4188">
    <p class='ocr_par' dir='ltr' id='par_1_8' title="bbox 91 3377 1422 4188">
     <span class='ocr_line' id='line_1_21' title="bbox 191 3377 1420 3466; baseline 0 -22"><span class='ocrx_word' id='word_1_166' title='bbox 191 3378 225 3444; x_wconf 91' lang='lat' dir='ltr'><strong>S.</strong></span> <span class='ocrx_word' id='word_1_167' title='bbox 249 3377 296 3443; x_wconf 75' lang='lat'><strong>8²·</strong></span> <span class='ocrx_word' id='word_1_168' title='bbox 318 3377 373 3442; x_wconf 89' lang='lat' dir='ltr'><strong>alli</strong></span> <span class='ocrx_word' id='word_1_169' title='bbox 397 3379 437 3444; x_wconf 86' lang='grc'><strong>18</strong></span> <span class='ocrx_word' id='word_1_170' title='bbox 464 3378 535 3444; x_wconf 85' lang='lat' dir='ltr'><strong>fece</strong></span> <span class='ocrx_word' id='word_1_171' title='bbox 564 3379 762 3462; x_wconf 88' lang='lat' dir='ltr'><strong>concistoro,</strong></span> <span class='ocrx_word' id='word_1_172' title='bbox 790 3378 843 3444; x_wconf 88' lang='lat' dir='ltr'><strong>nel</strong></span> <span class='ocrx_word' id='word_1_173' title='bbox 873 3378 970 3466; x_wconf 88' lang='lat' dir='ltr'><strong>quale</strong></span> <span class='ocrx_word' id='word_1_174' title='bbox 992 3379 1077 3446; x_wconf 91' lang='lat' dir='ltr'><strong>disse</strong></span> <span class='ocrx_word' id='word_1_175' title='bbox 1100 3377 1156 3442; x_wconf 88' lang='lat' dir='ltr'><strong>alli</strong></span> <span class='ocrx_word' id='word_1_176' title='bbox 1178 3377 1337 3447; x_wconf 74' lang='lat' dir='ltr'><strong>cardinali</strong></span> <span class='ocrx_word' id='word_1_177' title='bbox 1360 3380 1420 3446; x_wconf 91' lang='lat' dir='ltr'><strong>che</strong></span> 
     </span>
     <span class='ocr_line' id='line_1_22' title="bbox 91 3479 1420 3566; baseline 0.004 -25"><span class='ocrx_word' id='word_1_178' title='bbox 91 3499 153 3544; x_wconf 90' lang='lat' dir='ltr'><strong>non</strong></span> <span class='ocrx_word' id='word_1_179' title='bbox 175 3481 205 3543; x_wconf 90' lang='lat' dir='ltr'><strong>si</strong></span> <span class='ocrx_word' id='word_1_180' title='bbox 225 3479 517 3566; x_wconf 81' lang='lat' dir='ltr'><strong>maravigliasaino,</strong></span> <span class='ocrx_word' id='word_1_181' title='bbox 540 3480 576 3545; x_wconf 87' lang='lat' dir='ltr'><strong>s&#39;e</strong></span> <span class='ocrx_word' id='word_1_182' title='bbox 597 3481 629 3545; x_wconf 92' lang='lat' dir='ltr'><strong>le</strong></span> <span class='ocrx_word' id='word_1_183' title='bbox 651 3503 727 3548; x_wconf 90' lang='lat' dir='ltr'><strong>cose</strong></span> <span class='ocrx_word' id='word_1_184' title='bbox 749 3481 794 3546; x_wconf 93' lang='lat' dir='ltr'><strong>dil</strong></span> <span class='ocrx_word' id='word_1_185' title='bbox 817 3481 953 3550; x_wconf 91' lang='lat' dir='ltr'><strong>concilio</strong></span> <span class='ocrx_word' id='word_1_186' title='bbox 977 3483 1148 3548; x_wconf 86' lang='lat' dir='ltr'><strong>andavano</strong></span> <span class='ocrx_word' id='word_1_187' title='bbox 1170 3479 1365 3548; x_wconf 89' lang='lat' dir='ltr'><strong>lentamente</strong></span> <span class='ocrx_word' id='word_1_188' title='bbox 1387 3491 1420 3548; x_wconf 87' lang='lat' dir='ltr'><strong>et</strong></span> 
     </span>
     <span class='ocr_line' id='line_1_23' title="bbox 92 3580 1420 3672; baseline 0.004 -29"><span class='ocrx_word' id='word_1_189' title='bbox 92 3601 125 3643; x_wconf 85' lang='lat' dir='ltr'><strong>se</strong></span> <span class='ocrx_word' id='word_1_190' title='bbox 146 3580 179 3646; x_wconf 91' lang='lat' dir='ltr'><strong>la</strong></span> <span class='ocrx_word' id='word_1_191' title='bbox 200 3584 345 3648; x_wconf 86' lang='lat' dir='ltr'><strong>sessione</strong></span> <span class='ocrx_word' id='word_1_192' title='bbox 368 3583 393 3646; x_wconf 84' lang='lat' dir='ltr'><strong>s’</strong></span> <span class='ocrx_word' id='word_1_193' title='bbox 409 3605 466 3648; x_wconf 85' lang='lat' dir='ltr'><strong>era</strong></span> <span class='ocrx_word' id='word_1_194' title='bbox 487 3583 695 3670; x_wconf 84' lang='lat' dir='ltr'><strong>prolongata,</strong></span> <span class='ocrx_word' id='word_1_195' title='bbox 723 3584 844 3672; x_wconf 86' lang='lat' dir='ltr'><strong>perche</strong></span> <span class='ocrx_word' id='word_1_196' title='bbox 864 3595 948 3652; x_wconf 85' lang='lat' dir='ltr'><strong>tutto</strong></span> <span class='ocrx_word' id='word_1_197' title='bbox 972 3608 1028 3651; x_wconf 91' lang='lat' dir='ltr'><strong>era</strong></span> <span class='ocrx_word' id='word_1_198' title='bbox 1050 3595 1133 3650; x_wconf 88' lang='lat' dir='ltr'><strong>stato</strong></span> <span class='ocrx_word' id='word_1_199' title='bbox 1156 3585 1236 3650; x_wconf 82' lang='lat' dir='ltr'><strong>fatto</strong></span> <span class='ocrx_word' id='word_1_200' title='bbox 1260 3607 1280 3650; x_wconf 89' lang='lat' dir='ltr'><strong>a</strong></span> <span class='ocrx_word' id='word_1_201' title='bbox 1300 3586 1365 3650; x_wconf 89' lang='lat' dir='ltr'><strong>fine</strong></span> <span class='ocrx_word' id='word_1_202' title='bbox 1387 3584 1420 3649; x_wconf 92' lang='lat' dir='ltr'><strong>di</strong></span> 
     </span>
     <span class='ocr_line' id='line_1_24' title="bbox 93 3680 1420 3778; baseline 0.004 -33"><span class='ocrx_word' id='word_1_203' title='bbox 93 3680 174 3747; x_wconf 87' lang='lat' dir='ltr'><strong>bene</strong></span> <span class='ocrx_word' id='word_1_204' title='bbox 205 3697 238 3748; x_wconf 87' lang='lat' dir='ltr'><strong>ot</strong></span> <span class='ocrx_word' id='word_1_205' title='bbox 266 3707 325 3771; x_wconf 92' lang='lat' dir='ltr'><strong>per</strong></span> <span class='ocrx_word' id='word_1_206' title='bbox 353 3685 511 3751; x_wconf 85' lang='lat' dir='ltr'><strong>sodisiare</strong></span> <span class='ocrx_word' id='word_1_207' title='bbox 534 3709 654 3752; x_wconf 87' lang='lat' dir='ltr'><strong>ancora</strong></span> <span class='ocrx_word' id='word_1_208' title='bbox 676 3686 740 3752; x_wconf 86' lang='lat' dir='ltr'><strong>ella</strong></span> <span class='ocrx_word' id='word_1_209' title='bbox 760 3687 818 3752; x_wconf 71' lang='lat' dir='ltr'><strong>or·</strong></span> <span class='ocrx_word' id='word_1_210' title='bbox 841 3685 913 3752; x_wconf 90' lang='lat' dir='ltr'><strong>dell&#39;</strong></span> <span class='ocrx_word' id='word_1_211' title='bbox 929 3690 1133 3778; x_wconf 85' lang='lat' dir='ltr'><strong>imperatore,</strong></span> <span class='ocrx_word' id='word_1_212' title='bbox 1155 3687 1188 3754; x_wconf 91' lang='lat' dir='ltr'><strong>la</strong></span> <span class='ocrx_word' id='word_1_213' title='bbox 1211 3687 1306 3778; x_wconf 89' lang='lat' dir='ltr'><strong>quale</strong></span> <span class='ocrx_word' id='word_1_214' title='bbox 1329 3709 1420 3752; x_wconf 90' lang='lat' dir='ltr'><strong>come</strong></span> 
     </span>
     <span class='ocr_line' id='line_1_25' title="bbox 93 3783 1420 3878; baseline 0.005 -30"><span class='ocrx_word' id='word_1_215' title='bbox 93 3783 368 3854; x_wconf 83' lang='lat' dir='ltr'><strong>desiderosissima</strong></span> <span class='ocrx_word' id='word_1_216' title='bbox 390 3787 443 3854; x_wconf 93' lang='lat' dir='ltr'><strong>del</strong></span> <span class='ocrx_word' id='word_1_217' title='bbox 465 3789 548 3855; x_wconf 90' lang='lat' dir='ltr'><strong>bene</strong></span> <span class='ocrx_word' id='word_1_218' title='bbox 576 3789 708 3876; x_wconf 87' lang='lat' dir='ltr'><strong>publico</strong></span> <span class='ocrx_word' id='word_1_219' title='bbox 737 3801 770 3856; x_wconf 91' lang='lat' dir='ltr'><strong>et</strong></span> <span class='ocrx_word' id='word_1_220' title='bbox 792 3789 877 3855; x_wconf 90' lang='lat' dir='ltr'><strong>della</strong></span> <span class='ocrx_word' id='word_1_221' title='bbox 899 3792 1006 3878; x_wconf 86' lang='lat' dir='ltr'><strong>quiete</strong></span> <span class='ocrx_word' id='word_1_222' title='bbox 1029 3791 1115 3858; x_wconf 91' lang='lat' dir='ltr'><strong>della</strong></span> <span class='ocrx_word' id='word_1_223' title='bbox 1137 3791 1317 3858; x_wconf 84' lang='lat' dir='ltr'><strong>cristianita</strong></span> <span class='ocrx_word' id='word_1_224' title='bbox 1339 3789 1420 3854; x_wconf 89' lang='lat' dir='ltr'><strong>desi-</strong></span> 
     </span>
     <span class='ocr_line' id='line_1_26' title="bbox 93 3887 1420 3982; baseline 0.005 -29"><span class='ocrx_word' id='word_1_225' title='bbox 93 3887 213 3956; x_wconf 84' lang='lat' dir='ltr'><strong>derava</strong></span> <span class='ocrx_word' id='word_1_226' title='bbox 235 3889 295 3958; x_wconf 90' lang='lat' dir='ltr'><strong>che</strong></span> <span class='ocrx_word' id='word_1_227' title='bbox 317 3891 371 3957; x_wconf 88' lang='lat' dir='ltr'><strong>nel</strong></span> <span class='ocrx_word' id='word_1_228' title='bbox 394 3892 481 3959; x_wconf 88' lang='lat' dir='ltr'><strong>detto</strong></span> <span class='ocrx_word' id='word_1_229' title='bbox 506 3893 642 3958; x_wconf 93' lang='lat' dir='ltr'><strong>concilio</strong></span> <span class='ocrx_word' id='word_1_230' title='bbox 671 3894 695 3957; x_wconf 86' lang='lat' dir='ltr'><strong>s&#39;</strong></span> <span class='ocrx_word' id='word_1_231' title='bbox 712 3893 844 3958; x_wconf 87' lang='lat' dir='ltr'><strong>andassi</strong></span> <span class='ocrx_word' id='word_1_232' title='bbox 873 3904 1121 3978; x_wconf 89' lang='lat' dir='ltr'><strong>maturamente,</strong></span> <span class='ocrx_word' id='word_1_233' title='bbox 1150 3895 1290 3982; x_wconf 87' lang='lat' dir='ltr'><strong>perdar</strong></span> <span class='ocrx_word' id='word_1_234' title='bbox 1311 3904 1420 3979; x_wconf 91' lang='lat' dir='ltr'><strong>tempo</strong></span> 
     </span>
     <span class='ocr_line' id='line_1_27' title="bbox 93 3995 1422 4085; baseline 0.004 -29"><span class='ocrx_word' id='word_1_235' title='bbox 93 4013 308 4079; x_wconf 84' lang='lat' dir='ltr'><strong>aprocurare</strong></span> <span class='ocrx_word' id='word_1_236' title='bbox 332 4005 365 4060; x_wconf 92' lang='lat' dir='ltr'><strong>et</strong></span> <span class='ocrx_word' id='word_1_237' title='bbox 384 3995 504 4060; x_wconf 84' lang='lat' dir='ltr'><strong>vedere</strong></span> <span class='ocrx_word' id='word_1_238' title='bbox 526 4017 561 4061; x_wconf 90' lang='lat' dir='ltr'><strong>se</strong></span> <span class='ocrx_word' id='word_1_239' title='bbox 583 3998 775 4083; x_wconf 85' lang='lat' dir='ltr'><strong>protestanti</strong></span> <span class='ocrx_word' id='word_1_240' title='bbox 798 3995 958 4062; x_wconf 86' lang='lat' dir='ltr'><strong>volevano</strong></span> <span class='ocrx_word' id='word_1_241' title='bbox 987 3999 1126 4081; x_wconf 86' lang='lat' dir='ltr'><strong>venirci,</strong></span> <span class='ocrx_word' id='word_1_242' title='bbox 1150 4010 1182 4063; x_wconf 89' lang='lat' dir='ltr'><strong>et</strong></span> <span class='ocrx_word' id='word_1_243' title='bbox 1209 3997 1328 4085; x_wconf 81' lang='lat' dir='ltr'><strong>perche</strong></span> <span class='ocrx_word' id='word_1_244' title='bbox 1356 4019 1422 4062; x_wconf 93' lang='lat' dir='ltr'><strong>non</strong></span> 
     </span>
     <span class='ocr_line' id='line_1_28' title="bbox 92 4095 1418 4188; baseline 0.004 -27"><span class='ocrx_word' id='word_1_245' title='bbox 92 4105 229 4162; x_wconf 81' lang='lat' dir='ltr'><strong>restasre</strong></span> <span class='ocrx_word' id='word_1_246' title='bbox 260 4096 329 4162; x_wconf 93' lang='lat' dir='ltr'><strong>loro</strong></span> <span class='ocrx_word' id='word_1_247' title='bbox 360 4095 476 4162; x_wconf 88' lang='lat' dir='ltr'><strong>alcuna</strong></span> <span class='ocrx_word' id='word_1_248' title='bbox 503 4119 606 4164; x_wconf 86' lang='lat' dir='ltr'><strong>seusa.</strong></span> <span class='ocrx_word' id='word_1_249' title='bbox 636 4098 712 4165; x_wconf 94' lang='lat' dir='ltr'><strong>lodo</strong></span> <span class='ocrx_word' id='word_1_250' title='bbox 736 4097 769 4164; x_wconf 85' lang='lat' dir='ltr'><strong>S.</strong></span> <span class='ocrx_word' id='word_1_251' title='bbox 792 4098 849 4162; x_wconf 66' lang='grc' dir='ltr'><strong>11ιι</strong></span> <span class='ocrx_word' id='word_1_252' title='bbox 871 4101 957 4164; x_wconf 86' lang='lat' dir='ltr'><strong>assai</strong></span> <span class='ocrx_word' id='word_1_253' title='bbox 979 4109 1011 4165; x_wconf 87' lang='lat' dir='ltr'><strong>et</strong></span> <span class='ocrx_word' id='word_1_254' title='bbox 1034 4100 1119 4165; x_wconf 88' lang='lat' dir='ltr'><strong>disse</strong></span> <span class='ocrx_word' id='word_1_255' title='bbox 1143 4099 1202 4166; x_wconf 91' lang='lat' dir='ltr'><strong>che</strong></span> <span class='ocrx_word' id='word_1_256' title='bbox 1225 4121 1282 4186; x_wconf 91' lang='lat' dir='ltr'><strong>per</strong></span> <span class='ocrx_word' id='word_1_257' title='bbox 1305 4109 1418 4188; x_wconf 90' lang='lat' dir='ltr'><strong>questo</strong></span> 
     </span>
    </p>
   </div>
   <div class='ocr_carea' id='block_1_9' title="bbox 93 4199 1423 5129">
    <p class='ocr_par' dir='ltr' id='par_1_9' title="bbox 93 4199 1423 4916">
     <span class='ocr_line' id='line_1_29' title="bbox 93 4199 1421 4290; baseline 0.007 -28"><span class='ocrx_word' id='word_1_258' title='bbox 93 4219 156 4263; x_wconf 89' lang='lat' dir='ltr'><strong>non</strong></span> <span class='ocrx_word' id='word_1_259' title='bbox 178 4199 206 4265; x_wconf 91' lang='lat' dir='ltr'><strong>si</strong></span> <span class='ocrx_word' id='word_1_260' title='bbox 228 4199 430 4288; x_wconf 90' lang='lat' dir='ltr'><strong>perderebbe</strong></span> <span class='ocrx_word' id='word_1_261' title='bbox 453 4210 576 4288; x_wconf 90' lang='lat' dir='ltr'><strong>tempo,</strong></span> <span class='ocrx_word' id='word_1_262' title='bbox 605 4201 725 4290; x_wconf 90' lang='lat' dir='ltr'><strong>perche</strong></span> <span class='ocrx_word' id='word_1_263' title='bbox 757 4203 768 4266; x_wconf 96' lang='lat' dir='ltr'><strong>i</strong></span> <span class='ocrx_word' id='word_1_264' title='bbox 790 4201 888 4288; x_wconf 86' lang='lat' dir='ltr'><strong>legati</strong></span> <span class='ocrx_word' id='word_1_265' title='bbox 918 4201 963 4268; x_wconf 90' lang='lat' dir='ltr'><strong>dil</strong></span> <span class='ocrx_word' id='word_1_266' title='bbox 991 4203 1127 4270; x_wconf 91' lang='lat' dir='ltr'><strong>concilio</strong></span> <span class='ocrx_word' id='word_1_267' title='bbox 1148 4203 1318 4270; x_wconf 80' lang='lat' dir='ltr'><strong>hereveno</strong></span> <span class='ocrx_word' id='word_1_268' title='bbox 1340 4205 1421 4271; x_wconf 86' lang='lat' dir='ltr'><strong>fatto</strong></span> 
     </span>
     <span class='ocr_line' id='line_1_30' title="bbox 93 4300 1418 4394; baseline 0.006 -27"><span class='ocrx_word' id='word_1_269' title='bbox 93 4300 259 4368; x_wconf 86' lang='lat' dir='ltr'><strong>intendere</strong></span> <span class='ocrx_word' id='word_1_270' title='bbox 282 4303 337 4369; x_wconf 90' lang='lat' dir='ltr'><strong>alli</strong></span> <span class='ocrx_word' id='word_1_271' title='bbox 359 4306 491 4373; x_wconf 83' lang='lat' dir='ltr'><strong>vescovi</strong></span> <span class='ocrx_word' id='word_1_272' title='bbox 514 4305 574 4371; x_wconf 91' lang='lat' dir='ltr'><strong>che</strong></span> <span class='ocrx_word' id='word_1_273' title='bbox 601 4307 787 4374; x_wconf 88' lang='lat' dir='ltr'><strong>mettessino</strong></span> <span class='ocrx_word' id='word_1_274' title='bbox 804 4310 844 4385; x_wconf 79' lang='lat' dir='ltr'><strong>¹in</strong></span> <span class='ocrx_word' id='word_1_275' title='bbox 867 4307 977 4374; x_wconf 90' lang='lat' dir='ltr'><strong>scritto</strong></span> <span class='ocrx_word' id='word_1_276' title='bbox 1001 4307 1074 4372; x_wconf 87' lang='lat' dir='ltr'><strong>tutti</strong></span> <span class='ocrx_word' id='word_1_277' title='bbox 1096 4305 1141 4394; x_wconf 84' lang='lat' dir='ltr'><strong>gli</strong></span> <span class='ocrx_word' id='word_1_278' title='bbox 1164 4307 1258 4374; x_wconf 86' lang='lat' dir='ltr'><strong>abusi</strong></span> <span class='ocrx_word' id='word_1_279' title='bbox 1281 4307 1340 4374; x_wconf 91' lang='lat' dir='ltr'><strong>che</strong></span> <span class='ocrx_word' id='word_1_280' title='bbox 1355 4317 1418 4375; x_wconf 85' lang='lat' dir='ltr'><strong>tro-</strong></span> 
     </span>
     <span class='ocr_line' id='line_1_31' title="bbox 94 4406 1422 4500; baseline 0.006 -30"><span class='ocrx_word' id='word_1_281' title='bbox 94 4427 218 4474; x_wconf 88' lang='lat' dir='ltr'><strong>vavano</strong></span> <span class='ocrx_word' id='word_1_282' title='bbox 251 4406 336 4476; x_wconf 89' lang='lat' dir='ltr'><strong>nelle</strong></span> <span class='ocrx_word' id='word_1_283' title='bbox 367 4407 436 4475; x_wconf 92' lang='lat' dir='ltr'><strong>loro</strong></span> <span class='ocrx_word' id='word_1_284' title='bbox 464 4409 589 4494; x_wconf 89' lang='lat' dir='ltr'><strong>chiese,</strong></span> <span class='ocrx_word' id='word_1_285' title='bbox 623 4412 713 4478; x_wconf 86' lang='lat' dir='ltr'><strong>accio</strong></span> <span class='ocrx_word' id='word_1_286' title='bbox 742 4434 778 4478; x_wconf 89' lang='lat' dir='ltr'><strong>se</strong></span> <span class='ocrx_word' id='word_1_287' title='bbox 807 4415 971 4500; x_wconf 88' lang='lat' dir='ltr'><strong>potessino</strong></span> <span class='ocrx_word' id='word_1_288' title='bbox 994 4435 1163 4499; x_wconf 84' lang='lat' dir='ltr'><strong>corregere</strong></span> <span class='ocrx_word' id='word_1_289' title='bbox 1186 4421 1218 4478; x_wconf 91' lang='lat' dir='ltr'><strong>et</strong></span> <span class='ocrx_word' id='word_1_290' title='bbox 1239 4411 1422 4478; x_wconf 90' lang='lat' dir='ltr'><strong>emendare.</strong></span> 
     </span>
     <span class='ocr_line' id='line_1_32' title="bbox 96 4508 1423 4599; baseline 0.006 -25"><span class='ocrx_word' id='word_1_291' title='bbox 96 4508 179 4576; x_wconf 84' lang='lat' dir='ltr'><strong>disse</strong></span> <span class='ocrx_word' id='word_1_292' title='bbox 200 4509 263 4578; x_wconf 88' lang='lat' dir='ltr'><strong>che</strong></span> <span class='ocrx_word' id='word_1_293' title='bbox 284 4521 393 4599; x_wconf 84' lang='lat' dir='ltr'><strong>presto</strong></span> <span class='ocrx_word' id='word_1_294' title='bbox 417 4511 559 4579; x_wconf 89' lang='lat' dir='ltr'><strong>darebbe</strong></span> <span class='ocrx_word' id='word_1_295' title='bbox 580 4514 664 4580; x_wconf 86' lang='lat' dir='ltr'><strong>fuori</strong></span> <span class='ocrx_word' id='word_1_296' title='bbox 685 4514 719 4580; x_wconf 90' lang='lat' dir='ltr'><strong>la</strong></span> <span class='ocrx_word' id='word_1_297' title='bbox 740 4514 828 4582; x_wconf 83' lang='lat' dir='ltr'><strong>bolla</strong></span> <span class='ocrx_word' id='word_1_298' title='bbox 855 4516 908 4581; x_wconf 91' lang='lat' dir='ltr'><strong>del</strong></span> <span class='ocrx_word' id='word_1_299' title='bbox 930 4516 1077 4584; x_wconf 86' lang='lat' dir='ltr'><strong>conclavi</strong></span> <span class='ocrx_word' id='word_1_300' title='bbox 1099 4525 1132 4582; x_wconf 85' lang='lat' dir='ltr'><strong>et</strong></span> <span class='ocrx_word' id='word_1_301' title='bbox 1154 4515 1214 4582; x_wconf 89' lang='lat' dir='ltr'><strong>che</strong></span> <span class='ocrx_word' id='word_1_302' title='bbox 1235 4515 1353 4582; x_wconf 88' lang='lat' dir='ltr'><strong>voleva</strong></span> <span class='ocrx_word' id='word_1_303' title='bbox 1375 4537 1423 4582; x_wconf 83' lang='lat' dir='ltr'><strong>ne-</strong></span> 
     </span>
     <span class='ocr_line' id='line_1_33' title="bbox 95 4611 1422 4706; baseline 0.005 -28"><span class='ocrx_word' id='word_1_304' title='bbox 95 4611 231 4679; x_wconf 87' lang='lat' dir='ltr'><strong>formare</strong></span> <span class='ocrx_word' id='word_1_305' title='bbox 253 4615 283 4680; x_wconf 91' lang='lat' dir='ltr'><strong>el</strong></span> <span class='ocrx_word' id='word_1_306' title='bbox 305 4615 464 4682; x_wconf 87' lang='lat' dir='ltr'><strong>datariato</strong></span> <span class='ocrx_word' id='word_1_307' title='bbox 492 4627 524 4683; x_wconf 91' lang='lat' dir='ltr'><strong>et</strong></span> <span class='ocrx_word' id='word_1_308' title='bbox 551 4617 678 4684; x_wconf 79' lang='lat' dir='ltr'><strong>havera</strong></span> <span class='ocrx_word' id='word_1_309' title='bbox 706 4641 826 4685; x_wconf 85' lang='lat' dir='ltr'><strong>ancora</strong></span> <span class='ocrx_word' id='word_1_310' title='bbox 854 4629 941 4686; x_wconf 88' lang='lat' dir='ltr'><strong>certe</strong></span> <span class='ocrx_word' id='word_1_311' title='bbox 974 4618 1055 4686; x_wconf 90' lang='lat' dir='ltr'><strong>altre</strong></span> <span class='ocrx_word' id='word_1_312' title='bbox 1086 4619 1242 4698; x_wconf 83' lang='lat' dir='ltr'><strong>reforme,</strong></span> <span class='ocrx_word' id='word_1_313' title='bbox 1274 4618 1306 4683; x_wconf 87' lang='lat' dir='ltr'><strong>le</strong></span> <span class='ocrx_word' id='word_1_314' title='bbox 1334 4615 1422 4706; x_wconf 85' lang='lat' dir='ltr'><strong>quali</strong></span> 
     </span>
     <span class='ocr_line' id='line_1_34' title="bbox 96 4716 1417 4810; baseline 0.005 -30"><span class='ocrx_word' id='word_1_315' title='bbox 96 4716 344 4802; x_wconf 90' lang='lat' dir='ltr'><strong>publicherebbe</strong></span> <span class='ocrx_word' id='word_1_316' title='bbox 372 4730 497 4809; x_wconf 86' lang='lat' dir='ltr'><strong>presto,</strong></span> <span class='ocrx_word' id='word_1_317' title='bbox 527 4744 628 4810; x_wconf 84' lang='lat' dir='ltr'><strong>prego</strong></span> <span class='ocrx_word' id='word_1_318' title='bbox 650 4721 662 4787; x_wconf 91' lang='lat' dir='ltr'><strong>i</strong></span> <span class='ocrx_word' id='word_1_319' title='bbox 685 4723 841 4790; x_wconf 85' lang='lat' dir='ltr'><strong>cardinali</strong></span> <span class='ocrx_word' id='word_1_320' title='bbox 864 4724 923 4790; x_wconf 91' lang='lat' dir='ltr'><strong>che</strong></span> <span class='ocrx_word' id='word_1_321' title='bbox 945 4725 1108 4791; x_wconf 87' lang='lat' dir='ltr'><strong>volessero</strong></span> <span class='ocrx_word' id='word_1_322' title='bbox 1132 4746 1232 4791; x_wconf 92' lang='lat' dir='ltr'><strong>ancor</strong></span> <span class='ocrx_word' id='word_1_323' title='bbox 1254 4723 1318 4788; x_wconf 88' lang='lat' dir='ltr'><strong>essi</strong></span> <span class='ocrx_word' id='word_1_324' title='bbox 1341 4743 1417 4809; x_wconf 91' lang='lat' dir='ltr'><strong>pen·</strong></span> 
     </span>
     <span class='ocr_line' id='line_1_35' title="bbox 97 4820 1042 4916; baseline 0.013 -33"><span class='ocrx_word' id='word_1_325' title='bbox 97 4840 165 4886; x_wconf 85' lang='lat' dir='ltr'><strong>sare</strong></span> <span class='ocrx_word' id='word_1_326' title='bbox 185 4820 251 4887; x_wconf 86' lang='lat' dir='ltr'><strong>alla</strong></span> <span class='ocrx_word' id='word_1_327' title='bbox 271 4825 404 4893; x_wconf 81' lang='lat' dir='ltr'><strong>risorma</strong></span> <span class='ocrx_word' id='word_1_328' title='bbox 423 4825 530 4915; x_wconf 84' lang='lat' dir='ltr'><strong>prima</strong></span> <span class='ocrx_word' id='word_1_329' title='bbox 552 4827 712 4912; x_wconf 87' lang='lat' dir='ltr'><strong>interiore,</strong></span> <span class='ocrx_word' id='word_1_330' title='bbox 735 4828 791 4916; x_wconf 92' lang='lat' dir='ltr'><strong>poi</strong></span> <span class='ocrx_word' id='word_1_331' title='bbox 814 4829 969 4895; x_wconf 87' lang='lat' dir='ltr'><strong>esteriore</strong></span> <span class='ocrx_word' id='word_1_332' title='bbox 984 4879 992 4895; x_wconf 90' lang='lat'><strong>.</strong></span> <span class='ocrx_word' id='word_1_333' title='bbox 1009 4876 1042 4896; x_wconf 87' lang='lat'><strong>..</strong></span> 
     </span>
    </p>

    <p class='ocr_par' dir='ltr' id='par_1_10' title="bbox 99 4927 1417 5129">
     <span class='ocr_line' id='line_1_36' title="bbox 195 4927 1417 5020; baseline 0 -24"><span class='ocrx_word' id='word_1_334' title='bbox 195 4927 229 4998; x_wconf 86' lang='lat' dir='ltr'><strong>S.</strong></span> <span class='ocrx_word' id='word_1_335' title='bbox 252 4929 307 4996; x_wconf 64' lang='lat'><strong>8³⁸¹</strong></span> <span class='ocrx_word' id='word_1_336' title='bbox 329 4931 470 5018; x_wconf 88' lang='lat' dir='ltr'><strong>priorem</strong></span> <span class='ocrx_word' id='word_1_337' title='bbox 493 4930 612 5020; x_wconf 83' lang='lat' dir='ltr'><strong>adepta</strong></span> <span class='ocrx_word' id='word_1_338' title='bbox 633 4941 682 4998; x_wconf 88' lang='lat' dir='ltr'><strong>est</strong></span> <span class='ocrx_word' id='word_1_339' title='bbox 709 4931 928 5007; x_wconf 84' lang='lat' dir='ltr'><strong>valetudinem</strong></span> <span class='ocrx_word' id='word_1_340' title='bbox 956 4945 988 5000; x_wconf 88' lang='lat' dir='ltr'><strong>et</strong></span> <span class='ocrx_word' id='word_1_341' title='bbox 1017 4934 1099 5000; x_wconf 91' lang='lat' dir='ltr'><strong>bene</strong></span> <span class='ocrx_word' id='word_1_342' title='bbox 1131 4956 1205 5000; x_wconf 90' lang='lat' dir='ltr'><strong>cum</strong></span> <span class='ocrx_word' id='word_1_343' title='bbox 1233 4955 1272 5000; x_wconf 89' lang='lat' dir='ltr'><strong>ea</strong></span> <span class='ocrx_word' id='word_1_344' title='bbox 1301 4929 1417 5020; x_wconf 80' lang='lat' dir='ltr'><strong>agitur.</strong></span> 
     </span>
     <span class='ocr_line' id='line_1_37' title="bbox 99 5039 1414 5129; baseline 0.004 -23"><span class='ocrx_word' id='word_1_345' title='bbox 99 5039 206 5108; x_wconf 80' lang='lat' dir='ltr'><strong>ailad</strong></span> <span class='ocrx_word' id='word_1_346' title='bbox 234 5061 270 5106; x_wconf 86' lang='lat' dir='ltr'><strong>se</strong></span> <span class='ocrx_word' id='word_1_347' title='bbox 298 5039 429 5106; x_wconf 76' lang='lat' dir='ltr'><strong>allamm</strong></span> <span class='ocrx_word' id='word_1_348' title='bbox 462 5061 534 5105; x_wconf 90' lang='lat' dir='ltr'><strong>esse</strong></span> <span class='ocrx_word' id='word_1_349' title='bbox 555 5041 734 5108; x_wconf 87' lang='lat' dir='ltr'><strong>Turcarum</strong></span> <span class='ocrx_word' id='word_1_350' title='bbox 765 5039 992 5129; x_wconf 83' lang='lat' dir='ltr'><strong>imperatorem</strong></span> <span class='ocrx_word' id='word_1_351' title='bbox 1025 5041 1168 5109; x_wconf 91' lang='lat' dir='ltr'><strong>nondum</strong></span> <span class='ocrx_word' id='word_1_352' title='bbox 1201 5041 1286 5108; x_wconf 90' lang='lat' dir='ltr'><strong>diem</strong></span> <span class='ocrx_word' id='word_1_353' title='bbox 1319 5067 1414 5110; x_wconf 90' lang='lat' dir='ltr'><strong>suum</strong></span> 
     </span>
    </p>
   </div>
   <div class='ocr_carea' id='block_1_10' title="bbox 0 0 1736 5812">
    <p class='ocr_par' dir='ltr' id='par_1_11' title="bbox 0 0 1736 5812">
     <span class='ocr_line' id='line_1_38' title="bbox 0 0 1736 5812; baseline 0 0"><span class='ocrx_word' id='word_1_354' title='bbox 0 0 1736 5812; x_wconf 95' lang='lat' dir='ltr'><strong> </strong></span> 
     </span>
    </p>
   </div>
  </div>
 </body>
</html>
