<?xml version="1.0" encoding="UTF-8"?>
<!DOCTYPE html PUBLIC "-//W3C//DTD XHTML 1.0 Transitional//EN"
    "http://www.w3.org/TR/xhtml1/DTD/xhtml1-transitional.dtd">
<html xmlns="http://www.w3.org/1999/xhtml" xml:lang="en" lang="en">
 <head>
  <title>
</title>
<meta http-equiv="Content-Type" content="text/html;charset=utf-8" />
  <meta name='ocr-system' content='tesseract 3.04.00' />
  <meta name='ocr-capabilities' content='ocr_page ocr_carea ocr_par ocr_line ocrx_word'/>
</head>
<body>
  <div class='ocr_page' id='page_1' title='image "./zurgeschichtede00unkngoog/zurgeschichtede00unkngoog_0442.png"; bbox 0 0 3460 5826; ppageno 0'>
   <div class='ocr_carea' id='block_1_1' title="bbox 1369 507 1430 570">
    <p class='ocr_par' dir='ltr' id='par_1_1' title="bbox 1369 507 1430 570">
     <span class='ocr_line' id='line_1_1' title="bbox 1369 507 1430 570; baseline 0.016 -1"><span class='ocrx_word' id='word_1_1' title='bbox 1369 507 1430 570; x_wconf 72' lang='lat' dir='ltr'><strong>lbi</strong></span> 
     </span>
    </p>
   </div>
   <div class='ocr_carea' id='block_1_2' title="bbox 168 693 1436 1705">
    <p class='ocr_par' dir='ltr' id='par_1_2' title="bbox 168 693 1436 1705">
     <span class='ocr_line' id='line_1_2' title="bbox 173 693 1433 763; baseline -0.002 -15"><span class='ocrx_word' id='word_1_2' title='bbox 173 703 198 748; x_wconf 88' lang='lat' dir='ltr'><strong>et</strong></span> <span class='ocrx_word' id='word_1_3' title='bbox 209 703 319 748; x_wconf 85' lang='lat' dir='ltr'><strong>sanetae</strong></span> <span class='ocrx_word' id='word_1_4' title='bbox 332 697 495 763; x_wconf 86' lang='lat' dir='ltr'><strong>apostolicae</strong></span> <span class='ocrx_word' id='word_1_5' title='bbox 514 695 584 746; x_wconf 85' lang='lat' dir='ltr'><strong>sedis</strong></span> <span class='ocrx_word' id='word_1_6' title='bbox 596 697 739 746; x_wconf 86' lang='lat' dir='ltr'><strong>coniuncta</strong></span> <span class='ocrx_word' id='word_1_7' title='bbox 757 701 804 757; x_wconf 82' lang='lat' dir='ltr'><strong>est,</strong></span> <span class='ocrx_word' id='word_1_8' title='bbox 823 711 924 746; x_wconf 80' lang='lat' dir='ltr'><strong>mmme</strong></span> <span class='ocrx_word' id='word_1_9' title='bbox 942 693 1031 746; x_wconf 86' lang='lat' dir='ltr'><strong>studio</strong></span> <span class='ocrx_word' id='word_1_10' title='bbox 1045 701 1126 762; x_wconf 90' lang='lat' dir='ltr'><strong>atque</strong></span> <span class='ocrx_word' id='word_1_11' title='bbox 1138 701 1433 762; x_wconf 81' lang='lat' dir='ltr'><strong>constupromorerent</strong></span> 
     </span>
     <span class='ocr_line' id='line_1_3' title="bbox 171 781 1433 848; baseline -0.002 -14"><span class='ocrx_word' id='word_1_12' title='bbox 171 789 249 848; x_wconf 86' lang='lat' dir='ltr'><strong>atque</strong></span> <span class='ocrx_word' id='word_1_13' title='bbox 273 783 308 833; x_wconf 89' lang='lat' dir='ltr'><strong>ad</strong></span> <span class='ocrx_word' id='word_1_14' title='bbox 336 783 406 834; x_wconf 86' lang='lat' dir='ltr'><strong>hune</strong></span> <span class='ocrx_word' id='word_1_15' title='bbox 432 797 543 848; x_wconf 87' lang='lat' dir='ltr'><strong>scopum</strong></span> <span class='ocrx_word' id='word_1_16' title='bbox 567 796 658 832; x_wconf 89' lang='lat' dir='ltr'><strong>omnes</strong></span> <span class='ocrx_word' id='word_1_17' title='bbox 676 797 738 832; x_wconf 87' lang='lat' dir='ltr'><strong>enas</strong></span> <span class='ocrx_word' id='word_1_18' title='bbox 756 782 930 847; x_wconf 82' lang='lat' dir='ltr'><strong>cogitationes</strong></span> <span class='ocrx_word' id='word_1_19' title='bbox 953 786 982 832; x_wconf 83' lang='lat' dir='ltr'><strong>at</strong></span> <span class='ocrx_word' id='word_1_20' title='bbox 1000 781 1112 834; x_wconf 79' lang='lat' dir='ltr'><strong>comilis</strong></span> <span class='ocrx_word' id='word_1_21' title='bbox 1136 787 1327 833; x_wconf 82' lang='lat' dir='ltr'><strong>converterent.</strong></span> <span class='ocrx_word' id='word_1_22' title='bbox 1352 797 1433 848; x_wconf 87' lang='lat' dir='ltr'><strong>quem</strong></span> 
     </span>
     <span class='ocr_line' id='line_1_4' title="bbox 171 867 1433 936; baseline -0.002 -16"><span class='ocrx_word' id='word_1_23' title='bbox 171 869 277 936; x_wconf 85' lang='lat' dir='ltr'><strong>quidem</strong></span> <span class='ocrx_word' id='word_1_24' title='bbox 300 869 428 918; x_wconf 82' lang='lat' dir='ltr'><strong>unitatem</strong></span> <span class='ocrx_word' id='word_1_25' title='bbox 447 875 473 918; x_wconf 87' lang='lat' dir='ltr'><strong>et</strong></span> <span class='ocrx_word' id='word_1_26' title='bbox 491 868 604 932; x_wconf 87' lang='lat' dir='ltr'><strong>quietem</strong></span> <span class='ocrx_word' id='word_1_27' title='bbox 618 904 625 918; x_wconf 98' lang='lat'><strong>.</strong></span> <span class='ocrx_word' id='word_1_28' title='bbox 638 903 665 918; x_wconf 92' lang='lat'><strong>..</strong></span> <span class='ocrx_word' id='word_1_29' title='bbox 684 867 781 918; x_wconf 70' lang='lat' dir='ltr'><strong>bostra</strong></span> <span class='ocrx_word' id='word_1_30' title='bbox 798 869 940 931; x_wconf 83' lang='lat' dir='ltr'><strong>expectari,</strong></span> <span class='ocrx_word' id='word_1_31' title='bbox 962 868 1032 918; x_wconf 88' lang='lat' dir='ltr'><strong>nisi.</strong></span> <span class='ocrx_word' id='word_1_32' title='bbox 1046 902 1074 918; x_wconf 94' lang='lat'><strong>..</strong></span> <span class='ocrx_word' id='word_1_33' title='bbox 1091 868 1222 919; x_wconf 86' lang='lat' dir='ltr'><strong>canonica</strong></span> <span class='ocrx_word' id='word_1_34' title='bbox 1240 869 1355 918; x_wconf 89' lang='lat' dir='ltr'><strong>omnium</strong></span> <span class='ocrx_word' id='word_1_35' title='bbox 1379 873 1433 918; x_wconf 82' lang='lat' dir='ltr'><strong>ets·</strong></span> 
     </span>
     <span class='ocr_line' id='line_1_5' title="bbox 171 953 1431 1020; baseline -0.002 -16"><span class='ocrx_word' id='word_1_36' title='bbox 171 963 244 1004; x_wconf 79' lang='lat' dir='ltr'><strong>mum</strong></span> <span class='ocrx_word' id='word_1_37' title='bbox 265 955 400 1005; x_wconf 88' lang='lat' dir='ltr'><strong>christiani</strong></span> <span class='ocrx_word' id='word_1_38' title='bbox 413 954 483 1004; x_wconf 89' lang='lat' dir='ltr'><strong>orbis</strong></span> <span class='ocrx_word' id='word_1_39' title='bbox 502 959 529 1004; x_wconf 92' lang='lat' dir='ltr'><strong>et</strong></span> <span class='ocrx_word' id='word_1_40' title='bbox 537 955 679 1020; x_wconf 87' lang='lat' dir='ltr'><strong>praecipue</strong></span> <span class='ocrx_word' id='word_1_41' title='bbox 691 958 776 1004; x_wconf 87' lang='lat' dir='ltr'><strong>status</strong></span> <span class='ocrx_word' id='word_1_42' title='bbox 789 953 964 1004; x_wconf 72' lang='lat' dir='ltr'><strong>aeclesiastici</strong></span> <span class='ocrx_word' id='word_1_43' title='bbox 975 953 1162 1004; x_wconf 75' lang='lat' dir='ltr'><strong>reformatione</strong></span> <span class='ocrx_word' id='word_1_44' title='bbox 1176 955 1244 1004; x_wconf 85' lang='lat' dir='ltr'><strong>seria</strong></span> <span class='ocrx_word' id='word_1_45' title='bbox 1256 953 1410 1004; x_wconf 88' lang='lat' dir='ltr'><strong>institute..</strong></span> <span class='ocrx_word' id='word_1_46' title='bbox 1425 990 1431 1002; x_wconf 94' lang='lat'><strong>.</strong></span> 
     </span>
     <span class='ocr_line' id='line_1_6' title="bbox 170 1037 1433 1106; baseline -0.002 -16"><span class='ocrx_word' id='word_1_47' title='bbox 170 1042 247 1092; x_wconf 81' lang='lat' dir='ltr'><strong>nobie</strong></span> <span class='ocrx_word' id='word_1_48' title='bbox 265 1039 377 1106; x_wconf 89' lang='lat' dir='ltr'><strong>proinde</strong></span> <span class='ocrx_word' id='word_1_49' title='bbox 396 1043 422 1090; x_wconf 89' lang='lat' dir='ltr'><strong>et</strong></span> <span class='ocrx_word' id='word_1_50' title='bbox 434 1039 518 1091; x_wconf 83' lang='lat' dir='ltr'><strong>Gallis</strong></span> <span class='ocrx_word' id='word_1_51' title='bbox 536 1053 702 1106; x_wconf 84' lang='lat' dir='ltr'><strong>nequequam</strong></span> <span class='ocrx_word' id='word_1_52' title='bbox 720 1039 786 1091; x_wconf 83' lang='lat' dir='ltr'><strong>vitio</strong></span> <span class='ocrx_word' id='word_1_53' title='bbox 803 1038 959 1090; x_wconf 81' lang='lat' dir='ltr'><strong>vertendum</strong></span> <span class='ocrx_word' id='word_1_54' title='bbox 978 1053 1036 1090; x_wconf 87' lang='lat' dir='ltr'><strong>esse</strong></span> <span class='ocrx_word' id='word_1_55' title='bbox 1054 1037 1126 1104; x_wconf 91' lang='lat' dir='ltr'><strong>quod</strong></span> <span class='ocrx_word' id='word_1_56' title='bbox 1141 1037 1245 1090; x_wconf 84' lang='lat' dir='ltr'><strong>collatis</strong></span> <span class='ocrx_word' id='word_1_57' title='bbox 1265 1038 1382 1090; x_wconf 87' lang='lat' dir='ltr'><strong>consiliis</strong></span> <span class='ocrx_word' id='word_1_58' title='bbox 1399 1054 1433 1089; x_wconf 90' lang='lat' dir='ltr'><strong>ac</strong></span> 
     </span>
     <span class='ocr_line' id='line_1_7' title="bbox 171 1125 1434 1192; baseline 0 -16"><span class='ocrx_word' id='word_1_59' title='bbox 171 1127 289 1176; x_wconf 86' lang='lat' dir='ltr'><strong>unanimi</strong></span> <span class='ocrx_word' id='word_1_60' title='bbox 316 1141 398 1192; x_wconf 86' lang='lat' dir='ltr'><strong>opera</strong></span> <span class='ocrx_word' id='word_1_61' title='bbox 415 1127 500 1191; x_wconf 84' lang='lat' dir='ltr'><strong>ipsam</strong></span> <span class='ocrx_word' id='word_1_62' title='bbox 517 1126 729 1177; x_wconf 77' lang='lat' dir='ltr'><strong>reformationem</strong></span> <span class='ocrx_word' id='word_1_63' title='bbox 753 1125 897 1176; x_wconf 75' lang='lat' dir='ltr'><strong>studiosius</strong></span> <span class='ocrx_word' id='word_1_64' title='bbox 914 1127 1054 1191; x_wconf 88' lang='lat' dir='ltr'><strong>acriusque</strong></span> <span class='ocrx_word' id='word_1_65' title='bbox 1072 1125 1192 1176; x_wconf 72' lang='lat' dir='ltr'><strong>fortassis</strong></span> <span class='ocrx_word' id='word_1_66' title='bbox 1215 1139 1295 1190; x_wconf 88' lang='lat' dir='ltr'><strong>quam</strong></span> <span class='ocrx_word' id='word_1_67' title='bbox 1313 1125 1434 1176; x_wconf 91' lang='lat' dir='ltr'><strong>nonnulli</strong></span> 
     </span>
     <span class='ocr_line' id='line_1_8' title="bbox 170 1210 1436 1278; baseline 0 -17"><span class='ocrx_word' id='word_1_68' title='bbox 170 1211 271 1262; x_wconf 75' lang='lat' dir='ltr'><strong>vellent</strong></span> <span class='ocrx_word' id='word_1_69' title='bbox 288 1211 434 1278; x_wconf 72' lang='lat' dir='ltr'><strong>negendam</strong></span> <span class='ocrx_word' id='word_1_70' title='bbox 451 1213 652 1276; x_wconf 87' lang='lat' dir='ltr'><strong>susceperimus,</strong></span> <span class='ocrx_word' id='word_1_71' title='bbox 670 1213 787 1277; x_wconf 87' lang='lat' dir='ltr'><strong>quinimo</strong></span> <span class='ocrx_word' id='word_1_72' title='bbox 802 1211 972 1276; x_wconf 81' lang='lat' dir='ltr'><strong>cogitandum</strong></span> <span class='ocrx_word' id='word_1_73' title='bbox 990 1227 1048 1262; x_wconf 87' lang='lat' dir='ltr'><strong>esse</strong></span> <span class='ocrx_word' id='word_1_74' title='bbox 1065 1210 1138 1278; x_wconf 90' lang='lat' dir='ltr'><strong>qnod</strong></span> <span class='ocrx_word' id='word_1_75' title='bbox 1150 1211 1292 1263; x_wconf 84' lang='lat' dir='ltr'><strong>Germania</strong></span> <span class='ocrx_word' id='word_1_76' title='bbox 1309 1216 1337 1261; x_wconf 92' lang='lat' dir='ltr'><strong>et</strong></span> <span class='ocrx_word' id='word_1_77' title='bbox 1346 1210 1436 1262; x_wconf 86' lang='lat' dir='ltr'><strong>Gallia</strong></span> 
     </span>
     <span class='ocr_line' id='line_1_9' title="bbox 168 1297 1433 1363; baseline -0.002 -15"><span class='ocrx_word' id='word_1_78' title='bbox 168 1299 253 1362; x_wconf 70' lang='lat' dir='ltr'><strong>magn</strong></span> <span class='ocrx_word' id='word_1_79' title='bbox 267 1313 347 1363; x_wconf 86' lang='lat' dir='ltr'><strong>qnam</strong></span> <span class='ocrx_word' id='word_1_80' title='bbox 364 1297 421 1348; x_wconf 85' lang='lat' dir='ltr'><strong>ulla</strong></span> <span class='ocrx_word' id='word_1_81' title='bbox 437 1297 491 1348; x_wconf 88' lang='lat' dir='ltr'><strong>alia</strong></span> <span class='ocrx_word' id='word_1_82' title='bbox 508 1312 591 1363; x_wconf 74' lang='lat' dir='ltr'><strong>regna</strong></span> <span class='ocrx_word' id='word_1_83' title='bbox 609 1303 636 1348; x_wconf 88' lang='lat' dir='ltr'><strong>et</strong></span> <span class='ocrx_word' id='word_1_84' title='bbox 649 1297 800 1349; x_wconf 89' lang='lat' dir='ltr'><strong>dominiaiu</strong></span> <span class='ocrx_word' id='word_1_85' title='bbox 810 1299 906 1363; x_wconf 81' lang='lat' dir='ltr'><strong>quibua</strong></span> <span class='ocrx_word' id='word_1_86' title='bbox 925 1297 1013 1348; x_wconf 87' lang='lat' dir='ltr'><strong>adhue</strong></span> <span class='ocrx_word' id='word_1_87' title='bbox 1031 1297 1166 1348; x_wconf 83' lang='lat' dir='ltr'><strong>catholiea</strong></span> <span class='ocrx_word' id='word_1_88' title='bbox 1181 1297 1275 1362; x_wconf 74' lang='lat' dir='ltr'><strong>religio</strong></span> <span class='ocrx_word' id='word_1_89' title='bbox 1294 1298 1369 1363; x_wconf 78' lang='lat' dir='ltr'><strong>viget</strong></span> <span class='ocrx_word' id='word_1_90' title='bbox 1381 1297 1433 1347; x_wconf 86' lang='lat' dir='ltr'><strong>hoc</strong></span> 
     </span>
     <span class='ocr_line' id='line_1_10' title="bbox 171 1382 1436 1452; baseline 0.002 -20"><span class='ocrx_word' id='word_1_91' title='bbox 171 1397 273 1434; x_wconf 89' lang='lat' dir='ltr'><strong>summe</strong></span> <span class='ocrx_word' id='word_1_92' title='bbox 291 1384 441 1452; x_wconf 72' lang='lat' dir='ltr'><strong>neemerie</strong></span> <span class='ocrx_word' id='word_1_93' title='bbox 460 1382 577 1436; x_wconf 86' lang='lat' dir='ltr'><strong>remedio</strong></span> <span class='ocrx_word' id='word_1_94' title='bbox 595 1382 739 1448; x_wconf 70' lang='lat' dir='ltr'><strong>indigeant,</strong></span> <span class='ocrx_word' id='word_1_95' title='bbox 757 1397 774 1434; x_wconf 87' lang='lat' dir='ltr'><strong>e</strong></span> <span class='ocrx_word' id='word_1_96' title='bbox 792 1398 844 1448; x_wconf 89' lang='lat' dir='ltr'><strong>quo</strong></span> <span class='ocrx_word' id='word_1_97' title='bbox 856 1388 945 1434; x_wconf 85' lang='lat' dir='ltr'><strong>tamen</strong></span> <span class='ocrx_word' id='word_1_98' title='bbox 964 1384 1083 1434; x_wconf 89' lang='lat' dir='ltr'><strong>instituto</strong></span> <span class='ocrx_word' id='word_1_99' title='bbox 1100 1388 1191 1434; x_wconf 84' lang='lat' dir='ltr'><strong>nostro</strong></span> <span class='ocrx_word' id='word_1_100' title='bbox 1209 1382 1320 1448; x_wconf 60' lang='lat' dir='ltr'><strong>amendi</strong></span> <span class='ocrx_word' id='word_1_101' title='bbox 1338 1387 1365 1432; x_wconf 91' lang='lat' dir='ltr'><strong>et</strong></span> <span class='ocrx_word' id='word_1_102' title='bbox 1376 1398 1436 1448; x_wconf 87' lang='lat' dir='ltr'><strong>pro·</strong></span> 
     </span>
     <span class='ocr_line' id='line_1_11' title="bbox 173 1467 1436 1535; baseline 0.001 -19"><span class='ocrx_word' id='word_1_103' title='bbox 173 1468 300 1518; x_wconf 85' lang='lat' dir='ltr'><strong>morendi</strong></span> <span class='ocrx_word' id='word_1_104' title='bbox 319 1469 531 1518; x_wconf 73' lang='lat' dir='ltr'><strong>reformationem</strong></span> <span class='ocrx_word' id='word_1_105' title='bbox 549 1467 616 1518; x_wconf 85' lang='lat' dir='ltr'><strong>alios</strong></span> <span class='ocrx_word' id='word_1_106' title='bbox 640 1483 745 1533; x_wconf 91' lang='lat' dir='ltr'><strong>quoque</strong></span> <span class='ocrx_word' id='word_1_107' title='bbox 763 1482 839 1534; x_wconf 73' lang='lat' dir='ltr'><strong>repes</strong></span> <span class='ocrx_word' id='word_1_108' title='bbox 856 1469 989 1534; x_wconf 89' lang='lat' dir='ltr'><strong>principes</strong></span> <span class='ocrx_word' id='word_1_109' title='bbox 1007 1472 1160 1534; x_wconf 74' lang='lat' dir='ltr'><strong>potentatus</strong></span> <span class='ocrx_word' id='word_1_110' title='bbox 1182 1483 1215 1518; x_wconf 91' lang='lat' dir='ltr'><strong>ae</strong></span> <span class='ocrx_word' id='word_1_111' title='bbox 1232 1467 1345 1535; x_wconf 87' lang='lat' dir='ltr'><strong>populos</strong></span> <span class='ocrx_word' id='word_1_112' title='bbox 1363 1467 1436 1518; x_wconf 88' lang='lat' dir='ltr'><strong>haud</strong></span> 
     </span>
     <span class='ocr_line' id='line_1_12' title="bbox 170 1553 1434 1620; baseline -0.002 -16"><span class='ocrx_word' id='word_1_113' title='bbox 170 1569 305 1620; x_wconf 85' lang='lat' dir='ltr'><strong>qusquam</strong></span> <span class='ocrx_word' id='word_1_114' title='bbox 322 1553 424 1604; x_wconf 84' lang='lat' dir='ltr'><strong>alienos</strong></span> <span class='ocrx_word' id='word_1_115' title='bbox 448 1553 608 1604; x_wconf 88' lang='lat' dir='ltr'><strong>credendum</strong></span> <span class='ocrx_word' id='word_1_116' title='bbox 626 1555 668 1614; x_wconf 88' lang='lat' dir='ltr'><strong>ait,</strong></span> <span class='ocrx_word' id='word_1_117' title='bbox 686 1557 715 1604; x_wconf 88' lang='lat' dir='ltr'><strong>ut</strong></span> <span class='ocrx_word' id='word_1_118' title='bbox 733 1555 778 1619; x_wconf 90' lang='lat' dir='ltr'><strong>qui</strong></span> <span class='ocrx_word' id='word_1_119' title='bbox 795 1569 842 1620; x_wconf 90' lang='lat' dir='ltr'><strong>pro</strong></span> <span class='ocrx_word' id='word_1_120' title='bbox 860 1559 936 1620; x_wconf 87' lang='lat' dir='ltr'><strong>perte</strong></span> <span class='ocrx_word' id='word_1_121' title='bbox 955 1553 1117 1607; x_wconf 88' lang='lat' dir='ltr'><strong>eiuscemodi</strong></span> <span class='ocrx_word' id='word_1_122' title='bbox 1135 1554 1280 1606; x_wconf 85' lang='lat' dir='ltr'><strong>voluntatis</strong></span> <span class='ocrx_word' id='word_1_123' title='bbox 1297 1569 1362 1605; x_wconf 86' lang='lat' dir='ltr'><strong>suae</strong></span> <span class='ocrx_word' id='word_1_124' title='bbox 1380 1569 1434 1604; x_wconf 90' lang='lat' dir='ltr'><strong>nou</strong></span> 
     </span>
     <span class='ocr_line' id='line_1_13' title="bbox 171 1637 697 1705; baseline 0.006 -17"><span class='ocrx_word' id='word_1_125' title='bbox 171 1639 314 1689; x_wconf 89' lang='lat' dir='ltr'><strong>obscuram</strong></span> <span class='ocrx_word' id='word_1_126' title='bbox 331 1637 550 1705; x_wconf 72' lang='lat' dir='ltr'><strong>significationem</strong></span> <span class='ocrx_word' id='word_1_127' title='bbox 568 1637 697 1692; x_wconf 81' lang='lat' dir='ltr'><strong>dederint.</strong></span> 
     </span>
    </p>
   </div>
   <div class='ocr_carea' id='block_1_3' title="bbox 671 1818 876 1830">
    <p class='ocr_par' dir='ltr' id='par_1_3' title="bbox 671 1818 876 1830">
     <span class='ocr_line' id='line_1_14' title="bbox 671 1818 876 1830; baseline 0 -2"><span class='ocrx_word' id='word_1_128' title='bbox 671 1818 876 1830; x_wconf 59' lang='lat'><strong>*—</strong></span> 
     </span>
    </p>
   </div>
   <div class='ocr_carea' id='block_1_4' title="bbox 650 2045 906 2132">
    <p class='ocr_par' dir='ltr' id='par_1_4' title="bbox 650 2045 906 2132">
     <span class='ocr_line' id='line_1_15' title="bbox 650 2045 906 2132; baseline -0.016 -1"><span class='ocrx_word' id='word_1_129' title='bbox 650 2045 906 2132; x_wconf 86' lang='lat' dir='ltr'><strong>CCXXXII.</strong></span> 
     </span>
    </p>
   </div>
   <div class='ocr_carea' id='block_1_5' title="bbox 103 2261 1435 2612">
    <p class='ocr_par' dir='ltr' id='par_1_5' title="bbox 103 2261 1435 2612">
     <span class='ocr_line' id='line_1_16' title="bbox 103 2261 1435 2364; baseline -0.003 -24"><span class='ocrx_word' id='word_1_130' title='bbox 103 2261 238 2364; x_wconf 84' lang='lat' dir='ltr'><strong>Oepite</strong></span> <span class='ocrx_word' id='word_1_131' title='bbox 267 2268 453 2364; x_wconf 87' lang='lat' dir='ltr'><strong>quaedem</strong></span> <span class='ocrx_word' id='word_1_132' title='bbox 481 2267 527 2341; x_wconf 89' lang='lat' dir='ltr'><strong>ad</strong></span> <span class='ocrx_word' id='word_1_133' title='bbox 551 2267 789 2342; x_wconf 85' lang='lat' dir='ltr'><strong>fructuosam</strong></span> <span class='ocrx_word' id='word_1_134' title='bbox 818 2263 966 2342; x_wconf 88' lang='lat' dir='ltr'><strong>concilii</strong></span> <span class='ocrx_word' id='word_1_135' title='bbox 998 2263 1296 2340; x_wconf 78' lang='lat' dir='ltr'><strong>celebrationem</strong></span> <span class='ocrx_word' id='word_1_136' title='bbox 1322 2265 1435 2360; x_wconf 88' lang='lat' dir='ltr'><strong>perti-</strong></span> 
     </span>
     <span class='ocr_line' id='line_1_17' title="bbox 185 2389 1356 2494; baseline -0.003 -24"><span class='ocrx_word' id='word_1_137' title='bbox 185 2397 354 2471; x_wconf 85' lang='lat' dir='ltr'><strong>nentiae</strong></span> <span class='ocrx_word' id='word_1_138' title='bbox 381 2393 785 2494; x_wconf 87' lang='lat' dir='ltr'><strong>Quinqueeeclesienei</strong></span> <span class='ocrx_word' id='word_1_139' title='bbox 814 2393 1000 2490; x_wconf 88' lang='lat' dir='ltr'><strong>episeopo</strong></span> <span class='ocrx_word' id='word_1_140' title='bbox 1025 2389 1069 2474; x_wconf 86' lang='grc'><strong>0.</strong></span> <span class='ocrx_word' id='word_1_141' title='bbox 1093 2393 1153 2465; x_wconf 75' lang='lat' dir='ltr'><strong>lllti</strong></span> <span class='ocrx_word' id='word_1_142' title='bbox 1178 2393 1356 2486; x_wconf 78' lang='lat' dir='ltr'><strong>exhibite3</strong></span> 
     </span>
     <span class='ocr_line' id='line_1_18' title="bbox 513 2547 1026 2612; baseline -0.008 -12"><span class='ocrx_word' id='word_1_143' title='bbox 513 2547 716 2612; x_wconf 86' lang='lat' dir='ltr'><strong>Innsbruck,</strong></span> <span class='ocrx_word' id='word_1_144' title='bbox 733 2549 750 2598; x_wconf 73' lang='lat' dir='ltr'><strong>i</strong></span> <span class='ocrx_word' id='word_1_145' title='bbox 768 2547 918 2598; x_wconf 78' lang='lat' dir='ltr'><strong>Februar</strong></span> <span class='ocrx_word' id='word_1_146' title='bbox 936 2547 1026 2597; x_wconf 79' lang='lat' dir='ltr'><strong>taes.</strong></span> 
     </span>
    </p>
   </div>
   <div class='ocr_carea' id='block_1_6' title="bbox 609 2726 953 2799">
    <p class='ocr_par' dir='ltr' id='par_1_6' title="bbox 609 2726 953 2799">
     <span class='ocr_line' id='line_1_19' title="bbox 609 2726 953 2799; baseline -0.015 -13"><span class='ocrx_word' id='word_1_147' title='bbox 609 2727 789 2785; x_wconf 60' lang='lat' dir='ltr'><strong>omnem</strong></span> <span class='ocrx_word' id='word_1_148' title='bbox 814 2726 953 2799; x_wconf 59' lang='lat' dir='ltr'><strong>caetea</strong></span> 
     </span>
    </p>
   </div>
   <div class='ocr_carea' id='block_1_7' title="bbox 100 2871 1439 5028">
    <p class='ocr_par' dir='ltr' id='par_1_7' title="bbox 100 2871 1439 3886">
     <span class='ocr_line' id='line_1_20' title="bbox 207 2871 1437 2960; baseline -0.006 -22"><span class='ocrx_word' id='word_1_149' title='bbox 207 2871 335 2938; x_wconf 84' lang='lat' dir='ltr'><strong>Nudius</strong></span> <span class='ocrx_word' id='word_1_150' title='bbox 356 2873 470 2938; x_wconf 89' lang='lat' dir='ltr'><strong>tertius</strong></span> <span class='ocrx_word' id='word_1_151' title='bbox 497 2873 549 2938; x_wconf 79' lang='lat' dir='ltr'><strong>Me</strong></span> <span class='ocrx_word' id='word_1_152' title='bbox 571 2871 611 2938; x_wconf 91' lang='lat' dir='ltr'><strong>V.</strong></span> <span class='ocrx_word' id='word_1_153' title='bbox 627 2871 660 2940; x_wconf 87' lang='lat' dir='ltr'><strong>S.</strong></span> <span class='ocrx_word' id='word_1_154' title='bbox 683 2871 848 2939; x_wconf 78' lang='lat' dir='ltr'><strong>humilima</strong></span> <span class='ocrx_word' id='word_1_155' title='bbox 871 2871 1050 2959; x_wconf 83' lang='lat' dir='ltr'><strong>significavi</strong></span> <span class='ocrx_word' id='word_1_156' title='bbox 1073 2893 1157 2960; x_wconf 84' lang='lat' dir='ltr'><strong>quae</strong></span> <span class='ocrx_word' id='word_1_157' title='bbox 1173 2892 1291 2936; x_wconf 88' lang='lat' dir='ltr'><strong>causae</strong></span> <span class='ocrx_word' id='word_1_158' title='bbox 1307 2871 1437 2935; x_wconf 83' lang='lat' dir='ltr'><strong>iuenrnt</strong></span> 
     </span>
     <span class='ocr_line' id='line_1_21' title="bbox 100 2973 1436 3063; baseline -0.004 -21"><span class='ocrx_word' id='word_1_159' title='bbox 100 2975 168 3042; x_wconf 89' lang='lat' dir='ltr'><strong>mei</strong></span> <span class='ocrx_word' id='word_1_160' title='bbox 199 2973 264 3040; x_wconf 90' lang='lat' dir='ltr'><strong>huc</strong></span> <span class='ocrx_word' id='word_1_161' title='bbox 294 2974 463 3054; x_wconf 84' lang='lat' dir='ltr'><strong>adventus,</strong></span> <span class='ocrx_word' id='word_1_162' title='bbox 495 2975 590 3042; x_wconf 89' lang='lat' dir='ltr'><strong>simul</strong></span> <span class='ocrx_word' id='word_1_163' title='bbox 618 2977 716 3042; x_wconf 90' lang='lat' dir='ltr'><strong>etiam</strong></span> <span class='ocrx_word' id='word_1_164' title='bbox 743 2975 889 3042; x_wconf 87' lang='lat' dir='ltr'><strong>indicavi</strong></span> <span class='ocrx_word' id='word_1_165' title='bbox 919 2977 1084 3040; x_wconf 88' lang='lat' dir='ltr'><strong>succincte</strong></span> <span class='ocrx_word' id='word_1_166' title='bbox 1112 2974 1190 3063; x_wconf 92' lang='lat' dir='ltr'><strong>quid</strong></span> <span class='ocrx_word' id='word_1_167' title='bbox 1218 2973 1375 3040; x_wconf 86' lang='lat' dir='ltr'><strong>haetenus</strong></span> <span class='ocrx_word' id='word_1_168' title='bbox 1402 2974 1436 3036; x_wconf 91' lang='lat' dir='ltr'><strong>in</strong></span> 
     </span>
     <span class='ocr_line' id='line_1_22' title="bbox 101 3075 1439 3168; baseline -0.004 -24"><span class='ocrx_word' id='word_1_169' title='bbox 101 3078 136 3144; x_wconf 89' lang='lat' dir='ltr'><strong>S.</strong></span> <span class='ocrx_word' id='word_1_170' title='bbox 163 3076 301 3144; x_wconf 91' lang='lat' dir='ltr'><strong>coneilio</strong></span> <span class='ocrx_word' id='word_1_171' title='bbox 331 3087 440 3144; x_wconf 88' lang='lat' dir='ltr'><strong>ectum</strong></span> <span class='ocrx_word' id='word_1_172' title='bbox 467 3081 509 3144; x_wconf 88' lang='lat' dir='ltr'><strong>sit</strong></span> <span class='ocrx_word' id='word_1_173' title='bbox 535 3089 568 3144; x_wconf 90' lang='lat' dir='ltr'><strong>et</strong></span> <span class='ocrx_word' id='word_1_174' title='bbox 590 3103 656 3168; x_wconf 87' lang='lat' dir='ltr'><strong>que</strong></span> <span class='ocrx_word' id='word_1_175' title='bbox 682 3081 737 3144; x_wconf 86' lang='lat' dir='ltr'><strong>vie</strong></span> <span class='ocrx_word' id='word_1_176' title='bbox 763 3103 803 3146; x_wconf 87' lang='lat' dir='ltr'><strong>ee</strong></span> <span class='ocrx_word' id='word_1_177' title='bbox 824 3079 1045 3145; x_wconf 86' lang='lat' dir='ltr'><strong>moderatione</strong></span> <span class='ocrx_word' id='word_1_178' title='bbox 1067 3076 1212 3143; x_wconf 77' lang='lat' dir='ltr'><strong>adhibite</strong></span> <span class='ocrx_word' id='word_1_179' title='bbox 1232 3099 1292 3142; x_wconf 89' lang='lat' dir='ltr'><strong>nos</strong></span> <span class='ocrx_word' id='word_1_180' title='bbox 1314 3075 1376 3140; x_wconf 79' lang='lat' dir='ltr'><strong>Mn.</strong></span> <span class='ocrx_word' id='word_1_181' title='bbox 1397 3075 1439 3140; x_wconf 90' lang='lat' dir='ltr'><strong>V.</strong></span> 
     </span>
     <span class='ocr_line' id='line_1_23' title="bbox 101 3177 1438 3270; baseline -0.004 -22"><span class='ocrx_word' id='word_1_182' title='bbox 101 3192 251 3248; x_wconf 86' lang='lat' dir='ltr'><strong>oratores</strong></span> <span class='ocrx_word' id='word_1_183' title='bbox 268 3184 300 3246; x_wconf 93' lang='lat' dir='ltr'><strong>iu</strong></span> <span class='ocrx_word' id='word_1_184' title='bbox 313 3184 456 3268; x_wconf 86' lang='lat' dir='ltr'><strong>negociis</strong></span> <span class='ocrx_word' id='word_1_185' title='bbox 469 3181 696 3248; x_wconf 88' lang='lat' dir='ltr'><strong>conciliaribus</strong></span> <span class='ocrx_word' id='word_1_186' title='bbox 707 3183 970 3270; x_wconf 85' lang='lat' dir='ltr'><strong>processerimus.</strong></span> <span class='ocrx_word' id='word_1_187' title='bbox 987 3181 1105 3269; x_wconf 90' lang='lat' dir='ltr'><strong>quibus</strong></span> <span class='ocrx_word' id='word_1_188' title='bbox 1120 3180 1260 3266; x_wconf 85' lang='lat' dir='ltr'><strong>benigne</strong></span> <span class='ocrx_word' id='word_1_189' title='bbox 1275 3180 1342 3244; x_wconf 52' lang='grc' dir='ltr'><strong>ΜΝ</strong></span> <span class='ocrx_word' id='word_1_190' title='bbox 1352 3179 1394 3243; x_wconf 91' lang='lat' dir='ltr'><strong>V.</strong></span> <span class='ocrx_word' id='word_1_191' title='bbox 1404 3177 1438 3244; x_wconf 90' lang='lat' dir='ltr'><strong>S.</strong></span> 
     </span>
     <span class='ocr_line' id='line_1_24' title="bbox 101 3281 1436 3374; baseline -0.003 -24"><span class='ocrx_word' id='word_1_192' title='bbox 101 3284 227 3350; x_wconf 89' lang='lat' dir='ltr'><strong>auditis</strong></span> <span class='ocrx_word' id='word_1_193' title='bbox 256 3283 336 3348; x_wconf 90' lang='lat' dir='ltr'><strong>mihi</strong></span> <span class='ocrx_word' id='word_1_194' title='bbox 358 3283 513 3351; x_wconf 88' lang='lat' dir='ltr'><strong>mandare</strong></span> <span class='ocrx_word' id='word_1_195' title='bbox 536 3285 669 3374; x_wconf 84' lang='lat' dir='ltr'><strong>dignate</strong></span> <span class='ocrx_word' id='word_1_196' title='bbox 692 3295 756 3370; x_wconf 91' lang='lat' dir='ltr'><strong>est,</strong></span> <span class='ocrx_word' id='word_1_197' title='bbox 787 3297 823 3350; x_wconf 87' lang='lat' dir='ltr'><strong>ut</strong></span> <span class='ocrx_word' id='word_1_198' title='bbox 845 3285 885 3352; x_wconf 89' lang='lat' dir='ltr'><strong>de</strong></span> <span class='ocrx_word' id='word_1_199' title='bbox 908 3285 947 3350; x_wconf 86' lang='lat' dir='ltr'><strong>iis</strong></span> <span class='ocrx_word' id='word_1_200' title='bbox 970 3307 1056 3374; x_wconf 86' lang='lat' dir='ltr'><strong>quae</strong></span> <span class='ocrx_word' id='word_1_201' title='bbox 1078 3283 1122 3350; x_wconf 91' lang='lat' dir='ltr'><strong>ad</strong></span> <span class='ocrx_word' id='word_1_202' title='bbox 1143 3281 1272 3349; x_wconf 86' lang='lat' dir='ltr'><strong>concilii</strong></span> <span class='ocrx_word' id='word_1_203' title='bbox 1296 3281 1436 3348; x_wconf 88' lang='lat' dir='ltr'><strong>celebra·</strong></span> 
     </span>
     <span class='ocr_line' id='line_1_25' title="bbox 101 3387 1439 3479; baseline -0.001 -27"><span class='ocrx_word' id='word_1_204' title='bbox 101 3389 229 3452; x_wconf 88' lang='lat' dir='ltr'><strong>tionem</strong></span> <span class='ocrx_word' id='word_1_205' title='bbox 260 3387 459 3454; x_wconf 84' lang='lat' dir='ltr'><strong>fructuosam</strong></span> <span class='ocrx_word' id='word_1_206' title='bbox 496 3401 679 3477; x_wconf 79' lang='lat' dir='ltr'><strong>spectarent</strong></span> <span class='ocrx_word' id='word_1_207' title='bbox 711 3392 889 3478; x_wconf 85' lang='lat' dir='ltr'><strong>praecipua</strong></span> <span class='ocrx_word' id='word_1_208' title='bbox 922 3389 1083 3479; x_wconf 87' lang='lat' dir='ltr'><strong>quaedem</strong></span> <span class='ocrx_word' id='word_1_209' title='bbox 1117 3389 1225 3475; x_wconf 85' lang='lat' dir='ltr'><strong>capita</strong></span> <span class='ocrx_word' id='word_1_210' title='bbox 1254 3387 1439 3473; x_wconf 87' lang='lat' dir='ltr'><strong>conscripta</strong></span> 
     </span>
     <span class='ocr_line' id='line_1_26' title="bbox 100 3487 1438 3580; baseline 0.001 -26"><span class='ocrx_word' id='word_1_211' title='bbox 100 3487 156 3554; x_wconf 77' lang='lat' dir='ltr'><strong>Mn</strong></span> <span class='ocrx_word' id='word_1_212' title='bbox 180 3488 220 3555; x_wconf 91' lang='lat' dir='ltr'><strong>V.</strong></span> <span class='ocrx_word' id='word_1_213' title='bbox 238 3490 395 3556; x_wconf 87' lang='lat' dir='ltr'><strong>offerrem.</strong></span> <span class='ocrx_word' id='word_1_214' title='bbox 419 3494 548 3559; x_wconf 87' lang='lat' dir='ltr'><strong>tametsi</strong></span> <span class='ocrx_word' id='word_1_215' title='bbox 562 3502 670 3560; x_wconf 87' lang='lat' dir='ltr'><strong>autem</strong></span> <span class='ocrx_word' id='word_1_216' title='bbox 686 3493 934 3559; x_wconf 88' lang='lat' dir='ltr'><strong>clementissime</strong></span> <span class='ocrx_word' id='word_1_217' title='bbox 949 3495 1126 3580; x_wconf 89' lang='lat' dir='ltr'><strong>imperator</strong></span> <span class='ocrx_word' id='word_1_218' title='bbox 1143 3492 1264 3579; x_wconf 91' lang='lat' dir='ltr'><strong>optime</strong></span> <span class='ocrx_word' id='word_1_219' title='bbox 1287 3490 1347 3555; x_wconf 91' lang='lat' dir='ltr'><strong>sim</strong></span> <span class='ocrx_word' id='word_1_220' title='bbox 1363 3512 1438 3555; x_wconf 89' lang='lat' dir='ltr'><strong>cen·</strong></span> 
     </span>
     <span class='ocr_line' id='line_1_27' title="bbox 102 3593 1438 3682; baseline 0 -26"><span class='ocrx_word' id='word_1_221' title='bbox 102 3594 194 3658; x_wconf 84' lang='lat' dir='ltr'><strong>scius</strong></span> <span class='ocrx_word' id='word_1_222' title='bbox 217 3616 309 3658; x_wconf 86' lang='lat' dir='ltr'><strong>meae</strong></span> <span class='ocrx_word' id='word_1_223' title='bbox 322 3597 496 3676; x_wconf 82' lang='lat' dir='ltr'><strong>tenuitatis,</strong></span> <span class='ocrx_word' id='word_1_224' title='bbox 520 3595 596 3662; x_wconf 89' lang='lat' dir='ltr'><strong>huic</strong></span> <span class='ocrx_word' id='word_1_225' title='bbox 619 3610 728 3662; x_wconf 86' lang='lat' dir='ltr'><strong>tamen</strong></span> <span class='ocrx_word' id='word_1_226' title='bbox 743 3595 804 3661; x_wconf 64' lang='lat' dir='ltr'><strong>Ml·</strong></span> <span class='ocrx_word' id='word_1_227' title='bbox 818 3597 860 3661; x_wconf 93' lang='lat' dir='ltr'><strong>V.</strong></span> <span class='ocrx_word' id='word_1_228' title='bbox 876 3595 909 3662; x_wconf 87' lang='lat' dir='ltr'><strong>S.</strong></span> <span class='ocrx_word' id='word_1_229' title='bbox 933 3595 1086 3662; x_wconf 87' lang='lat' dir='ltr'><strong>mandato</strong></span> <span class='ocrx_word' id='word_1_230' title='bbox 1110 3594 1334 3682; x_wconf 87' lang='lat' dir='ltr'><strong>obtemperare</strong></span> <span class='ocrx_word' id='word_1_231' title='bbox 1349 3593 1438 3658; x_wconf 91' lang='lat' dir='ltr'><strong>enni-</strong></span> 
     </span>
     <span class='ocr_line' id='line_1_28' title="bbox 101 3696 1438 3786; baseline 0 -26"><span class='ocrx_word' id='word_1_232' title='bbox 101 3705 179 3760; x_wconf 90' lang='lat' dir='ltr'><strong>tens</strong></span> <span class='ocrx_word' id='word_1_233' title='bbox 209 3718 249 3762; x_wconf 88' lang='lat' dir='ltr'><strong>ea</strong></span> <span class='ocrx_word' id='word_1_234' title='bbox 276 3719 361 3785; x_wconf 90' lang='lat' dir='ltr'><strong>quae</strong></span> <span class='ocrx_word' id='word_1_235' title='bbox 392 3697 435 3764; x_wconf 87' lang='lat' dir='ltr'><strong>ad</strong></span> <span class='ocrx_word' id='word_1_236' title='bbox 458 3698 586 3765; x_wconf 91' lang='lat' dir='ltr'><strong>concilii</strong></span> <span class='ocrx_word' id='word_1_237' title='bbox 613 3699 726 3765; x_wconf 90' lang='lat' dir='ltr'><strong>utilem</strong></span> <span class='ocrx_word' id='word_1_238' title='bbox 748 3699 801 3764; x_wconf 85' lang='lat' dir='ltr'><strong>vel</strong></span> <span class='ocrx_word' id='word_1_239' title='bbox 824 3701 1067 3786; x_wconf 88' lang='lat' dir='ltr'><strong>suspensionem</strong></span> <span class='ocrx_word' id='word_1_240' title='bbox 1089 3696 1142 3764; x_wconf 90' lang='lat' dir='ltr'><strong>vel</strong></span> <span class='ocrx_word' id='word_1_241' title='bbox 1165 3698 1438 3764; x_wconf 73' lang='lat' dir='ltr'><strong>condonationem</strong></span> 
     </span>
     <span class='ocr_line' id='line_1_29' title="bbox 103 3801 739 3886; baseline 0.008 -24"><span class='ocrx_word' id='word_1_242' title='bbox 103 3809 257 3885; x_wconf 87' lang='lat' dir='ltr'><strong>spectare</strong></span> <span class='ocrx_word' id='word_1_243' title='bbox 281 3801 390 3886; x_wconf 90' lang='lat' dir='ltr'><strong>credo,</strong></span> <span class='ocrx_word' id='word_1_244' title='bbox 412 3801 556 3869; x_wconf 87' lang='lat' dir='ltr'><strong>breviter</strong></span> <span class='ocrx_word' id='word_1_245' title='bbox 578 3805 739 3869; x_wconf 80' lang='lat' dir='ltr'><strong>annotavi.</strong></span> 
     </span>
    </p>

    <p class='ocr_par' dir='ltr' id='par_1_8' title="bbox 104 3904 1438 5028">
     <span class='ocr_line' id='line_1_30' title="bbox 209 3904 1437 3995; baseline -0.002 -25"><span class='ocrx_word' id='word_1_246' title='bbox 209 3905 260 3970; x_wconf 88' lang='lat' dir='ltr'><strong>Ac</strong></span> <span class='ocrx_word' id='word_1_247' title='bbox 282 3908 421 3992; x_wconf 92' lang='lat' dir='ltr'><strong>primum</strong></span> <span class='ocrx_word' id='word_1_248' title='bbox 444 3905 486 3971; x_wconf 91' lang='lat' dir='ltr'><strong>ab</strong></span> <span class='ocrx_word' id='word_1_249' title='bbox 508 3906 572 3973; x_wconf 87' lang='lat' dir='ltr'><strong>hee</strong></span> <span class='ocrx_word' id='word_1_250' title='bbox 593 3907 798 3973; x_wconf 86' lang='lat' dir='ltr'><strong>distinctione</strong></span> <span class='ocrx_word' id='word_1_251' title='bbox 814 3906 1049 3995; x_wconf 84' lang='lat' dir='ltr'><strong>auspicandum</strong></span> <span class='ocrx_word' id='word_1_252' title='bbox 1065 3904 1266 3988; x_wconf 89' lang='lat' dir='ltr'><strong>crediderim,</strong></span> <span class='ocrx_word' id='word_1_253' title='bbox 1288 3905 1437 3968; x_wconf 90' lang='lat' dir='ltr'><strong>nimirum</strong></span> 
     </span>
     <span class='ocr_line' id='line_1_31' title="bbox 104 4005 1438 4098; baseline -0.001 -25"><span class='ocrx_word' id='word_1_254' title='bbox 104 4005 281 4074; x_wconf 90' lang='lat' dir='ltr'><strong>concilium</strong></span> <span class='ocrx_word' id='word_1_255' title='bbox 305 4007 368 4074; x_wconf 91' lang='lat' dir='ltr'><strong>hoe</strong></span> <span class='ocrx_word' id='word_1_256' title='bbox 392 4018 450 4074; x_wconf 87' lang='lat' dir='ltr'><strong>aut</strong></span> <span class='ocrx_word' id='word_1_257' title='bbox 471 4009 514 4075; x_wconf 87' lang='lat' dir='ltr'><strong>ad</strong></span> <span class='ocrx_word' id='word_1_258' title='bbox 534 4009 666 4098; x_wconf 82' lang='lat' dir='ltr'><strong>aliquod</strong></span> <span class='ocrx_word' id='word_1_259' title='bbox 689 4019 812 4076; x_wconf 88' lang='lat' dir='ltr'><strong>eertum</strong></span> <span class='ocrx_word' id='word_1_260' title='bbox 827 4011 1017 4097; x_wconf 88' lang='lat' dir='ltr'><strong>oportunius</strong></span> <span class='ocrx_word' id='word_1_261' title='bbox 1032 4019 1161 4096; x_wconf 89' lang='lat' dir='ltr'><strong>tempus</strong></span> <span class='ocrx_word' id='word_1_262' title='bbox 1176 4005 1438 4094; x_wconf 90' lang='lat' dir='ltr'><strong>suspendendum</strong></span> 
     </span>
     <span class='ocr_line' id='line_1_32' title="bbox 104 4108 1438 4200; baseline 0 -27"><span class='ocrx_word' id='word_1_263' title='bbox 104 4131 180 4174; x_wconf 85' lang='lat' dir='ltr'><strong>csse</strong></span> <span class='ocrx_word' id='word_1_264' title='bbox 194 4119 251 4175; x_wconf 92' lang='lat' dir='ltr'><strong>aut</strong></span> <span class='ocrx_word' id='word_1_265' title='bbox 262 4112 443 4177; x_wconf 83' lang='lat' dir='ltr'><strong>cavendum</strong></span> <span class='ocrx_word' id='word_1_266' title='bbox 456 4114 634 4179; x_wconf 89' lang='lat' dir='ltr'><strong>omninone</strong></span> <span class='ocrx_word' id='word_1_267' title='bbox 645 4113 857 4200; x_wconf 72' lang='lat' dir='ltr'><strong>abrumpatur</strong></span> <span class='ocrx_word' id='word_1_268' title='bbox 869 4123 925 4178; x_wconf 91' lang='lat' dir='ltr'><strong>aut</strong></span> <span class='ocrx_word' id='word_1_269' title='bbox 939 4108 1438 4200; x_wconf 67' lang='lat' dir='ltr'><strong>suspendeturlsuspendendum</strong></span> 
     </span>
     <span class='ocr_line' id='line_1_33' title="bbox 105 4211 1437 4304; baseline 0.001 -28"><span class='ocrx_word' id='word_1_270' title='bbox 105 4211 240 4300; x_wconf 90' lang='lat' dir='ltr'><strong>quidem</strong></span> <span class='ocrx_word' id='word_1_271' title='bbox 263 4215 495 4300; x_wconf 68' lang='lat' dir='ltr'><strong>censerem,‘&#39;si</strong></span> <span class='ocrx_word' id='word_1_272' title='bbox 518 4218 634 4282; x_wconf 87' lang='lat' dir='ltr'><strong>scirem</strong></span> <span class='ocrx_word' id='word_1_273' title='bbox 657 4217 1027 4304; x_wconf 59' lang='lat' dir='ltr'><strong>summumfpontificcm</strong></span> <span class='ocrx_word' id='word_1_274' title='bbox 1055 4217 1321 4302; x_wconf 86' lang='lat' dir='ltr'><strong>maiestatemque</strong></span> <span class='ocrx_word' id='word_1_275' title='bbox 1343 4211 1382 4278; x_wconf 87' lang='lat' dir='ltr'><strong>V.</strong></span> <span class='ocrx_word' id='word_1_276' title='bbox 1401 4211 1437 4278; x_wconf 82' lang='grc' dir='ltr'><strong>Ο.</strong></span> 
     </span>
     <span class='ocr_line' id='line_1_34' title="bbox 106 4315 1437 4410; baseline 0.002 -31"><span class='ocrx_word' id='word_1_277' title='bbox 106 4325 141 4380; x_wconf 90' lang='lat' dir='ltr'><strong>et</strong></span> <span class='ocrx_word' id='word_1_278' title='bbox 164 4315 245 4381; x_wconf 83' lang='lat' dir='ltr'><strong>elios</strong></span> <span class='ocrx_word' id='word_1_279' title='bbox 268 4316 371 4383; x_wconf 56' lang='lat' dir='ltr'><strong>chre·</strong></span> <span class='ocrx_word' id='word_1_280' title='bbox 397 4341 492 4406; x_wconf 85' lang='lat' dir='ltr'><strong>reges</strong></span> <span class='ocrx_word' id='word_1_281' title='bbox 514 4322 678 4408; x_wconf 86' lang='lat' dir='ltr'><strong>principes</strong></span> <span class='ocrx_word' id='word_1_282' title='bbox 701 4331 734 4386; x_wconf 91' lang='lat' dir='ltr'><strong>et</strong></span> <span class='ocrx_word' id='word_1_283' title='bbox 754 4331 941 4410; x_wconf 88' lang='lat' dir='ltr'><strong>potentatus</strong></span> <span class='ocrx_word' id='word_1_284' title='bbox 964 4323 1131 4405; x_wconf 85' lang='lat' dir='ltr'><strong>rigorosas</strong></span> <span class='ocrx_word' id='word_1_285' title='bbox 1152 4317 1250 4383; x_wconf 88' lang='lat' dir='ltr'><strong>realis</strong></span> <span class='ocrx_word' id='word_1_286' title='bbox 1273 4325 1306 4382; x_wconf 88' lang='lat' dir='ltr'><strong>et</strong></span> <span class='ocrx_word' id='word_1_287' title='bbox 1328 4338 1437 4382; x_wconf 88' lang='lat' dir='ltr'><strong>neees-</strong></span> 
     </span>
     <span class='ocr_line' id='line_1_35' title="bbox 106 4419 1437 4512; baseline 0.002 -29"><span class='ocrx_word' id='word_1_288' title='bbox 106 4419 215 4484; x_wconf 88' lang='lat' dir='ltr'><strong>sariae</strong></span> <span class='ocrx_word' id='word_1_289' title='bbox 245 4421 483 4488; x_wconf 88' lang='lat' dir='ltr'><strong>reformationis</strong></span> <span class='ocrx_word' id='word_1_290' title='bbox 517 4447 628 4490; x_wconf 86' lang='lat' dir='ltr'><strong>curam</strong></span> <span class='ocrx_word' id='word_1_291' title='bbox 652 4425 735 4491; x_wconf 91' lang='lat' dir='ltr'><strong>serio</strong></span> <span class='ocrx_word' id='word_1_292' title='bbox 759 4425 925 4512; x_wconf 86' lang='lat' dir='ltr'><strong>suscipere</strong></span> <span class='ocrx_word' id='word_1_293' title='bbox 947 4421 1042 4489; x_wconf 88' lang='lat' dir='ltr'><strong>nolle.</strong></span> <span class='ocrx_word' id='word_1_294' title='bbox 1065 4431 1209 4511; x_wconf 87' lang='lat' dir='ltr'><strong>praestat</strong></span> <span class='ocrx_word' id='word_1_295' title='bbox 1232 4421 1350 4487; x_wconf 88' lang='lat' dir='ltr'><strong>etenim</strong></span> <span class='ocrx_word' id='word_1_296' title='bbox 1372 4443 1437 4486; x_wconf 90' lang='lat' dir='ltr'><strong>om·</strong></span> 
     </span>
     <span class='ocr_line' id='line_1_36' title="bbox 104 4523 1437 4616; baseline -0.001 -28"><span class='ocrx_word' id='word_1_297' title='bbox 104 4525 196 4588; x_wconf 91' lang='lat' dir='ltr'><strong>nium</strong></span> <span class='ocrx_word' id='word_1_298' title='bbox 219 4523 339 4591; x_wconf 92' lang='lat' dir='ltr'><strong>iudicio</strong></span> <span class='ocrx_word' id='word_1_299' title='bbox 368 4525 540 4593; x_wconf 90' lang='lat' dir='ltr'><strong>concilium</strong></span> <span class='ocrx_word' id='word_1_300' title='bbox 562 4525 625 4594; x_wconf 91' lang='lat' dir='ltr'><strong>hoc</strong></span> <span class='ocrx_word' id='word_1_301' title='bbox 647 4549 722 4592; x_wconf 91' lang='lat' dir='ltr'><strong>eum</strong></span> <span class='ocrx_word' id='word_1_302' title='bbox 744 4527 854 4616; x_wconf 90' lang='lat' dir='ltr'><strong>alique</strong></span> <span class='ocrx_word' id='word_1_303' title='bbox 877 4550 936 4616; x_wconf 88' lang='lat' dir='ltr'><strong>spe</strong></span> <span class='ocrx_word' id='word_1_304' title='bbox 964 4527 1094 4593; x_wconf 86' lang='lat' dir='ltr'><strong>futurae</strong></span> <span class='ocrx_word' id='word_1_305' title='bbox 1116 4525 1308 4593; x_wconf 86' lang='lat' dir='ltr'><strong>concordiae</strong></span> <span class='ocrx_word' id='word_1_306' title='bbox 1336 4533 1368 4589; x_wconf 91' lang='lat' dir='ltr'><strong>et</strong></span> <span class='ocrx_word' id='word_1_307' title='bbox 1388 4545 1437 4588; x_wconf 92' lang='lat' dir='ltr'><strong>re·</strong></span> 
     </span>
     <span class='ocr_line' id='line_1_37' title="bbox 108 4625 1438 4718; baseline 0 -28"><span class='ocrx_word' id='word_1_308' title='bbox 108 4625 309 4692; x_wconf 85' lang='lat' dir='ltr'><strong>formationis</strong></span> <span class='ocrx_word' id='word_1_309' title='bbox 333 4629 497 4718; x_wconf 85' lang='lat' dir='ltr'><strong>suspendi,</strong></span> <span class='ocrx_word' id='word_1_310' title='bbox 532 4653 627 4718; x_wconf 87' lang='lat' dir='ltr'><strong>quam</strong></span> <span class='ocrx_word' id='word_1_311' title='bbox 652 4631 721 4696; x_wconf 89' lang='lat' dir='ltr'><strong>sino</strong></span> <span class='ocrx_word' id='word_1_312' title='bbox 750 4631 838 4696; x_wconf 90' lang='lat' dir='ltr'><strong>omni</strong></span> <span class='ocrx_word' id='word_1_313' title='bbox 859 4630 966 4695; x_wconf 88' lang='lat' dir='ltr'><strong>fructu</strong></span> <span class='ocrx_word' id='word_1_314' title='bbox 994 4642 1090 4718; x_wconf 87' lang='lat' dir='ltr'><strong>atquc</strong></span> <span class='ocrx_word' id='word_1_315' title='bbox 1113 4631 1211 4695; x_wconf 89' lang='lat' dir='ltr'><strong>etiam</strong></span> <span class='ocrx_word' id='word_1_316' title='bbox 1239 4651 1312 4694; x_wconf 91' lang='lat' dir='ltr'><strong>eum</strong></span> <span class='ocrx_word' id='word_1_317' title='bbox 1340 4629 1438 4692; x_wconf 89' lang='lat' dir='ltr'><strong>totius</strong></span> 
     </span>
     <span class='ocr_line' id='line_1_38' title="bbox 105 4727 1438 4820; baseline -0.002 -26"><span class='ocrx_word' id='word_1_318' title='bbox 105 4727 214 4795; x_wconf 90' lang='lat' dir='ltr'><strong>bonae</strong></span> <span class='ocrx_word' id='word_1_319' title='bbox 237 4731 307 4818; x_wconf 92' lang='lat' dir='ltr'><strong>spei</strong></span> <span class='ocrx_word' id='word_1_320' title='bbox 329 4733 453 4798; x_wconf 84' lang='lat' dir='ltr'><strong>iactura</strong></span> <span class='ocrx_word' id='word_1_321' title='bbox 486 4732 636 4819; x_wconf 90' lang='lat' dir='ltr'><strong>orbisque</strong></span> <span class='ocrx_word' id='word_1_322' title='bbox 659 4755 779 4818; x_wconf 85' lang='lat' dir='ltr'><strong>magna</strong></span> <span class='ocrx_word' id='word_1_323' title='bbox 801 4730 1175 4820; x_wconf 80' lang='lat' dir='ltr'><strong>perturbationeeleudi</strong></span> <span class='ocrx_word' id='word_1_324' title='bbox 1206 4755 1246 4796; x_wconf 85' lang='lat' dir='ltr'><strong>ae</strong></span> <span class='ocrx_word' id='word_1_325' title='bbox 1268 4729 1438 4796; x_wconf 86' lang='lat' dir='ltr'><strong>infeliciter</strong></span> 
     </span>
     <span class='ocr_line' id='line_1_39' title="bbox 107 4833 1438 4925; baseline 0.002 -25"><span class='ocrx_word' id='word_1_326' title='bbox 107 4833 163 4900; x_wconf 84' lang='lat' dir='ltr'><strong>vel</strong></span> <span class='ocrx_word' id='word_1_327' title='bbox 186 4844 272 4898; x_wconf 91' lang='lat' dir='ltr'><strong>certe</strong></span> <span class='ocrx_word' id='word_1_328' title='bbox 294 4835 492 4902; x_wconf 87' lang='lat' dir='ltr'><strong>infructuose</strong></span> <span class='ocrx_word' id='word_1_329' title='bbox 513 4835 613 4913; x_wconf 86' lang='lat' dir='ltr'><strong>liniri;</strong></span> <span class='ocrx_word' id='word_1_330' title='bbox 642 4833 761 4902; x_wconf 90' lang='lat' dir='ltr'><strong>nollem</strong></span> <span class='ocrx_word' id='word_1_331' title='bbox 784 4835 1004 4925; x_wconf 60' lang='lat' dir='ltr'><strong>tamen&#39;ffqued</strong></span> <span class='ocrx_word' id='word_1_332' title='bbox 1025 4837 1092 4901; x_wconf 73' lang='lat' dir='ltr'><strong>Ma.</strong></span> <span class='ocrx_word' id='word_1_333' title='bbox 1113 4837 1154 4901; x_wconf 92' lang='lat' dir='ltr'><strong>V.</strong></span> <span class='ocrx_word' id='word_1_334' title='bbox 1178 4835 1211 4902; x_wconf 88' lang='lat' dir='ltr'><strong>S.</strong></span> <span class='ocrx_word' id='word_1_335' title='bbox 1234 4837 1340 4924; x_wconf 88' lang='lat' dir='ltr'><strong>prima</strong></span> <span class='ocrx_word' id='word_1_336' title='bbox 1361 4836 1438 4902; x_wconf 91' lang='lat' dir='ltr'><strong>huie</strong></span> 
     </span>
     <span class='ocr_line' id='line_1_40' title="bbox 108 4936 1437 5028; baseline 0.005 -28"><span class='ocrx_word' id='word_1_337' title='bbox 108 4936 313 5023; x_wconf 85' lang='lat' dir='ltr'><strong>suspensioni</strong></span> <span class='ocrx_word' id='word_1_338' title='bbox 344 4960 475 5004; x_wconf 85' lang='lat' dir='ltr'><strong>causam</strong></span> <span class='ocrx_word' id='word_1_339' title='bbox 502 4937 691 5025; x_wconf 88' lang='lat' dir='ltr'><strong>praebuisse</strong></span> <span class='ocrx_word' id='word_1_340' title='bbox 713 4938 886 5005; x_wconf 86' lang='lat' dir='ltr'><strong>videretur.</strong></span> <span class='ocrx_word' id='word_1_341' title='bbox 916 4939 1004 5028; x_wconf 92' lang='lat' dir='ltr'><strong>quod</strong></span> <span class='ocrx_word' id='word_1_342' title='bbox 1034 4939 1063 5003; x_wconf 90' lang='lat' dir='ltr'><strong>si</strong></span> <span class='ocrx_word' id='word_1_343' title='bbox 1083 4949 1191 5006; x_wconf 87' lang='lat' dir='ltr'><strong>autem</strong></span> <span class='ocrx_word' id='word_1_344' title='bbox 1218 4949 1350 5027; x_wconf 85' lang='lat' dir='ltr'><strong>propter</strong></span> <span class='ocrx_word' id='word_1_345' title='bbox 1371 4962 1437 5006; x_wconf 90' lang='lat' dir='ltr'><strong>ma-</strong></span> 
     </span>
    </p>
   </div>
   <div class='ocr_carea' id='block_1_8' title="bbox 108 5041 1438 5202">
    <p class='ocr_par' dir='ltr' id='par_1_9' title="bbox 108 5041 1438 5202">
     <span class='ocr_line' id='line_1_41' title="bbox 108 5041 1438 5130; baseline 0.001 -23"><span class='ocrx_word' id='word_1_346' title='bbox 108 5043 216 5107; x_wconf 86' lang='lat' dir='ltr'><strong>ximas</strong></span> <span class='ocrx_word' id='word_1_347' title='bbox 238 5042 447 5108; x_wconf 79' lang='lat' dir='ltr'><strong>necessitates</strong></span> <span class='ocrx_word' id='word_1_348' title='bbox 476 5043 605 5108; x_wconf 90' lang='lat' dir='ltr'><strong>omnino</strong></span> <span class='ocrx_word' id='word_1_349' title='bbox 629 5041 882 5108; x_wconf 88' lang='lat' dir='ltr'><strong>continuandum</strong></span> <span class='ocrx_word' id='word_1_350' title='bbox 904 5043 1062 5128; x_wconf 86' lang='lat' dir='ltr'><strong>videatur,</strong></span> <span class='ocrx_word' id='word_1_351' title='bbox 1092 5041 1200 5110; x_wconf 86' lang='lat' dir='ltr'><strong>dende</strong></span> <span class='ocrx_word' id='word_1_352' title='bbox 1221 5055 1270 5110; x_wconf 91' lang='lat' dir='ltr'><strong>est</strong></span> <span class='ocrx_word' id='word_1_353' title='bbox 1291 5045 1438 5130; x_wconf 91' lang='lat' dir='ltr'><strong>inprimis</strong></span> 
     </span>
     <span class='ocr_line' id='line_1_42' title="bbox 1287 5149 1338 5202; baseline 0 0"><span class='ocrx_word' id='word_1_354' title='bbox 1287 5149 1338 5202; x_wconf 77' lang='lat'><strong>28*</strong></span> 
     </span>
    </p>
   </div>
   <div class='ocr_carea' id='block_1_9' title="bbox 0 0 1743 5826">
    <p class='ocr_par' dir='ltr' id='par_1_10' title="bbox 0 0 1743 5826">
     <span class='ocr_line' id='line_1_43' title="bbox 0 0 1743 5826; baseline 0 0"><span class='ocrx_word' id='word_1_355' title='bbox 0 0 1743 5826; x_wconf 95' lang='lat' dir='ltr'><strong> </strong></span> 
     </span>
    </p>
   </div>
  </div>
 </body>
</html>
