3498 5830
354 527 415 592 lat

350 719 406 804 qui
440 739 513 784 cum
535 719 581 782 eis
604 717 819 804 suscipientur
839 714 925 781 hanc
954 716 1144 782 sententiam
1171 714 1278 802 palam
1306 714 1558 780 dicturos·esse.
1585 710 1686 800 quod

351 820 481 910 quidem
504 819 673 886 concilium
695 818 857 886 nationale
878 840 942 886 non
964 820 998 884 iu
1020 840 1094 886 eum
1114 817 1210 884 finem
1233 816 1397 884 celebrare
1424 814 1604 899 intendunt,
1645 824 1687 879 ut

348 947 407 1012 per
428 923 463 989 id
483 923 678 1010 impediatur
699 944 890 1010 progressus
912 921 1039 988 concilii
1061 921 1231 1009 generalis,
1254 920 1312 986 sed
1334 930 1370 986 ut
1385 921 1425 984 sit
1439 917 1528 986 utilis
1537 927 1576 985 et
1590 917 1685 983 salu·

348 1027 426 1092 taris
455 1026 615 1113 quaedam
642 1027 847 1114 praeparatio
877 1025 976 1091 futuri
1004 1024 1130 1093 concilii
1158 1023 1336 1114 generalia,
1371 1025 1418 1089 sie
1449 1032 1558 1088 tamen
1586 1021 1686 1086 insti·

348 1128 461 1196 tuendi
492 1137 529 1194 ut
561 1139 683 1195 eertum
705 1131 746 1195 sit
767 1131 865 1196 etiam
886 1151 1046 1194 summum
1067 1128 1252 1217 pontificem
1274 1129 1343 1194 eius
1365 1126 1625 1192 determinationi
1650 1133 1687 1189 et

349 1232 486 1299 decretis
519 1253 590 1299 sese
620 1233 863 1299 submissurum.
899 1256 965 1323 qua
992 1235 1048 1299 via
1078 1230 1206 1298 concilii
1233 1230 1407 1307 rationalis
1433 1232 1516 1296 inita
1544 1237 1685 1316 sperant

347 1357 415 1401 rem
437 1358 476 1402 eo
498 1336 675 1402 adductum
696 1338 736 1402 iri
757 1347 803 1423 nt,
827 1339 854 1404 si
875 1359 940 1403 non
961 1339 1019 1403 fiat
1039 1339 1072 1403 in
1093 1338 1279 1403 universum
1301 1334 1475 1402 concordia
1496 1331 1681 1420 religionis,

348 1440 436 1527 quod
458 1449 565 1506 tamen
586 1463 646 1529 pro
667 1463 786 1528 magna
806 1450 899 1529 parte
920 1441 1031 1507 futura
1051 1449 1084 1507 et
1104 1439 1208 1507 multa
1228 1438 1458 1527 impedimenta
1479 1459 1518 1503 ac
1539 1434 1683 1502 difficul-

346 1551 430 1610 tates
452 1543 578 1611 concilii
600 1544 769 1611 sublatura
790 1545 841 1611 ait.

448 1674 542 1757 Quae
564 1676 591 1740 si
613 1676 678 1741 iam
700 1674 823 1741 dudum
844 1675 989 1740 instituta
1010 1673 1136 1758 fuisset,
1172 1681 1303 1740 censent
1333 1670 1422 1738 baud
1451 1669 1548 1736 dubie
1574 1668 1681 1734 rebus

345 1775 509 1864 religionis
531 1788 618 1845 recte
641 1778 764 1846 consuli
785 1779 929 1866 potuisse
951 1787 992 1862 et,
1020 1777 1096 1844 licet
1122 1775 1266 1842 nonnulli
1288 1773 1406 1841 multus
1428 1796 1530 1840 annos
1552 1795 1682 1862 nequa-

347 1903 444 1967 quam
474 1880 713 1949 contendissent
733 1881 818 1948 hanc
839 1882 925 1947 viam
948 1879 1075 1947 concilii
1095 1877 1266 1946 rationalis
1288 1903 1353 1946 non
1372 1877 1493 1944 habere
1514 1873 1625 1944 locum
1649 1885 1683 1940 et

251 1995 256 2004 '
347 1983 583 2051 ecclesiasticos
595 1984 789 2052 Germaniae
800 2008 865 2054 non
876 2007 972 2074 posse
983 1985 1017 2051 id
1028 1985 1207 2068 admittere,
1220 1982 1308 2072 quod
1320 2005 1355 2048 se
1364 1980 1427 2047 boc
1437 1979 1532 2047 modo
1545 1979 1588 2046 ab
1605 1977 1681 2044 reli·

346 2091 418 2178 quis
436 2088 621 2154 nationibus
638 2111 789 2177 separare
800 2088 995 2172 viderentur,
1008 2099 1116 2156 tamma
1127 2110 1213 2153 nune
1224 2087 1301 2152 satis
1313 2108 1470 2176 apparere
1481 2108 1523 2150 an
1534 2083 1681 2150 caruerit

343 2189 425 2257 baec
434 2193 805 2259 eorumcontentioomni
815 2194 947 2259 rationis
959 2191 1088 2276 iudicio,
1096 2201 1128 2258 ct
1139 2213 1236 2282 quam
1248 2189 1385 2257 candide
1397 2190 1621 2280 quaesiverint
1632 2187 1677 2252 illi

345 2293 481 2365 salutem
503 2304 536 2362 et
551 2296 756 2363 concordiam
771 2299 905 2387 patriae,
928 2306 1027 2387 atque
1049 2296 1083 2362 id
1104 2297 1210 2384 ipsum
1225 2315 1353 2384 quoque
1368 2292 1494 2360 ostendi
1507 2293 1677 2380 praesenti

344 2397 513 2465 Gallorum
535 2399 694 2489 exemplo,
717 2400 773 2468 ubi
795 2400 1033 2468 ecclesiasticus
1056 2399 1135 2467 ordo
1157 2399 1228 2466 sedi
1244 2397 1439 2487 apostolicae
1454 2397 1550 2485 longe
1565 2397 1676 2484 magis

344 2502 505 2591 obligatus
527 2505 647 2571 existat
668 2514 700 2571 et
720 2503 820 2571 multo
842 2505 965 2571 minore
989 2503 1138 2571 libertate
1159 2501 1286 2569 fimatur
1307 2524 1407 2590 quam
1428 2504 1461 2567 in
1483 2500 1675 2567 Germania

273 2598 280 2628 ⁸
344 2609 481 2698 quodsi
509 2606 606 2676 liceat
633 2609 794 2696 episcopis
822 2619 855 2675 et
880 2606 1035 2697 praelatis
1057 2605 1185 2673 Galliae
1212 2607 1293 2673 inire
1320 2604 1405 2672 hane
1434 2607 1520 2672 viam
1543 2603 1674 2671 concilii

343 2709 513 2778 rationalis
535 2712 604 2777 sinc
626 2710 737 2800 aliqua
758 2711 942 2796 offensione,
972 2733 1030 2778 cur
1050 2734 1116 2780 non
1145 2709 1241 2778 liceat
1268 2710 1379 2777 itidem
1402 2707 1574 2776 Germanis
1606 2719 1675 2775 tam

343 2813 473 2881 salubre
495 2815 671 2882 remedium
694 2815 871 2902 amplecti?
1728 2807 1729 2816 ¹

443 2963 500 3032 Ex
519 2963 570 3030 bis
592 2986 672 3032 sane
691 2973 726 3032 et
746 2961 818 3032 aliis
840 2961 1049 3047 sermonibus,
1073 2985 1154 3050 quos
1169 2964 1220 3032 vir
1240 2961 1294 3029 illa
1308 2971 1418 3028 amtor
1438 2959 1543 3028 fidelis
1556 2960 1675 3030 habuit

342 3089 417 3134 oum
439 3067 534 3135 dictis
543 3065 756 3155 Augustanae
777 3066 987 3135 confessionis
1007 3065 1173 3134 ordinibus
1187 3064 1370 3154 perplures
1391 3065 1470 3149 dies,
1494 3063 1670 3146 concludit,

343 3171 432 3260 quod
452 3181 485 3240 et
505 3194 559 3238 res
579 3173 652 3260 ipsa
676 3169 831 3259 loquitur,
866 3171 895 3236 si
916 3169 989 3236 8²¹²*
1012 3170 1054 3238 D.
1076 3170 1116 3236 N.
1150 3171 1325 3258 perstiterit
1350 3171 1385 3236 in
1412 3171 1571 3237 sententia
1596 3191 1669 3236 con·

340 3274 489 3344 tinumdi
511 3274 638 3342 concilii
659 3273 838 3341 Tridentini
861 3296 997 3362 musque
1018 3295 1078 3362 per
1098 3273 1305 3342 indictionem
1329 3271 1553 3362 publicaverit,
1591 3270 1669 3338 nibil

342 3381 460 3446 certius
482 3378 721 3467 expectandum
743 3377 812 3446 fore
835 3400 933 3466 quam
954 3388 990 3444 ut
1011 3377 1168 3466 reliquiae
1196 3376 1360 3464 religionis
1381 3387 1511 3446 nostrae
1534 3375 1666 3444 catholi-

341 3504 400 3550 cae
421 3485 456 3550 in
477 3480 654 3553 Germania
675 3506 741 3551 una
762 3505 836 3550 cum
858 3483 929 3550 ocio
951 3492 984 3550 et
1004 3483 1112 3570 quiete
1134 3482 1203 3548 eius
1224 3481 1375 3570 omnique
1395 3502 1504 3548 rerum
1526 3488 1615 3548 stetu
1636 3479 1667 3542 iu

341 3609 501 3656 summurn
524 3587 705 3672 discrimen
727 3609 770 3654 ne
790 3587 937 3675 protinus
958 3586 992 3652 in
1012 3572 1170 3674 praeceps
1192 3594 1297 3668 ruant,
1319 3582 1534 3652 addamntrr.

441 3726 528 3793 Huic
550 3736 658 3793 autem
680 3724 839 3815 colloquio
862 3722 950 3812 quod
964 3723 1081 3812 prafati
1095 3721 1224 3789 ordines
1240 3745 1313 3789 cum
1334 3721 1421 3790 dicto
1435 3721 1532 3789 fidele
1545 3730 1664 3803 nostro,

339 3835 377 3896 ut
398 3829 652 3897 demonstratum
673 3840 731 3915 est,
754 3829 829 3895 illac
855 3837 1040 3894 uanseunte
1067 3825 1259 3911 habuerunt,
1288 3828 1491 3894 occasionem
1516 3826 1666 3914 praebuit

341 3933 428 4023 quod
461 3933 559 4001 iidem
587 3933 717 4020 ordines
744 3941 893 4004 exactam
921 3931 1073 3998 noticiam
1095 3932 1279 4018 acceperint
1300 3953 1343 3997 cx
1364 3929 1460 3997 Italia
1487 3939 1519 3996 et
1539 3929 1663 4018 potissi·

339 4060 428 4104 mum
450 4060 493 4105 ex
510 4037 591 4105 urbe
615 4038 758 4105 omnium
779 4059 890 4104 eorum
912 4057 996 4122 quae
1017 4033 1173 4101 hactenus
1200 4035 1283 4100 inter
1304 4033 1372 4100 ΒΜ
1394 4033 1464 4101 eius
1490 4041 1523 4100 et
1543 4056 1603 4100 nos
1625 4030 1664 4096 de

339 4139 390 4207 bis
411 4141 508 4208 rebus
530 4141 657 4210 concilii
677 4149 816 4208 tractata
836 4141 974 4225 fuerunt,
1003 4139 1091 4230 quod
1119 4162 1184 4206 nen
1205 4160 1377 4227 possumus
1399 4139 1477 4205 satis
1500 4135 1661 4217 admirari,

341 4246 418 4333 quia
431 4267 496 4311 non
510 4245 696 4334 putavimus
717 4246 780 4311 ista
801 4244 872 4311 illos
895 4245 1080 4332 cognituros
1100 4243 1179 4310 fore.
1203 4265 1287 4332 qnae
1302 4241 1451 4330 equidem
1465 4239 1524 4308 tibi
1540 4243 1574 4306 in
1589 4259 1660 4307 eum

339 4347 434 4415 finem
463 4349 632 4415 scribimus
659 4357 696 4415 ut
721 4371 789 4416 rem
818 4371 945 4416 omnem
973 4371 1046 4416 cum
1068 4346 1114 4415 8¹·
1141 4349 1211 4414 eius
1245 4345 1443 4415 confidenter
1474 4354 1507 4412 et
1539 4350 1659 4412 secreto

340 4453 557 4519 eommunices
579 4451 734 4541 dicasque
755 4450 798 4519 8¹¹
816 4453 894 4538 eius,
924 4474 984 4519 nos
1010 4473 1075 4518 non
1102 4461 1274 4540 propterea
1305 4473 1375 4518 rem
1404 4451 1499 4516 istam
1520 4448 1658 4516 voluisse

339 4577 413 4622 cum
435 4554 480 4623 S²⁸
498 4558 565 4623 eius
588 4557 742 4641 conferre,
776 4557 865 4645 quod
892 4557 954 4645 ipsi
978 4577 1106 4646 quoque
1126 4555 1212 4623 banc
1230 4557 1319 4622 viam
1342 4553 1471 4622 concilii
1490 4550 1657 4621 nationalis

339 4660 512 4747 probemus
534 4669 591 4727 aut
612 4662 822 4750 requiramus,
850 4659 908 4728 sed
936 4670 973 4728 ut
995 4659 1053 4727 δ”·
1075 4657 1108 4727 S.
1131 4661 1171 4726 iis
1191 4657 1361 4726 intellectis
1387 4667 1477 4725 tantu
1498 4657 1656 4725 meliorem

339 4765 541 4831 occasionem
562 4763 682 4831 habeat
704 4765 881 4852 cogitandi,
905 4787 989 4853 quae
1011 4764 1155 4852 pericula
1177 4774 1306 4852 atquae
1326 4760 1442 4830 turbae
1458 4755 1655 4850 expectanda

339 4869 411 4953 sint,
444 4869 506 4934 nisi
540 4867 711 4935 concilium
739 4891 777 4936 eo
799 4868 895 4935 modo
923 4868 1109 4934 instituatur
1137 4866 1177 4934 dc
1200 4889 1264 4957 quo
1287 4865 1353 4934 8⁸⁸¹*
1376 4867 1445 4933 eius
1477 4871 1655 4933 reverenter

339 4971 573 5057 admonuimus,
600 4981 633 5039 et
665 4981 702 5039 ut
728 4979 817 5040 tanto
839 4971 965 5039 facilius
987 4971 1045 5039 Sa·
1067 4973 1136 5040 eius
1157 4963 1377 5059 impendentia
1397 4970 1483 5037 mala
1505 4991 1564 5036 sua
1585 4985 1653 5056 pm-
