3532 5832
331 480 412 590 ιε’

328 709 487 798 religione
515 721 548 778 et
568 713 720 780 massime
742 715 776 780 in
798 712 990 795 Germania,
1026 713 1156 804 laquale
1184 717 1329 786 anchora
1355 718 1374 783 h
1401 717 1496 804 quasi
1524 714 1672 782 lameth

328 813 416 881 nella
436 837 518 882 vera
537 815 695 904 religione
717 817 895 903 catholica,
924 828 957 885 et
979 820 1056 906 ogni
1078 818 1111 884 di
1134 842 1178 886 va
1197 821 1395 906 mancando,
1425 829 1458 887 et
1479 819 1498 884 h
1518 841 1579 906 per
1598 841 1671 885 non

327 916 430 985 haver
451 919 673 989 consolatione
694 942 736 988 ne
757 942 836 990 vero
858 921 1003 990 remedio
1031 920 1149 991 alcuno
1172 922 1216 990 da
1247 934 1363 1014 questa
1384 933 1479 990 santa
1500 920 1598 1006 sede,
1634 930 1672 988 et

329 1042 364 1088 se
386 1044 453 1089 non
474 1023 503 1088 si
524 1046 674 1092 soccorre
695 1034 821 1112 presto,
856 1035 955 1114 teugo
983 1048 1042 1113 per
1064 1035 1152 1093 certo
1174 1027 1235 1094 che
1260 1027 1311 1094 fra
1337 1038 1387 1094 tre
1409 1050 1428 1094 o
1451 1035 1566 1116 quatro
1588 1026 1670 1092 anni

328 1123 394 1192 alla
413 1126 472 1213 pin
493 1125 593 1217 lungo
615 1129 644 1194 si
665 1125 824 1216 potrebbe
845 1127 965 1216 perder
984 1139 1070 1195 tutta
1091 1151 1153 1196 con
1175 1130 1417 1198 evidentissimo
1429 1193 1434 1200 ,
1446 1129 1554 1196 danno
1577 1127 1669 1195 della

328 1227 422 1294 sedin
443 1232 637 1318 apostolica,
661 1242 694 1300 et
714 1255 781 1300 non
802 1233 836 1297 vi
858 1255 935 1299 sara
954 1233 1012 1320 piu
1025 1256 1068 1300 ne
1090 1233 1203 1301 ordine
1224 1258 1266 1303 ne
1287 1245 1397 1324 tempo
1413 1233 1447 1300 di
1467 1230 1669 1321 provederli,

326 1332 477 1402 vedendo
502 1335 562 1403 che
584 1359 651 1404 non
672 1334 851 1403 solamente
872 1335 907 1402 la
927 1335 1069 1404 Francia
1089 1338 1124 1404 in
1144 1347 1239 1425 parte
1261 1347 1294 1405 et
1314 1337 1389 1405 altri
1410 1338 1519 1425 regni,
1541 1357 1597 1401 ma
1611 1357 1671 1401 an-

328 1434 429 1504 chora
449 1436 470 1504 l'
482 1437 580 1506 Italia
602 1448 635 1506 et
656 1439 760 1507 Roma
780 1440 898 1506 istessa
919 1441 1044 1528 patisce
1065 1440 1209 1528 pericolo
1232 1441 1274 1509 de
1295 1442 1513 1508 innovatione.
1547 1475 1591 1487 ·-
1624 1439 1669 1503 ri·

330 1561 426 1628 spese
448 1539 472 1606 il
494 1541 676 1610 cardinale:
699 1542 897 1610 attendiamo
919 1565 940 1610 a
960 1543 1011 1610 iar
1032 1566 1078 1610 un
1099 1541 1189 1611 buon
1202 1567 1307 1632 papa,
1330 1544 1391 1612 ohe
1412 1546 1462 1610 sia
1483 1540 1672 1610 amorovole

328 1641 471 1734 benigno
494 1645 637 1714 ethnon
665 1667 848 1734 compagno
877 1668 939 1713 con
965 1646 988 1712 li
1018 1645 1177 1714 cardinali
1198 1658 1231 1715 et
1260 1647 1321 1715 che
1342 1647 1512 1714 volentieri
1535 1644 1590 1712 dia
1612 1667 1671 1712 au·

329 1745 447 1814 dienza
469 1757 502 1815 et
522 1751 710 1838 provisione
732 1748 788 1816 alli
811 1748 968 1816 cardinali
988 1752 1117 1837 poveri,
1150 1751 1210 1818 che
1232 1753 1309 1838 ogni
1331 1774 1410 1820 cosa
1431 1749 1555 1818 andere
1575 1749 1671 1815 bene.

329 1872 384 1916 ma
406 1863 527 1941 quanto
551 1851 607 1920 alli
627 1854 729 1920 vostri
741 1852 898 1920 Germani
911 1853 1051 1941 bisogna
1072 1855 1237 1924 celebrare
1251 1879 1297 1922 un
1319 1854 1455 1922 concilio
1476 1876 1537 1941 per
1556 1850 1670 1934 vader,

330 1974 365 2019 se
388 1956 416 2020 si
437 1963 567 2042 potesse
590 1955 751 2024 concedar
771 1954 840 2022 loro
863 1954 1001 2045 qualche
1023 1979 1102 2024 cosa
1122 1960 1210 2026 circa
1232 1958 1421 2044 ilconiugio
1450 1956 1483 2023 di
1505 1954 1672 2024 sacerdoti

330 2067 364 2123 et
384 2056 417 2123 la
439 2059 664 2126 communione
679 2059 740 2126 suh
756 2069 895 2148 utraque
918 2061 1043 2148 specie,
1066 2069 1099 2128 et
1112 2083 1173 2148 per
1194 2070 1309 2151 questo
1324 2085 1370 2128 un
1390 2062 1479 2128 buon
1499 2082 1589 2148 papa
1603 2080 1671 2126 non

331 2160 509 2228 manchera
530 2161 564 2228 di
585 2161 655 2230 fare
677 2172 799 2252 quanto
822 2165 851 2228 si
871 2165 981 2250 pona,
1004 2173 1037 2231 et
1057 2164 1123 2231 ben
1144 2166 1173 2229 si
1193 2175 1326 2232 trovera
1346 2163 1444 2231 modo
1467 2172 1500 2230 et
1521 2161 1670 2244 rimaldo,

332 2287 399 2331 non
421 2263 579 2331 dubitate.
602 2266 662 2331 s'd
683 2268 768 2332 visto
791 2265 935 2333 anchora
957 2266 1029 2334 chel
1051 2266 1188 2336 concilio
1210 2267 1371 2353 Niaaeno,
1394 2265 1418 2332 il
1440 2266 1539 2357 quale
1560 2266 1605 2332 ha
1627 2264 1671 2331 da

336 2390 428 2434 esser
447 2377 560 2435 tennto
583 2391 676 2436 come
697 2369 721 2435 li
743 2371 828 2436 sacri
850 2369 1027 2458 evangelii,
1049 2371 1093 2437 ha
1107 2393 1263 2438 concesso
1278 2370 1417 2460 qualche
1439 2393 1517 2437 cosa
1538 2371 1626 2436 circa
1639 2368 1671 2434 le

334 2471 454 2558 moglie
477 2472 519 2538 de
549 2474 634 2560 preti
665 2495 726 2560 per
747 2473 924 2540 accordare
952 2472 986 2539 la
1008 2472 1119 2540 chiesa
1147 2475 1311 2541 orientale.
1341 2511 1385 2522 -
1416 2475 1448 2540 io
1470 2472 1516 2560 gli
1538 2473 1672 2560 risposi:

333 2582 422 2640 certo
442 2573 503 2640 Μ’·
521 2576 588 2641 mai
608 2577 640 2643 io
662 2598 729 2643 non
749 2577 876 2662 vorrei,
906 2578 940 2643 in
962 2577 1067 2665 questi
1089 2577 1158 2643 casi
1185 2579 1214 2642 si
1235 2577 1469 2645 concedessero
1491 2575 1547 2641 alli
1568 2575 1672 2642 nostri

333 2698 412 2743 cosa
432 2676 568 2764 alcuna,
588 2677 710 2768 perche
733 2678 871 2746 sarebho
892 2679 926 2745 la
946 2681 1041 2746 urina
1063 2679 1149 2746 della
1170 2680 1280 2748 chiesa
1301 2681 1478 2767 catholica3
1501 2702 1567 2746 non
1581 2700 1671 2744 man·

333 2778 474 2848 charano
497 2781 570 2850 altri
591 2783 680 2850 modi
703 2781 737 2848 di
758 2782 868 2850 ridure
889 2781 923 2850 la
945 2781 1123 2852 Germania
1144 2781 1210 2852 alla
1231 2783 1405 2852 ubidienza
1425 2784 1537 2850 aeneia
1558 2792 1671 2872 queste

332 2886 543 2952 concessioni.
565 2923 609 2934 -
640 2885 763 2975 replico
785 2884 808 2951 il
830 2886 1016 2956 cardinale:
1039 2911 1106 2956 non
1119 2887 1284 2973 dubitate,
1306 2887 1441 2956 lasciate
1455 2888 1524 2954 fare
1545 2884 1672 2974 ilpapa

332 2995 367 3053 et
387 2985 410 3052 il
433 2989 584 3075 concilio,
620 2989 682 3057 che
702 2998 912 3058 retroverano
944 2991 1029 3058 hene
1057 3003 1179 3081 quanto
1208 2993 1237 3057 si
1258 2990 1341 3058 deve
1362 2991 1442 3058 fare.
1486 2989 1669 3056 ilconcilio

333 3087 582 3161 Constantiense
605 3115 759 3162 concesse
782 3093 887 3162 ancho
916 3093 973 3160 alli
994 3095 1109 3161 Boemi
1136 3094 1171 3161 la
1193 3096 1418 3162 communione
1447 3093 1508 3159 sub
1530 3104 1669 3182 utraque

333 3193 450 3280 specie.
497 3206 530 3263 et
556 3219 645 3286 papa
665 3197 768 3265 Paulo
790 3198 842 3264 111
871 3197 967 3264 diede
995 3220 1061 3264 una
1087 3197 1231 3265 hollain
1253 3197 1337 3263 simil
1360 3220 1436 3266 caso
1458 3196 1595 3262 alliR²¹¹
1621 3195 1665 3262 S‘¹

330 3295 479 3385 Pighino,
501 3298 595 3367 Fano
618 3311 651 3368 et
670 3301 812 3369 Verona.
840 3340 885 3352 —
913 3300 992 3367 dissi
1013 3301 1060 3367 io:
1098 3300 1158 3368 che
1181 3303 1231 3368 cio
1253 3301 1289 3367 fu
1309 3325 1403 3386 vero,
1425 3324 1480 3367 ma
1502 3300 1562 3366 che
1583 3322 1672 3388 papa

332 3399 436 3468 Panlo
452 3405 611 3490 aggionse
633 3406 667 3470 in
688 3405 735 3472 tal
758 3407 968 3473 concessione
990 3427 1057 3471 una
1079 3403 1278 3490 conditione,
1317 3405 1378 3472 che
1398 3405 1434 3471 fu
1455 3413 1582 3470 novato
1604 3404 1671 3469 mai

332 3525 395 3590 pur
416 3527 481 3571 uno
505 3507 565 3574 che
585 3506 757 3576 l'havesse
779 3510 845 3575 mai
867 3517 1037 3574 accettata.
1075 3545 1117 3557 -
1154 3507 1177 3573 il
1199 3508 1364 3575 cardinale
1392 3507 1426 3574 di
1452 3532 1537 3575 novo
1567 3506 1669 3574 disse:

334 3629 401 3674 non
423 3606 584 3696 dubitate,
609 3610 632 3676 il
653 3635 742 3702 papa
762 3611 867 3679 vedra
886 3611 971 3678 hene
994 3621 1116 3700 quanto
1138 3613 1166 3679 si
1186 3635 1253 3699 pno
1276 3613 1354 3679 fare.

437 3711 545 3780 Finito
560 3713 584 3780 il
598 3717 867 3804 raggionamento
893 3717 999 3781 tornai
1021 3715 1086 3782 alla
1105 3716 1172 3782 mia
1198 3714 1295 3800 cella,
1319 3724 1352 3782 et
1365 3713 1541 3782 rimirando
1557 3723 1669 3804 queste

332 3812 465 3900 parole,
500 3817 550 3883 cio
574 3817 609 3902 e,
643 3841 679 3885 se
702 3820 730 3884 si
751 3829 918 3906 potessero
948 3819 1126 3885 concedere
1155 3818 1186 3884 le
1207 3818 1328 3906 moglie
1350 3817 1404 3884 alli
1426 3821 1510 3907 preti
1533 3818 1567 3885 di
1589 3817 1671 3885 Ger.

333 3919 444 4006 mania
466 3929 499 3985 et
519 3918 553 3985 la
576 3924 802 3988 communione
824 3921 885 3988 suh
908 3931 1046 4010 utraque
1069 3921 1194 4010 specie,
1231 3923 1262 3988 io
1290 3923 1393 3988 entrai
1422 3924 1456 3988 in
1482 3945 1564 4010 gran
1587 3945 1670 3989 com-

332 4021 475 4088 motione
498 4032 531 4089 et
551 4045 594 4090 ne
616 4026 703 4112 presi
732 4023 883 4112 scrupulo
912 4023 1129 4112 grandissimo
1146 4073 1153 4088 .
1170 4072 1178 4090 .
1195 4073 1203 4090 .
1219 4033 1253 4091 et
1280 4025 1348 4091 cosi
1377 4027 1465 4092 stetti
1486 4037 1670 4092 veramente

334 4125 526 4192 conturbato
550 4137 583 4193 et
603 4127 830 4214 maravigliato
852 4127 1039 4215 pensando,
1062 4126 1123 4194 che
1144 4129 1178 4194 in
1192 4127 1295 4195 Roma
1309 4137 1342 4194 et
1362 4129 1396 4194 in
1412 4128 1559 4196 conclavi
1582 4139 1614 4196 et
1628 4128 1671 4193 da

333 4249 397 4294 uno
422 4227 482 4294 che
504 4229 523 4294 ὸ
546 4232 712 4298 nominato
734 4231 1002 4319 principalmente
1028 4241 1080 4298 tra
1102 4232 1114 4295 i
1141 4228 1304 4320 papabili,
1342 4233 1373 4300 io
1403 4230 1533 4299 dovessi
1555 4233 1670 4298 sentire

332 4353 379 4396 un
399 4329 446 4396 tal
469 4343 618 4400 concetto
642 4356 663 4401 a
683 4357 736 4400 me
758 4341 849 4401 tanto
877 4333 1079 4400 scandoloso.
1113 4335 1235 4400 conferi
1265 4333 1363 4422 dapoi
1390 4334 1414 4400 il
1439 4345 1523 4402 tutto
1546 4358 1607 4402 con
1628 4335 1669 4402 al-

334 4435 409 4500 cuni
430 4436 506 4501 miei
530 4435 803 4504 confederati...
826 4435 924 4524 dopoi
946 4439 977 4504 io
994 4436 1093 4504 andai
1107 4438 1247 4503 rit-ovar
1268 4437 1356 4504 detto
1379 4437 1543 4504 cardinale
1558 4437 1592 4504 di
1605 4440 1670 4504 vita

334 4536 532 4627 essemplare
556 4539 777 4607 conferendoli
798 4539 822 4606 il
842 4550 927 4607 tutto
933 4590 943 4624 ,
977 4539 1141 4608 dicendoli
1164 4539 1240 4625 che,
1264 4551 1474 4630 quantunque
1496 4542 1527 4608 le
1548 4539 1669 4629 parolle

336 4638 390 4705 del
411 4641 487 4706 11100
508 4665 575 4708 non
596 4643 723 4711 fussmo
746 4652 830 4711 state
852 4643 886 4710 al
906 4645 972 4710 mio
994 4666 1126 4732 parere,
1148 4653 1273 4712 mentre
1302 4643 1364 4711 che
1384 4647 1430 4710 mi
1450 4643 1604 4732 parlava,
1637 4643 1669 4709 di

332 4742 420 4808 mala
441 4745 634 4831 intentione,
664 4745 861 4815 nondimeno
884 4746 1121 4814 considerando
1142 4745 1227 4814 bene
1248 4745 1282 4812 la
1307 4750 1458 4831 matoria,
1486 4748 1532 4812 mi
1568 4745 1669 4813 havea

333 4845 555 4914 scandalizato
584 4857 617 4914 et
650 4848 729 4915 data
750 4852 921 4917 occasione
949 4849 984 4916 di
1010 4851 1104 4916 venir
1134 4873 1155 4915 a
1174 4859 1287 4916 trovar
1314 4849 1347 4916 S.
1370 4849 1429 4917 δή·
1449 4850 1525 4916 Ille·
1544 4873 1605 4938 per
1625 4850 1668 4916 di·

333 4949 457 5015 scarico
480 4948 514 5015 di
536 4951 602 5017 mia
623 4954 826 5020 consciente.
849 4953 872 5019 il
894 4953 991 5042 quale
1013 4951 1179 5021 cardinale
1201 4955 1246 5019 mi
1267 4955 1392 5041 rispose
1414 4977 1477 5021 con
1496 4954 1598 5020 molta
1618 4977 1666 5020 ca·

332 5053 410 5137 riu,
432 5073 498 5120 non
520 5055 763 5143 interpretando
784 5059 819 5123 in
839 5055 925 5124 male
946 5056 978 5123 le
998 5055 1112 5145 parole
1134 5055 1187 5122 del
1210 5055 1376 5122 cardinale
1400 5057 1434 5124 di
1449 5057 1587 5144 Medioi;
1608 5079 1667 5147 pur
