3460 5826
1335 574 1393 640 lll

60 759 227 828 catholici
250 763 452 851 imperatoris
475 785 514 828 ac
535 761 690 850 principis
707 761 812 828 officio
828 770 860 827 et
874 785 894 827 a
907 759 1063 848 religione
1077 759 1133 827 illa
1149 785 1245 850 quam
1261 785 1281 829 a
1295 761 1395 830 maio-

56 865 157 930 ribus
183 869 301 932 nostris
323 891 382 955 per
395 889 510 932 manus
533 865 683 931 traditam
706 867 900 953 accepimus,
922 888 963 930 ne
985 864 1085 930 latum
1109 865 1240 952 quidem
1255 890 1396 953 unguem

58 969 160 1055 quod
185 970 229 1036 ad
250 979 392 1036 nostram
415 993 587 1058 personam
609 971 722 1035 attinet
748 969 908 1054 recursuri
931 969 1039 1033 simus.
1070 989 1128 1033 nos
1151 992 1208 1056 pro
1230 991 1269 1034 ea
1291 993 1396 1036 rerum

55 1071 339 1140 Germanicarum
360 1075 475 1140 notitia
496 1095 594 1162 quam
615 1072 713 1160 longo
736 1095 797 1137 usu
817 1073 910 1136 annis
931 1069 1068 1161 amplius
1083 1071 1126 1135 40
1141 1074 1331 1160 acquisitam
1353 1082 1398 1138 te-

54 1197 197 1254 nemus,
221 1179 358 1244 scientes
375 1185 530 1265 quantum
546 1177 698 1242 momenti
720 1175 763 1240 ad
777 1175 1034 1265 recuperandam
1053 1176 1220 1263 pristinam
1243 1176 1398 1241 unitatem

54 1278 114 1342 vel
141 1279 261 1344 saltem
291 1279 333 1344 ad
355 1279 595 1348 conservandas
617 1279 716 1344 hasce
737 1289 910 1364 pertenues
938 1275 1101 1364 religionis
1125 1276 1301 1343 catholicae
1324 1277 1395 1343 reli-

54 1383 162 1468 quias
189 1384 334 1450 conferat
354 1384 549 1464 reformatio,
579 1407 645 1449 non
666 1383 784 1447 frustra
806 1383 937 1470 petiisse
960 1391 1005 1465 ut,
1027 1383 1216 1469 priusquam
1238 1381 1293 1446 illa
1316 1391 1395 1446 tam·

55 1507 168 1571 quam
192 1487 298 1572 magis
318 1489 501 1553 neccssaria
523 1495 781 1574 pertractaretur,
806 1507 826 1549 a
848 1483 1047 1550 discussione
1071 1485 1255 1572 dogmatum
1272 1487 1398 1549 interim

56 1589 348 1675 supersederem,
372 1591 519 1678 allegatis
540 1590 730 1656 firmissimis
753 1590 960 1675 argumentis,
984 1588 1042 1654 sed
1064 1591 1165 1676 magis
1193 1599 1301 1654 nostro
1325 1612 1398 1654 cum

56 1690 184 1757 dolore
207 1714 340 1758 cernere
362 1695 459 1782 quod,
482 1693 674 1781 posthabitis
689 1691 868 1778 potioribus
883 1691 1117 1758 reformationis
1133 1692 1284 1772 articulis,
1310 1692 1398 1757 dum-

57 1805 164 1860 taxat
180 1795 344 1863 levissima
358 1808 391 1862 et
405 1799 619 1863 minutissima
641 1795 802 1884 quaedam
816 1804 1001 1880 tangantur,
1024 1804 1057 1860 et
1071 1796 1158 1882 quod
1180 1807 1304 1862 tantum
1320 1805 1398 1861 tem·

56 1901 159 1984 poris
178 1911 363 1966 conteratur
379 1901 597 1988 disputatione
611 1899 737 1964 articuli
752 1898 793 1962 de
807 1898 984 1964 residentia
1004 1907 1036 1964 et
1057 1900 1256 1965 institutione
1278 1900 1399 1988 episco-

57 2025 199 2088 porum,
222 2027 300 2070 num
322 2007 364 2069 sit
387 2004 427 2071 de
449 2006 519 2071 iure
543 2004 651 2070 divino
674 2001 727 2068 vel
749 2002 903 2089 positivo3
928 2025 1001 2069 curn
1024 2003 1109 2068 enim
1130 2003 1336 2068 manifestum
1359 2005 1400 2069 sit

59 2108 245 2196 episcopos
274 2107 394 2174 debere
422 2110 488 2173 suis
519 2105 665 2173 eeclesiis
693 2128 844 2194 praeesse
872 2127 992 2194 easque
1015 2129 1128 2193 regere
1156 2115 1189 2172 et
1209 2107 1398 2193 gubernare,

58 2209 166 2276 nobis
189 2211 293 2277 videri
315 2211 404 2298 quod
425 2233 490 2277 non
513 2233 594 2298 opus
616 2211 729 2276 fixisset
750 2221 818 2274 tam
839 2207 938 2296 longa
953 2212 1165 2292 contentione,
1189 2210 1247 2276 sed
1262 2211 1349 2299 quod
1364 2211 1398 2276 id

59 2317 217 2380 maxime
239 2335 325 2379 nunc
341 2314 502 2401 agendum
518 2325 551 2379 et
566 2312 778 2378 laborandum
798 2322 891 2391 esset,
912 2323 949 2377 ut
964 2315 1108 2400 episcopi
1122 2315 1156 2378 in
1171 2316 1236 2378 suis
1253 2314 1397 2382 ecclesiis

58 2418 264 2504 praesertim
285 2415 335 2482 his
358 2416 641 2482 turbulentissimis
664 2415 862 2502 temporibus
883 2415 1025 2481 residere
1048 2426 1080 2480 et
1100 2428 1288 2503 praesentes
1312 2421 1399 2506 quod

60 2527 219 2609 ipsorum
241 2528 291 2586 est
312 2519 410 2586 officii
432 2519 604 2606 diligenter
615 2530 647 2584 et
661 2518 773 2584 sedulo
796 2527 958 2606 praestare
980 2519 1176 2604 iuberentur,
1199 2542 1303 2609 neque
1325 2545 1397 2610 pro-

64 2626 140 2692 lixe
165 2623 410 2712 disquirendum
432 2646 495 2712 quo
519 2623 561 2688 ad
583 2623 617 2688 id
638 2625 707 2689 iure
729 2631 905 2706 teneantur,
939 2623 1200 2711 quandoquidem
1223 2647 1278 2691 eos
1301 2624 1399 2691 adid

61 2730 176 2796 teneri
198 2749 291 2794 nemo
314 2728 439 2793 inficias
461 2727 507 2794 ire
529 2734 645 2814 potest,
667 2749 729 2792 neo
751 2726 872 2792 referre
890 2727 959 2792 sive
982 2726 1090 2792 divino
1113 2729 1182 2794 sive
1203 2729 1343 2816 positivo
1367 2739 1399 2794 et

60 2833 214 2900 humano
237 2833 306 2896 iure
328 2829 362 2896 id
383 2830 449 2914 fiat,
473 2831 550 2918 quin
573 2832 669 2896 etiam
692 2828 768 2896 ΒΜ
790 2829 833 2894 D.
855 2829 895 2894 N.
918 2830 1097 2918 rogandum
1116 2841 1148 2896 et
1161 2831 1397 2898 adhortandum

63 2947 111 3021 ut,
140 2935 296 3024 quoniam
317 2931 380 2999 hoc
401 2955 497 2999 onere
519 2933 713 2998 residentiae
734 2941 767 2998 et
788 2933 924 2998 aliarum
946 2933 1146 2999 functionum
1167 2933 1409 3023 episcopalium'

61 3038 164 3106 multi
187 3037 335 3104 levantur
351 3059 411 3126 per
425 3037 681 3126 dispensationes
698 3035 901 3124 apostolicas,
926 3035 981 3102 ΞΝ
1002 3036 1034 3102 S.
1051 3036 1228 3102 secundum
1244 3039 1396 3105 eximiam

67 3166 170 3210 suam
193 3143 346 3228 pietatem
373 3143 407 3206 in
428 3139 492 3206 hoc
514 3163 593 3206 casu
621 3163 694 3206 cum
716 3139 804 3206 nullo
828 3142 980 3229 episcopo
1003 3140 1082 3206 velit
1104 3140 1301 3228 dispensare,
1334 3143 1397 3207 nisi
1463 3157 1465 3162 '

63 3248 126 3313 ubi
150 3245 188 3310 id
208 3243 340 3332 publica
362 3255 394 3310 et
409 3243 543 3310 evidens
566 3242 807 3308 christianitatis
829 3241 950 3309 utilitas
972 3266 1106 3330 poscere
1125 3243 1298 3330 videbitur,
1321 3246 1397 3333 quin

63 3353 170 3416 etiam
193 3349 458 3436 dispensationes,
483 3368 564 3435 quas
585 3346 649 3412 hoc
669 3345 798 3412 saeculo
820 3345 894 3432 plus
917 3345 1100 3412 detrimenti
1117 3369 1215 3435 quam
1236 3347 1396 3414 commodi

64 3451 231 3519 ecclesiae
260 3451 387 3516 adferre
418 3473 458 3516 ac
486 3449 581 3516 facile
608 3449 650 3515 ob
681 3449 841 3537 quaslibet
871 3471 985 3514 causas
1016 3450 1151 3517 concedi
1181 3459 1323 3533 constat,
1352 3449 1396 3516 ad

65 3557 227 3643 pristinos
250 3577 390 3620 canones
411 3574 590 3620 revocare.
607 3601 615 3617 .
632 3602 639 3616 .

174 3659 348 3724 Praeterea
370 3660 398 3723 si
415 3655 706 3724 animadverteritis
718 3654 842 3742 legatos
866 3665 898 3720 et
911 3666 1020 3743 patres
1043 3655 1170 3723 concilii
1190 3656 1278 3723 nullo
1301 3657 1396 3724 modo

65 3761 184 3828 induci
206 3783 302 3850 posse
325 3772 361 3826 ut
382 3763 605 3827 uastationem
628 3760 814 3847 dogmatum
835 3782 965 3848 prorsus
988 3761 1209 3844 intermittant,
1238 3760 1395 3827 debebitis

67 3887 207 3953 operam
229 3863 307 3930 dare
329 3873 365 3928 ut
387 3863 500 3929 salum
521 3873 694 3950 utrumque
715 3864 885 3950 negocium
902 3859 997 3928 simul
1011 3873 1174 3948 tractetur,
1197 3875 1325 3953 patrum
1340 3888 1396 3931 nu·

67 3990 162 4034 mero
178 3969 211 4031 in
227 3968 308 4033 duas
324 3966 444 4032 classes
461 3967 630 4033 distributo
646 3989 782 4054 quarum
797 3968 852 4030 uni
865 3966 1033 4054 provincia
1057 3966 1292 4033 reformationis
1307 3970 1397 4034 insti·

68 4071 223 4156 tuendae,
246 4071 339 4136 alteri
354 4069 627 4136 discutiendorum
640 4069 827 4156 dogmatum
842 4091 920 4135 cura
934 4069 1102 4155 tribuatur,
1126 4071 1397 4159 quemadmodum

67 4176 172 4262 legati
194 4183 227 4240 et
240 4185 349 4263 patres
372 4198 435 4263 quo
458 4173 569 4268 ordine
591 4173 625 4238 id
639 4172 806 4241 commode
829 4183 861 4239 et
881 4183 969 4240 recte
990 4173 1060 4240 fieri
1082 4185 1179 4263 queat
1204 4175 1298 4242 facile
1321 4199 1396 4242 con·

69 4281 206 4346 stituent
221 4328 229 4344 .
245 4326 274 4344 ..

174 4391 245 4457 Der
265 4391 377 4477 Kdnig
391 4413 455 4458 von
471 4389 614 4479 Spauien
637 4389 700 4454 will
723 4413 787 4456 von
803 4389 867 4457 den
877 4390 1024 4477 Legatcn
1047 4391 1119 4456 sine
1140 4392 1397 4480 [maweideutige

70 4493 259 4581 Erklttrung
280 4494 339 4560 der
360 4494 490 4562 Olausel
511 4493 765 4583 proponentibus
787 4492 902 4581 legatis
924 4494 1101 4582 verlangen
1129 4496 1196 4561 und
1218 4494 1313 4562 bittet
1333 4495 1396 4562 den

71 4600 190 4664 Kaiser
218 4599 285 4664 und
312 4598 364 4664 die
392 4597 523 4686 Konige
553 4622 617 4666 von
639 4597 842 4664 Frankreioh
868 4597 935 4663 und
962 4597 1117 4686 Portugal
1145 4599 1214 4671 ihre
1237 4599 1396 4668 Oratoren

72 4704 278 4770 anzuweisen
300 4702 363 4768 den
379 4703 502 4769 Grafen
516 4702 612 4769 Luna
633 4704 667 4768 in
684 4703 789 4770 dieser
802 4702 995 4790 Forderung
1009 4727 1050 4769 au
1065 4708 1294 4772 untersttitzen.
1318 4705 1395 4772 Fer-

73 4807 195 4873 dinand
210 4805 343 4873 beliehlt
356 4805 581 4894 demgemttss:
674 4817 710 4872 ut
723 4807 853 4894 quando
877 4817 1003 4894 tempus
1027 4809 1087 4874 erit
1108 4821 1319 4875 memoratam
1341 4811 1394 4877 de-

73 4911 282 4979 clarationem
293 4910 487 4998 requirendi,
511 4910 597 4977 dicto
613 4912 722 4978 comiti
736 4911 777 4978 de
788 4911 884 4978 Luna
897 4933 957 4977 vos
972 4913 1175 5000 coniungatis
1190 4915 1284 5001 eique
1300 4917 1397 4981 etiam

74 5017 153 5083 alias
175 5017 208 5082 in
229 5015 450 5104 promovenda
478 5015 626 5082 libertato
648 5016 777 5082 concilii
808 5027 840 5082 et
862 5015 999 5083 utilitate
1022 5017 1153 5104 publica
1176 5019 1342 5103 assistatis,
1366 5029 1398 5086 et

73 5122 199 5188 interim
219 5143 293 5188 rem
309 5119 517 5186 dissimuletis
539 5131 572 5186 et
590 5123 836 5188 secretissimam
859 5125 1007 5210 teneatis,
1032 5123 1135 5194 donec
1153 5127 1397 5194 communicatis
