3460 5826
1372 513 1435 582 m

10 727 11 732 ¹
110 701 242 786 piamun,
266 710 303 766 ut
325 723 398 766 cum
422 701 507 766 sedis
529 703 631 788 ipsius
653 701 850 788 apostelicae
873 701 988 789 legatis
1000 706 1211 787 consentiant,
1234 722 1273 768 ac
1295 701 1434 790 denique

10 889 11 896 ἵ
108 803 307 872 voluntatem
328 815 471 872 nostram
495 815 528 871 et
549 805 743 872 desiderium
766 806 955 892 dignitatem
978 809 1046 872 eius
1063 806 1186 872 salvam
1202 816 1234 872 et
1248 806 1435 873 inviolatam

10 971 11 990 2
108 910 324 976 conservandi
347 910 495 976 omnibus
518 920 628 976 notam
650 911 757 978 faeere
781 933 938 976 curemus.
962 911 1169 978 recordamur
1196 919 1304 978 autem
1325 912 1433 999 proxi-

106 1014 166 1076 mis
190 1012 306 1079 diebus
328 1015 365 1078 R.
390 1015 578 1102 episcopum
599 1015 795 1080 Pharensem
826 1016 972 1080 nuntium
999 1013 1049 1080 Sfl·
1072 1013 1114 1081 V.
1142 1014 1204 1080 hae
1232 1017 1304 1102 ipsa
1331 1014 1372 1080 de
1399 1037 1434 1080 re

104 1117 275 1182 nobiscum
296 1139 455 1206 perquam
478 1129 629 1184 accurate
652 1121 772 1205 egisse,
800 1118 857 1184 ubi
888 1127 974 1184 certe
996 1141 1115 1184 nevum
1139 1128 1171 1184 et
1192 1121 1433 1204 inexpectatum

103 1219 198 1284 nobie
221 1220 344 1286 accidit
366 1221 453 1310 quod
474 1231 543 1287 tum
566 1222 749 1304 dicebatur,
785 1245 805 1287 a
833 1221 1028 1310 quibusdam
1060 1221 1206 1310 patribus
1234 1224 1267 1286 in
1297 1222 1432 1288 concilio

102 1334 299 1409 potestatem
322 1334 354 1390 et
376 1325 545 1412 privilegia
567 1325 598 1392 S.
621 1327 673 1391 isti
697 1326 767 1392 sedi
789 1348 809 1390 a
831 1326 892 1391 deo
915 1324 954 1391 Ο.
978 1326 1021 1390 Μ.
1046 1347 1200 1392 concessa
1221 1325 1357 1412 regendi
1372 1327 1431 1391 sci-

101 1424 179 1492 licet
201 1437 234 1492 et
262 1429 417 1515 pascendi
450 1430 665 1494 universalem
700 1427 871 1495 eeclesiam
903 1431 936 1493 in
971 1431 1223 1495 controversiam
1255 1428 1431 1494 adductam

100 1529 221 1614 fuisse,
258 1531 519 1619 quandoquidem
541 1532 634 1598 nobis
656 1555 715 1620 pro
738 1543 848 1598 nestro
870 1535 960 1599 tenui
990 1533 1150 1598 derebus
1173 1531 1362 1619 theologicis
1385 1533 1430 1596 iu-

100 1634 188 1701 dicio
211 1635 368 1700 haetenus
390 1635 513 1701 nullum
534 1659 677 1724 unquam
700 1657 738 1701 ea
759 1635 800 1700 de
822 1659 858 1701 re
873 1635 1005 1701 dubium
1021 1637 1168 1718 occurrit,
1193 1637 1248 1722 qui
1265 1637 1325 1701 hee
1340 1657 1431 1722 prae·

98 1738 246 1805 dicatum
262 1737 302 1804 S*¹
323 1739 364 1803 V.
381 1741 413 1804 in
429 1738 531 1805 literis
553 1741 670 1804 nostris
686 1763 813 1826 semper
826 1739 996 1806 tribuimus
1012 1763 1052 1805 ac
1067 1739 1131 1806 ΒΜ
1146 1739 1185 1804 V.
1201 1748 1330 1805 sanetae
1346 1739 1383 1806 R.
1400 1749 1431 1804 et

98 1841 295 1908 universalis
318 1839 475 1908 ecelesiae
495 1865 654 1908 summum
675 1844 860 1929 pontificem
883 1841 1047 1930 appellare
1082 1865 1247 1931 nunquam
1270 1841 1428 1908 dubitavi·

10 1975 11 1978 ¹
97 1969 182 2013 mus.
213 1947 322 2034 itaque
350 1955 429 2011 tunc
456 1945 619 2012 intellecta
647 1945 868 2012 huiuscemodi
902 1949 1134 2030 controversia,
1171 1967 1248 2012 mox
1282 1946 1430 2012 dedimus

10 2033 11 2040 ἵ
97 2049 259 2115 mandata
280 2048 463 2116 oratoribus
485 2051 604 2114 neseis
628 2052 682 2138 qui
706 2051 828 2115 suntin
851 2049 998 2132 oeneilio,
1022 2060 1058 2115 ut
1080 2073 1119 2117 ea
1140 2050 1181 2115 de
1203 2071 1238 2116 re
1253 2052 1382 2115 nomine
1398 2059 1430 2114 et

96 2153 173 2218 loce
195 2161 307 2218 nostre
330 2175 405 2219 cum
426 2151 577 2239 praelatis
600 2153 755 2240 Hispanis
778 2163 809 2218 et
831 2153 936 2218 Gallis
959 2155 1094 2240 agerent
1122 2174 1242 2240 eosque
1265 2152 1306 2218 ab
1330 2155 1428 2218 emni-

95 2257 160 2322 bns
184 2279 251 2324 nen
273 2256 464 2322 necessariis
488 2255 758 2342 disputationibus
774 2257 1027 2336 dehortarentur,
1051 2279 1134 2345 quae
1149 2268 1260 2322 nostra
1275 2257 1429 2324 mandata

96 2372 216 2446 postea
236 2381 346 2424 rursus
369 2360 416 2424 eis
439 2358 608 2444 diligenter
630 2359 872 2443 memoavimus,
897 2360 1157 2449 quandoquidem
1179 2361 1428 2447 propensissime

96 2486 232 2552 semper
251 2457 370 2528 fuimus
392 2471 490 2550 atque
524 2464 698 2528 etiamnum
731 2485 840 2528 sumus
872 2466 978 2529 animo
1007 2464 1050 2528 ad
1077 2463 1316 2550 procurandum
1342 2465 1430 2527 omni

96 2569 209 2634 studio
233 2576 330 2654 atque
352 2577 470 2633 conatu
497 2589 708 2654 quaecunque
736 2567 780 2632 ad
807 2566 858 2632 8²¹·
880 2568 921 2633 V.
952 2568 1141 2654 dignitatem
1167 2569 1327 2655 pertinere
1354 2566 1428 2631 risa

97 2681 185 2738 sunt.
209 2670 271 2737 hoc
295 2672 379 2735 enim
400 2667 539 2754 ingenue
561 2671 750 2758 profitemur
771 2694 830 2737 nes
853 2671 971 2738 debere
993 2671 1141 2760 plurimis
1163 2680 1260 2760 atque
1281 2669 1427 2758 praeela-

98 2775 241 2840 rissimis
264 2775 391 2860 paterni
414 2775 532 2840 ameris
555 2774 667 2839 officiis
702 2797 786 2862 quae
809 2775 863 2840 Sm
891 2777 930 2840 V.
964 2776 1059 2842 nobis
1093 2784 1124 2840 et
1157 2774 1265 2840 domui
1297 2784 1427 2840 nostrae

95 2879 255 2944 Austriae
281 2875 489 2942 multifariam
517 2877 654 2942 mirifica
676 2878 817 2966 quadam
840 2878 1006 2944 voluntate
1037 2880 1205 2966 praestitit,
1239 2899 1322 2965 quae
1350 2899 1428 2944 sane

97 2993 177 3048 sunt
199 2981 336 3068 plurima
360 2989 392 3044 et
413 2979 491 3044 talia
513 2991 550 3045 ut
580 3004 618 3046 ea
646 2983 765 3046 mutuis
794 2981 902 3048 filialis
933 2983 1080 3070 obsequii
1111 2981 1224 3047 studiis
1253 2983 1428 3072 promereri

95 3087 382 3154 vehementissime
405 3085 583 3171 cupiamus.
608 3088 685 3172 quin
708 3086 805 3151 etiam
828 3088 1032 3172 agnoscimus
1054 3109 1113 3152 nes
1141 3095 1295 3174 tanquam
1318 3107 1428 3173 supre-

97 3215 189 3260 mum
224 3189 420 3257 advocatum
457 3199 489 3254 et
517 3199 734 3275 protectorem
763 3190 812 3255 Se.
836 3192 875 3255 V.
911 3200 943 3256 et
969 3189 1002 3255 S.
1026 3190 1111 3256 sedis
1142 3190 1338 3277 apostelicae
1366 3210 1426 3276 pre

96 3297 200 3364 efficii
230 3296 332 3361 nostri
360 3291 536 3379 imperialis
566 3293 690 3358 ratione
720 3295 830 3376 teneri,
862 3303 898 3357 ut
929 3293 1119 3379 dignitatem
1158 3294 1382 3358 auctoritatem
1410 3315 1428 3357 e

95 3408 294 3490 potestatem
318 3397 349 3463 ei
371 3397 514 3463 debitam
535 3405 567 3462 et
596 3407 831 3483 competentem
861 3399 992 3462 summis
1020 3395 1143 3461 viribus
1179 3398 1264 3460 omni
1293 3396 1364 3463 lece
1396 3408 1428 3464 et

95 3517 246 3594 tempore
269 3502 352 3570 tucri
373 3524 413 3567 ac
435 3499 607 3566 defendere
631 3501 842 3565 connitamur.
873 3522 936 3586 qua
958 3498 991 3562 in
1013 3522 1048 3564 re
1078 3521 1137 3563 nos
1165 3501 1290 3565 muneri
1316 3497 1426 3566 nostre

95 3632 305 3700 nequaquam
328 3609 508 3694 cogitamus
532 3603 645 3668 deesse
667 3604 879 3690 cupimusque
900 3613 936 3666 ut
958 3601 1013 3667 8²⁸¹
1034 3602 1075 3666 V.
1099 3600 1187 3666 aliud
1202 3625 1222 3666 a
1247 3601 1340 3669 nobis
1362 3625 1427 3669 nen

96 3723 260 3802 expectet.
283 3711 345 3777 hoc
367 3721 476 3775 tamen
498 3707 605 3772 faeere
627 3730 692 3772 nen
715 3729 885 3792 pessumus
908 3729 967 3794 pre
989 3714 1101 3772 nostra
1121 3706 1304 3792 integritate
1320 3715 1352 3772 ct
1366 3706 1424 3772 eb·

96 3817 263 3883 servantia
284 3815 389 3894 filiali,
421 3814 499 3902 quin
521 3811 587 3878 8²⁸³
609 3812 649 3877 V.
680 3821 866 3877 reverenter
895 3821 927 3876 et
957 3809 1094 3876 effitiese
1124 3809 1368 3894 admoneamus,
1400 3813 1427 3877 si

97 3921 155 3988 5¹⁸·
176 3922 216 3986 V.
239 3921 463 3986 auctoritatem
485 3929 517 3982 et
539 3925 731 4004 potestatem
754 3938 846 3980 suam
868 3913 963 3980 latius
985 3913 1082 3980 vellet
1104 3915 1279 3980 extendere
1308 3937 1347 3980 ac
1367 3937 1426 4002 per

96 4049 172 4094 eam
194 4027 353 4110 cogitaret
373 4021 570 4090 labefactare
594 4029 626 4086 et
649 4020 827 4086 diminuere
858 4019 1082 4084 auctoritatem
1112 4019 1197 4082 sacri
1228 4019 1425 4084 oecumenici

98 4129 228 4198 concilii
251 4137 306 4193 aut
327 4127 388 4192 hae
410 4127 581 4192 occasione
602 4122 700 4189 vellet
724 4145 834 4189 omnes
856 4121 936 4187 illud
952 4121 1096 4188 confiteri
1111 4121 1200 4208 quod
1213 4120 1304 4186 multi
1318 4120 1425 4209 palam

96 4243 229 4321 negant,
252 4231 292 4298 8¹¹
326 4229 367 4296 V.
394 4229 565 4296 subeunda
586 4229 669 4294 foret
698 4226 888 4293 difficillima
917 4235 949 4293 et
977 4227 1169 4313 gravissima
1198 4224 1372 4312 disputatio
1395 4234 1427 4290 et

98 4336 338 4408 controversia,
373 4356 469 4423 quam
504 4334 669 4420 praesenti
701 4355 809 4397 rerum
841 4353 882 4396 ae
902 4340 1083 4418 temporum
1112 4337 1197 4394 statu
1218 4329 1318 4394 satius
1340 4338 1427 4394 esset

97 4443 231 4508 evitare.
254 4441 407 4527 quocirca
430 4437 493 4502 Sum
524 4437 561 4502 V.
585 4439 681 4502 etiam
696 4446 793 4524 atque
809 4435 905 4500 etiam
920 4455 1072 4521 regamus
1083 4441 1129 4510 ut,
1152 4431 1423 4521 quemadmodum

98 4567 187 4610 nunc
209 4543 265 4610 8²¹¹
287 4544 327 4609 V.
349 4565 410 4610 nes
432 4542 477 4608 ad
498 4541 652 4608 tuendam
674 4549 706 4606 et
721 4538 958 4605 defendendam
973 4559 1063 4602 auam
1079 4547 1112 4602 et
1126 4535 1211 4602 sedis
1228 4535 1424 4624 apostolicae

98 4649 323 4714 anctoritatem
345 4657 377 4713 et
397 4655 592 4735 potestatem
613 4643 771 4730 singulari
790 4643 897 4710 studio
914 4642 1108 4723 cohortatur,
1132 4641 1179 4706 sie
1193 4639 1337 4705 vicissim
1351 4640 1425 4728 ipsa

99 4755 322 4818 auctoritatem
345 4773 438 4817 sacre
462 4750 670 4817 oecumenico
691 4747 827 4814 concilio
851 4745 993 4813 debitam
1016 4755 1049 4812 et
1070 4750 1305 4832 competentem
1335 4765 1422 4814 eem-

99 4855 283 4924 mendatam
304 4855 424 4922 habere
454 4855 605 4942 dignetur
631 4875 693 4920 nec
721 4852 858 4918 eandem
884 4849 952 4916 ulla
978 4852 1012 4915 in
1038 4857 1131 4938 parte
1159 4847 1347 4914 diminutam
1368 4857 1424 4912 aut

99 4959 327 5028 labefactatam
349 4959 438 5040 velit,
463 4959 558 5025 sicuti
578 4957 671 5024 nobis
695 4957 736 5024 de
759 4955 807 5023 Se.
824 4955 865 5020 V.
889 4977 1015 5022 summa
1036 4955 1158 5042 pietate
1180 4951 1363 5050 integritate
1384 4972 1424 5016 ac

99 5068 132 5134 in
153 5089 223 5134 rem
245 5065 452 5134 christianam
475 5063 582 5130 studio
603 5060 701 5151 plane
724 5059 924 5150 pollicemur.
