3512 5838
420 688 539 739 omnibus
557 683 611 738 Mi·
629 687 660 738 V.
680 687 706 738 S.
724 687 817 753 pietati
834 703 891 738 mos
909 692 1021 754 geratur.
1041 693 1068 740 et
1083 689 1187 741 interim
1205 688 1268 742 dum
1285 689 1353 742 haec
1371 703 1516 758 ageremus,
1533 689 1591 743 illae
1601 709 1654 759 quo
1689 751 1690 754 Ἰ

419 789 470 839 que
488 773 579 824 literae
596 787 662 840 quas
679 774 738 824 Mn·
757 773 789 826 V.
807 773 833 825 S.
852 774 887 826 ad
904 775 980 825 llmum
997 776 1031 829 D.
1048 776 1189 828 Moronum
1212 777 1286 828 dedit
1302 777 1422 828 redditae
1439 777 1550 830 innunt
1578 794 1656 830 vernn

420 875 479 910 cnm
497 861 622 912 articulus
640 859 685 912 ille
703 863 730 911 in
748 875 781 912 aa
798 861 882 912 forma
899 877 976 928 quam
994 877 1065 914 nuno
1082 862 1127 914 Mo
1146 862 1179 916 V.
1198 863 1224 918 S.
1241 865 1383 928 mittimus,
1406 863 1440 916 ad
1462 865 1598 916 maximam
1617 881 1655 931 ps·

419 951 486 996 trum
505 948 654 998 instantiam
672 952 699 998 et
715 949 788 998 iuxta
805 963 879 998 snam
897 948 1094 1013 promissionem
1112 954 1192 1000 antea
1209 950 1307 1002 factam
1324 951 1377 1002 iam
1394 951 1543 1018 propositus
1554 951 1653 1014 sitisti

420 1045 474 1082 non
491 1048 568 1098 poseo
586 1039 616 1083 ut
633 1049 685 1083 non
702 1039 872 1099 proponatur,
891 1049 950 1084 cum
968 1033 1041 1084 facts
1058 1032 1157 1086 infecta
1175 1051 1233 1085 esse
1250 1041 1395 1103 nequeant;
1412 1037 1464 1087 imo
1482 1052 1545 1088 vero
1562 1037 1583 1086 si
1601 1037 1654 1086 bac-

419 1123 496 1170 tenns
515 1119 640 1170 articulus
657 1119 703 1170 ille
723 1121 873 1186 propositus
891 1135 943 1170 non
961 1119 1068 1184 fuisset,
1092 1135 1124 1170 ea
1146 1121 1204 1186 ipsa
1226 1120 1292 1173 bora
1314 1136 1367 1188 qua
1389 1121 1423 1172 de
1440 1123 1563 1174 sessionis
1580 1138 1655 1187 proro

422 1207 527 1272 gatioue
545 1206 676 1271 agendum
694 1209 773 1272 atque
791 1206 946 1256 universalis
964 1205 1158 1258 reformationis
1176 1209 1299 1259 mactatio
1323 1208 1501 1273 promittenda
1519 1214 1593 1272 esset,
1609 1210 1658 1259 arti·
1730 1199 1731 1270 ζ

421 1292 494 1342 culus
511 1294 569 1358 ipse
586 1293 704 1358 patribus
721 1292 906 1358 proponendus
923 1293 1024 1356 fuisset,
1042 1307 1104 1344 nam
1121 1293 1237 1360 alioquin
1259 1309 1347 1360 neque
1368 1295 1512 1346 sesmonem
1530 1308 1656 1361 prorogare

418 1393 503 1445 neque
521 1381 663 1430 sententias
682 1395 760 1445 super
777 1377 894 1430 articulis
913 1377 1105 1430 reformationis
1121 1379 1177 1432 ulla
1194 1381 1297 1432 ratione
1310 1379 1398 1432 dicere
1410 1386 1499 1446 patres
1517 1381 1657 1434 voluissent
1730 1433 1731 1440 ,

419 1464 451 1514 de
468 1467 625 1518 tractatione
644 1471 732 1518 nutem
749 1471 828 1531 atque
845 1465 922 1514 huius
948 1464 1052 1516 articuli
1070 1465 1204 1518 decisione
1222 1466 1286 1532 quid
1307 1467 1384 1518 nobis
1407 1468 1558 1534 responsuri
1575 1472 1657 1529 meent,
1730 1511 1731 1518 ,

417 1551 444 1600 in
461 1551 611 1602 hesternum
630 1553 698 1602 diem
717 1553 869 1602 reiecerunt.
887 1551 942 1601 heri
959 1553 1048 1616 itaque
1071 1551 1117 1602 ubi
1140 1551 1246 1602 eosdem
1270 1552 1305 1602 D.
1329 1551 1431 1618 legatos
1454 1554 1654 1604 convenissemus

416 1641 495 1701 atque
513 1638 547 1688 ab
565 1639 627 1704 ipsis
646 1643 746 1689 certum
763 1653 916 1704 responsum
935 1642 1139 1703 expectaremus,
1157 1653 1309 1704 responsum
1329 1644 1370 1689 est
1381 1639 1457 1690 nobis
1474 1653 1504 1688 se
1522 1654 1574 1689 uon
1590 1654 1657 1704 posse
1730 1695 1731 1710 .

417 1722 491 1772 salve
509 1723 613 1774 concilii
631 1723 752 1774 libertate
771 1722 905 1789 impedire,
925 1725 987 1790 quin
1005 1727 1101 1789 patras,
1119 1723 1247 1775 absolutis
1272 1725 1330 1776 istis
1353 1725 1385 1774 st
1411 1723 1545 1790 capitibus
1562 1721 1594 1774 de
1611 1725 1657 1790 qui·
1730 1791 1731 1796 Ἰ

416 1808 466 1860 bns
484 1824 554 1860 nunc
572 1811 717 1862 sententiae
735 1810 865 1873 dicuntur,
884 1809 918 1860 de
936 1809 996 1860 eliis
1014 1810 1092 1862 etiam
1110 1811 1162 1860 ism
1180 1811 1321 1876 propositis
1339 1811 1406 1860 inter
1424 1825 1491 1876 quos
1503 1809 1548 1861 ille
1566 1825 1658 1876 qnoque

418 1895 463 1960 qui
482 1895 515 1945 de
532 1896 689 1948 secularium
707 1897 853 1962 principum
871 1895 1057 1961 reformatione
1069 1901 1117 1960 est,
1135 1901 1256 1948 emtori.
1273 1896 1442 1948 nihilominus
1454 1898 1544 1948 omnis
1555 1911 1587 1948 es
1597 1909 1656 1962 quae

413 1996 496 2045 usque
514 1981 548 2031 ad
565 1981 707 2048 praefixum
725 1982 828 2034 futurae
846 1983 968 2034 suenonis
987 1964 1056 2032 diem
1073 1983 1261 2045 nmnbmtur,
1280 1983 1490 2048 quotiescunque
1508 1983 1610 2048 aliquae
1625 1983 1656 2032 iu·

414 2071 471 2116 stae
489 2071 516 2118 et
533 2067 659 2118 honestae
677 2069 792 2120 rationes
810 2069 944 2132 suberunt,
963 2067 1057 2118 mutari
1074 2072 1198 2132 poterunt
1215 2084 1301 2135 neque
1323 2068 1464 2135 quicquam
1487 2068 1604 2119 decisum
1624 2067 1655 2124 iri,
1730 2069 1731 2082 ¹

414 2154 465 2203 nisi
487 2154 515 2203 in
537 2155 595 2219 ipsa
618 2155 734 2204 sessione
757 2169 825 2220 quae
849 2153 883 2204 ad
907 2153 1003 2205 festum
1031 2153 1085 2203 divi
1102 2153 1270 2206 Martini...
1299 2157 1441 2220 prorogata
1459 2158 1486 2204 et
1503 2153 1603 2204 indicta
1619 2159 1656 2214 est,
1730 2173 1731 2226 ς

416 2255 547 2306 posseque
564 2239 633 2290 ΜιηΙΙ
645 2240 675 2291 V.
696 2237 721 2294 S.
740 2242 808 2291 intra
824 2239 877 2291 boc
894 2240 1013 2305 spacium
1031 2241 1157 2306 temporis
1174 2240 1279 2292 abunde
1298 2247 1325 2290 et
1343 2239 1489 2291 deliberare
1508 2247 1543 2304 et,
1566 2239 1655 2304 siquid

415 2325 498 2391 ipsam
518 2325 661 2378 offenderet
682 2328 709 2377 in
728 2343 759 2377 eo
783 2327 878 2392 capite,
905 2331 1031 2378 muctare
1059 2327 1165 2392 stipsis
1187 2325 1282 2393 legans
1306 2329 1385 2393 atque
1407 2328 1531 2378 universo
1557 2323 1655 2378 concilio

415 2411 572 2478 significare,
590 2413 668 2464 modo
687 2413 722 2464 ad
738 2415 871 2464 minimum
893 2415 924 2464 10
942 2413 1036 2464 diebus
1054 2417 1115 2464 ente
1133 2414 1276 2464 sessionem
1294 2413 1328 2464 de
1346 2413 1523 2479 suabenigna
1534 2411 1655 2464 voluntate

411 2498 482 2562 ipsos
500 2497 602 2566 legatos
631 2499 749 2565 aliosque
774 2505 862 2565 patres
889 2499 1001 2550 edocere
1027 2498 1101 2551 velit.
1130 2513 1211 2566 quare
1233 2501 1338 2550 tametsi
1363 2499 1416 2551 boc
1433 2513 1587 2565 responsum
1603 2497 1655 2548 satis

419 2585 566 2648 speciosum
584 2591 612 2635 et
628 2585 768 2636 honestum
784 2583 930 2648 videretur,
952 2600 1006 2635 non
1030 2589 1117 2636 famen
1135 2586 1199 2636 sens
1217 2600 1340 2636 securum
1358 2585 1436 2638 nobis
1454 2585 1600 2636 videbatur.
1625 2585 1655 2632 iu-

417 2670 600 2736 telligebamus
618 2671 747 2738 siquidem
765 2677 853 2738 patras
871 2673 942 2737 ipsos
959 2671 993 2722 ab
1013 2687 1044 2722 eo
1063 2670 1134 2738 quod
1151 2671 1234 2721 semel
1256 2671 1437 2722 communibus
1461 2670 1592 2737 suffragiis
1612 2673 1654 2720 sta·

419 2757 529 2806 tuissent
546 2755 686 2807 difficulter
704 2762 731 2807 st
748 2772 806 2808 raro
826 2756 960 2819 dimoveri,
979 2757 1093 2823 ideoque
1112 2773 1171 2808 cum
1190 2757 1352 2808 commodius
1371 2772 1524 2824 responsum
1550 2757 1583 2808 ab
1602 2755 1653 2821 ipsis

416 2839 477 2890 ΒΝ·
490 2841 584 2908 legatis
602 2842 699 2893 habere
717 2858 770 2894 non
787 2858 932 2908 possemus,
950 2842 985 2893 ed
1002 2841 1122 2892 ultimum
1139 2842 1175 2892 ad
1192 2842 1258 2893 illud
1275 2842 1420 2894 remedium
1430 2857 1566 2894 recurrere
1577 2855 1654 2892 necas

420 2929 517 2978 sarium
533 2927 590 2990 fuit,
608 2930 704 2993 apertis
724 2929 826 2979 scilicet
842 2930 929 2980 verbis
948 2931 986 2980 eis
1004 2927 1160 2996 significare,
1179 2928 1246 2980 Man
1264 2929 1295 2980 V.
1316 2927 1341 2979 S.
1361 2943 1422 2980 snas
1441 2931 1619 2980 excusationes
1634 2933 1655 2976 ot

417 3011 615 3065 informationes
634 3020 661 3065 st
678 3015 732 3066 alia
749 3030 924 3082 quaecunque
935 3015 1045 3066 ulterius
1058 3015 1171 3080 desuper
1181 3030 1327 3080 proponere
1340 3015 1430 3066 dicere
1443 3019 1470 3064 et
1487 3029 1567 3080 agere
1579 3013 1653 3073 vellet,

414 3103 530 3167 integras
548 3116 581 3152 ac
599 3101 686 3152 salvas
711 3103 762 3152 sibi
784 3117 943 3155 reservasse.
967 3103 1062 3168 quibus
1084 3102 1174 3153 verbis
1199 3101 1296 3152 auditis
1318 3117 1372 3153 non
1389 3101 1558 3152 mediocriter
1574 3099 1653 3150 offensi

418 3203 473 3238 rem
490 3188 639 3238 universam
663 3186 698 3236 ad
719 3186 854 3253 publicam
877 3193 980 3252 patrum
1005 3188 1237 3254 congregationem
1260 3186 1358 3238 referre
1380 3186 1517 3240 volebant.
1546 3186 1612 3252 quod
1627 3199 1654 3234 nc

416 3273 491 3326 fieret
508 3289 556 3325 nos
574 3273 745 3324 vehementer
762 3275 902 3325 institimus
920 3279 999 3340 atque
1017 3272 1210 3338 impedivimus,
1227 3288 1289 3324 nam
1315 3274 1487 3324 cemebemus
1512 3273 1577 3324 nihil
1592 3268 1653 3322 aliud

411 3361 537 3412 maiorem
553 3363 655 3426 partem
673 3365 776 3425 patrum
795 3360 966 3423 clamaturum
983 3373 1062 3424 qnam
1080 3359 1108 3409 id
1125 3355 1196 3425 quod
1213 3359 1241 3408 in
1257 3358 1417 3424 quotidianis
1435 3359 1572 3410 sententiis
1588 3356 1653 3406 vebo

411 3452 512 3498 menter
530 3451 670 3512 expetunt,
699 3451 728 3496 ut
746 3447 867 3497 nimirum
890 3447 942 3496 hoc
967 3451 1046 3512 capnt
1070 3447 1138 3496 inter
1161 3444 1353 3496 reformationis
1372 3445 1499 3498 articulos
1522 3441 1654 3496 secundum

410 3534 498 3586 locum
517 3533 644 3596 obtineat,
661 3533 700 3583 ita
716 3539 747 3584 ut
764 3539 902 3599 postquam
919 3534 946 3583 in
964 3534 1047 3598 primo
1066 3533 1154 3598 capite
1172 3531 1205 3582 de
1224 3532 1407 3597 episcoporum
1421 3533 1591 3598 promotione,
1608 3542 1653 3578 ear

416 3619 542 3670 dinalium
560 3620 690 3671 electione
710 3625 736 3670 et
753 3621 847 3670 summi
865 3617 997 3684 pontificis
1015 3618 1196 3670 admonitione
1214 3619 1309 3684 agitur,
1333 3618 1420 3668 stetim
1445 3615 1561 3668 secundo
1579 3615 1654 3679 capite

414 3705 448 3756 de
466 3705 624 3756 secularium
642 3706 788 3771 principum
806 3704 993 3756 reformatione
1016 3708 1118 3770 agatm.
1144 3705 1235 3769 itaque
1252 3704 1326 3754 iuxta
1348 3701 1403 3754 Me.
1421 3703 1453 3754 V.
1471 3702 1500 3754 S.
1515 3701 1654 3752 mandatum

413 3790 480 3842 haec
497 3793 580 3855 primo
600 3807 705 3857 quoque
721 3796 839 3856 tempore
856 3790 895 3840 illi
918 3789 1108 3856 perscribenda
1125 3789 1260 3852 duximus,
1288 3793 1318 3839 nt
1336 3789 1462 3856 quicquid
1478 3805 1556 3856 porro
1573 3786 1652 3838 nosin
1730 3779 1731 3832 i

413 3876 464 3926 bec
482 3892 510 3926 re
528 3891 607 3943 agere
624 3877 696 3928 volet
715 3877 859 3928 clementer
875 3891 924 3927 nos
944 3877 1068 3926 certiores
1086 3876 1175 3926 facero
1194 3875 1323 3942 dignetur.
1341 3889 1389 3926 nos
1402 3873 1521 3941 profecto
1535 3873 1651 3924 credimus

413 3961 464 4015 hoc
483 3963 624 4014 concilium
642 3965 687 4014 vix
703 3978 781 4029 posse
799 3962 904 4014 felicem
923 3962 1001 4013 finem
1020 3963 1159 4029 consequi,
1183 3963 1234 4013 nisi
1252 3961 1285 4012 de
1303 3962 1355 4013 hoc
1373 3977 1477 4028 quoqne
1500 3961 1593 4027 capite,
1613 3956 1650 4006 ali·

411 4064 463 4115 qua
480 4049 660 4100 moderatione
679 4050 805 4113 adhibita,
822 4050 943 4114 patribus
956 4049 1098 4100 decernere
1110 4048 1222 4100 liborum
1239 4047 1331 4108 fuerit3
1351 4047 1465 4098 clamant
1483 4049 1551 4098 enim
1568 4045 1650 4112 passim

411 4151 493 4200 usque
511 4135 545 4185 ad
563 4135 688 4200 taedium,
706 4137 840 4188 licentiam
858 4137 988 4186 mammae
1006 4137 1088 4200 partis
1105 4136 1254 4200 principum
1272 4133 1431 4186 saccularium
1449 4149 1480 4184 eo
1500 4133 1611 4184 euasinc
1626 4135 1649 4176 nt

413 4237 462 4271 nec
480 4221 594 4272 residere
613 4237 663 4272 nec
683 4222 807 4288 deinceps
826 4222 947 4273 ecclesiis
966 4224 1019 4272 suis
1037 4220 1251 4287 superintendere
1274 4220 1355 4271 libere
1373 4225 1478 4285 queant,
1497 4224 1524 4270 et
1541 4219 1590 4270 hoc
1605 4230 1648 4266 non

412 4323 479 4358 nnus
496 4308 540 4359 vei
558 4307 610 4359 duo
629 4308 672 4359 vel
690 4308 778 4374 plnres
798 4310 885 4372 edam,
908 4308 956 4360 sed
972 4323 1159 4374 nonnunquam
1183 4312 1288 4358 centum
1310 4305 1388 4356 simul
1411 4306 1513 4374 legatos
1535 4305 1647 4356 adeuntes

415 4394 529 4444 clamant
547 4399 574 4445 et
589 4399 775 4460 protestantur.
794 4395 887 4446 damus
905 4394 1058 4461 diligentem
1078 4409 1185 4461 operam
1209 4397 1236 4444 ot
1262 4395 1289 4444 in
1310 4396 1445 4458 posterum
1468 4405 1570 4458 qnoque
1591 4388 1648 4438 iden

411 4480 545 4544 faciemus,
562 4487 593 4532 nt
611 4497 670 4532 cum
690 4480 773 4532 Gallie
792 4487 819 4532 et
837 4481 948 4533 aliorum
965 4497 1071 4548 quoqne
1088 4481 1236 4546 principum
1255 4480 1403 4531 oratoribus
1427 4479 1515 4530 omnis
1538 4477 1645 4530 nonime·

412 4568 509 4618 tissime
526 4571 676 4632 tractemus,
695 4583 755 4618 nam
775 4567 807 4618 de
824 4568 893 4618 ΙΙΙιΙιο
906 4569 1002 4618 comite
1021 4567 1054 4618 de
1071 4567 1147 4618 Luna
1164 4583 1218 4619 non
1236 4566 1365 4633 estquod
1382 4567 1535 4629 scribamus,
1547 4559 1646 4630 quando·

410 4653 515 4720 quidem
533 4669 593 4704 cum
611 4653 636 4706 S.
654 4655 705 4704 Ι)1η
729 4671 781 4705 non
800 4655 884 4705 solum
901 4655 929 4704 in
947 4654 1016 4717 dios,
1040 4653 1087 4705 sed
1110 4655 1137 4704 in
1158 4652 1236 4704 horae
1260 4668 1365 4719 quoqne
1389 4654 1478 4702 omnia
1500 4650 1640 4702 ecmannus

410 4745 436 4789 et
463 4741 692 4790 communicamus.
720 4767 753 4778 -
780 4740 870 4792 Ueber
901 4740 943 4790 die
974 4742 1021 4790 mit
1051 4739 1136 4791 dieser
1160 4739 1301 4805 Depeeche
1331 4737 1512 4806 eingelsuiene
1539 4737 1643 4796 Fuerunt

411 4825 457 4874 des
479 4825 658 4876 betreffenden
680 4827 895 4878 Reformartikels
923 4832 1057 4878 erstattete
1081 4825 1220 4876 wiederum
1243 4824 1307 4875 Seld
1331 4825 1391 4874 dem
1417 4825 1510 4875 Kaiser
1532 4825 1572 4874 ein
1593 4821 1644 4872 (lui

411 4912 505 4964 nchten
524 4911 565 4978 (O.
587 4911 637 4978 rt).
659 4939 686 4949 -
712 4913 804 4964 Indem
822 4913 865 4963 die
884 4911 1097 4964 Conciloratoren
1115 4928 1158 4963 sm
1184 4915 1214 4964 18
1243 4911 1283 4977 (C.
1301 4910 1344 4977 Α.)
1369 4910 1428 4962 dem
1452 4913 1484 4962 K.
1501 4905 1644 4960 Maximilitss

411 5015 458 5057 aus
474 4998 569 5052 Anlase
592 4999 638 5050 der
655 4999 781 5071 Krtnung
806 5001 835 5054 iu
859 5000 1006 5068 Pressbnrq
1023 4999 1112 5053 Glttck
1134 4992 1437 5063 rannemundus
1458 4999 1497 5054 sie
1511 4996 1564 5048 ilrm
1581 4995 1644 5044 sinn
