3460 5826
1331 492 1389 556 iii

80 694 175 752 certus
198 685 267 752 dies
288 685 422 775 praefigi
444 706 540 772 posse
562 683 691 749 videtur
711 691 843 770 propter
864 681 1008 771 prolixas
1025 689 1154 770 patrum
1170 681 1344 746 sententias
1360 689 1393 746 et

77 791 294 876 episcoporum
315 787 552 854 multitudinem
575 797 672 876 atque
706 787 739 852 in
762 785 926 852 sententiis
949 783 1207 874 discrepantiam.
1241 806 1284 849 ex
1306 792 1394 850 certo

76 892 138 958 loco
160 891 378 958 intelleximus
401 891 477 956 Smuln
489 890 531 954 D.
547 890 587 954 N.
609 913 674 956 nou
697 912 829 976 prorsus
851 887 1031 975 intelligere
1055 910 1138 976 quae
1160 885 1214 954 hic
1236 896 1395 973 aganhn3

72 995 101 1059 id
126 1019 165 1062 eo
193 997 262 1062 fieri
292 994 380 1083 quod
409 993 493 1059 male
515 992 625 1058 valeat
651 1015 691 1058 ac
711 1001 885 1079 propterea
912 1013 977 1057 non
1004 993 1066 1056 nisi
1096 1012 1136 1056 ea
1165 999 1390 1078 proponuntur

73 1099 135 1164 eius
161 1097 203 1164 S*
234 1121 318 1186 quae
348 1096 489 1162 allevare
518 1096 626 1184 potius
654 1104 686 1161 et
714 1095 863 1181 mitigare
893 1117 990 1181 quam
1019 1093 1216 1161 exacerbare
1245 1091 1394 1159 morbum

71 1204 201 1288 possint.

168 1303 231 1370 His
254 1303 368 1382 diebus
390 1304 479 1370 venit
507 1301 550 1367 ad
577 1324 628 1367 me
649 1301 847 1388 Pragenscm
880 1299 1141 1389 archiepiscopus
1171 1299 1393 1384 Rossanensis,

72 1410 123 1495 qui
150 1430 235 1474 unus
258 1417 307 1474 est
335 1431 377 1472 ex
398 1404 461 1472 illis
487 1403 634 1492 patribus
661 1403 779 1491 quibus
808 1427 829 1468 a
857 1403 993 1471 concilio
1021 1403 1216 1470 demandata
1244 1413 1293 1470 est
1315 1425 1394 1470 eura

71 1510 357 1576 examinandarum
382 1511 627 1576 excusationum
653 1507 834 1574 absentium
852 1508 1085 1596 episcoporum,
1101 1509 1218 1572 missus
1233 1530 1253 1571 a
1267 1506 1309 1571 D.
1324 1530 1392 1573 car

70 1613 229 1680 dinalibus
251 1613 366 1701 legatis
390 1635 464 1679 cum
486 1611 613 1678 duobus
636 1610 764 1676 concilii
786 1613 918 1678 notariis
941 1619 973 1675 et
994 1611 1213 1697 interrogavit,
1236 1633 1314 1676 num
1336 1608 1392 1675 ali-

71 1719 158 1782 cuius
182 1717 329 1804 episcopi
351 1716 506 1783 Germani
535 1714 714 1782 absentiam
738 1736 895 1780 excusare
917 1711 1043 1796 vellem,
1074 1711 1199 1800 legatos
1221 1715 1306 1779 enim
1328 1714 1394 1779 iam

69 1819 247 1886 deliberare
270 1819 349 1908 quid
371 1827 484 1884 contra
506 1817 657 1884 absentes
681 1819 853 1905 episcopos
877 1819 974 1882 statui
993 1816 1118 1882 debeat
1142 1817 1296 1902 respondi
1316 1816 1396 1882 nihil

70 1923 142 1987 mihi
167 1922 328 1990 eiusmodi
356 1946 375 1987 a
398 1943 562 2010 quoquam
583 1922 762 1986 iniunctum
784 1943 864 2004 esse,
897 1930 1006 1985 tamen
1026 1941 1091 1985 non
1113 1919 1172 1985 abs
1201 1942 1238 1985 re
1259 1931 1344 1987 esset
1366 1923 1393 1988 si

73 2025 111 2091 D.
127 2026 397 2092 Vratislaviensis
418 2023 483 2089 huc
498 2025 602 2112 primo
619 2045 747 2111 quoque
769 2034 913 2110 tempore
937 2023 1075 2110 aliquem
1091 2025 1231 2088 mitteret
1246 2024 1302 2111 qui
1317 2023 1394 2112 legi-

70 2131 162 2194 timas
186 2129 355 2195 absentiae
377 2128 446 2194 eius
461 2149 577 2192 causas
599 2125 640 2190 D.
658 2125 772 2212 legatis
788 2135 820 2191 et
835 2125 971 2191 concilio
986 2125 1147 2214 probaret.
1171 2123 1394 2193 Olomueensis

71 2234 123 2318 qui
145 2233 202 2299 hic
213 2241 455 2320 procuratorem
477 2253 571 2295 suum
591 2228 697 2313 habet,
722 2230 887 2296 excusatio
907 2230 1048 2296 admissa
1063 2239 1112 2294 est
1126 2229 1202 2296 licet
1216 2252 1313 2317 aegre
1329 2280 1337 2296 .
1355 2281 1361 2294 .
1382 2281 1389 2296 .

205 2371 245 2420 Za
262 2369 427 2421 mttndlicher
443 2367 700 2435 Berichteretattung
717 2383 751 2420 an
770 2368 821 2418 deu
838 2369 920 2434 Papst
937 2370 1016 2419 reiste
1039 2367 1086 2419 der
1103 2369 1134 2418 B.
1153 2381 1207 2419 von
1225 2369 1395 2438 Ventimiglia

136 2473 181 2508 am
200 2459 234 2507 27
253 2472 305 2507 von
318 2457 410 2507 Trient
427 2456 460 2506 ab
479 2455 529 2520 (Le
541 2454 602 2506 Plat
620 2459 644 2518 δ,
657 2455 720 2520 6193
738 2455 839 2506 Pallav.
858 2457 882 2518 2,
895 2455 964 2519 699).
983 2455 1168 2521 Diefolgende
1180 2453 1290 2522 Sitaung
1304 2456 1392 2508 wnrde

135 2542 266 2594 aunichst
284 2539 332 2592 aui
348 2541 400 2592 den
419 2544 450 2591 15
468 2541 570 2592 Januar
587 2545 724 2607 augesetzt
747 2540 910 2604 (Beccadelli
928 2543 952 2604 3,
971 2541 1025 2606 58).
1052 2542 1121 2592 Dass
1140 2541 1188 2592 das
1207 2542 1325 2593 Gerhcbt
1343 2559 1396 2594 von

136 2630 185 2680 der
203 2629 365 2694 Suspension
383 2627 429 2678 des
442 2625 555 2678 Concils‘
566 2627 627 2678 sehr
639 2627 782 2677 verbreitet
800 2641 854 2677 war
871 2627 926 2677 und
944 2627 1005 2678 dass
1023 2643 1084 2678 man
1096 2644 1124 2678 es
1142 2627 1192 2679 aui
1207 2628 1249 2679 die
1261 2628 1389 2680 verscbie

135 2714 249 2766 deusten
267 2705 380 2775 Quellen
398 2713 593 2776 anrtckfflhrte‚
613 2713 732 2765 erfehren
749 2715 796 2763 wir
813 2713 948 2764 anahem
967 2713 1018 2765 den
1035 2714 1142 2765 Briefen
1159 2729 1212 2766 von
1229 2714 1350 2766 visconti
1367 2717 1394 2766 in

133 2801 332 2852 Beluae-Marsi
350 2802 374 2863 3,
392 2801 539 2854 434-436.
574 2799 727 2850 Ferdinand
743 2813 798 2850 war
816 2815 843 2850 es
870 2801 955 2852 echon
978 2802 1028 2851 seit
1046 2799 1166 2852 Wochen
1189 2817 1222 2851 au
1241 2801 1331 2852 Ohren
1349 2817 1393 2868 gc-

135 2887 269 2938 hommeu.
299 2885 376 2936 Naoh
395 2887 479 2935 einem
497 2885 584 2936 Briei'e
602 2901 655 2936 von
674 2885 793 2937 (ineman
817 2900 865 2937 aus
883 2885 987 2936 Madn'd
1006 2903 1066 2937 vom
1085 2889 1119 2937 24
1135 2888 1202 2938 Dec.
1221 2887 1353 2954 (On'ginal
1370 2889 1397 2938 in

137 2973 190 3024 den
201 2973 348 3038 Hispaniae
359 2969 397 3036 Π)
415 2970 488 3020 hatte
507 2971 593 3021 dieser
610 2971 658 3021 ani
674 2971 766 3022 (irund
784 2973 856 3022 einer
866 2971 996 3038 Weisung
1014 2972 1060 3023 des
1078 2973 1186 3023 Kaieers
1203 2989 1265 3024 vom
1285 2975 1316 3022 la
1328 2973 1395 3025 Nor.

134 3061 203 3110 uber
221 3058 293 3109 diese
311 3057 492 3108 Eventualitat
509 3059 556 3108 mit
575 3059 608 3109 Κ.
632 3056 738 3125 Philipp
757 3059 882 3110 conierirt
906 3059 1031 3110 andron
1049 3059 1147 3110 diesem
1170 3059 1213 3110 die
1227 3059 1345 3110 Antwort
1362 3077 1400 3112 er-

135 3143 235 3207 haltan‚
254 3143 315 3194 dass
325 3159 353 3195 or
364 3143 464 3194 sowohl
477 3145 567 3194 seinen
578 3145 730 3194 Vertretern
742 3145 770 3195 in
781 3145 873 3196 Trient
882 3145 1053 3211 anigetrsgen
1065 3145 1134 3196 habe
1150 3147 1222 3196 einer
1233 3145 1394 3212 Suspension

130 3231 318 3296 rorzubeugen
336 3231 374 3282 als
393 3230 461 3281 auch
477 3231 506 3281 in
523 3229 652 3295 gleiehem
665 3229 744 3280 Sinna
763 3229 814 3280 den
827 3231 1029 3282 Grosscomthur
1039 3245 1092 3281 von
1104 3231 1248 3282 Aleautara
1272 3233 1396 3284 instruirt

134 3317 214 3368 habe.
233 3315 353 3367 Guzman
370 3315 470 3366 meldet
488 3315 523 3366 da
539 3316 633 3378 famer,
653 3315 713 3366 dass
732 3331 760 3366 er
778 3314 825 3365 das
843 3314 990 3366 Sehreiban
1006 3331 1069 3368 vom
1086 3319 1120 3369 26
1135 3317 1202 3368 Nor.
1220 3317 1247 3367 in
1267 3317 1327 3369 dem
1345 3319 1392 3370 der

135 3403 234 3452 Kaisar
251 3402 293 3452 die
311 3401 393 3453 Wahl
405 3401 580 3452 Maximilians
599 3417 658 3451 aum
676 3400 824 3452 romischen
835 3402 939 3467 Konige
951 3401 1099 3466 notiflcirts‚
1118 3403 1178 3454 dem
1189 3404 1223 3454 K.
1236 3403 1341 3471 Philipp
1354 3421 1396 3456 am

136 3490 167 3538 11
187 3487 252 3540 Dec.
271 3487 423 3538 iiberreicht
441 3487 510 3538 habe
532 3485 587 3537 und
606 3486 666 3536 dass
684 3485 772 3536 dieser
789 3501 879 3552 grosse
897 3485 1002 3537 Frende
1027 3489 1092 3539 iiber
1116 3487 1160 3539 die
1177 3489 1257 3539 wahl
1276 3491 1395 3558 beaeige.

205 3575 261 3625 Der
278 3573 482 3625 Grosscomthur
504 3587 557 3623 von
575 3571 724 3635 dicamne,
748 3571 794 3622 der
811 3571 916 3622 Madrid
933 3587 976 3622 am
1002 3575 1019 3623 4
1036 3574 1103 3624 Dec.
1121 3574 1231 3625 verliess
1249 3576 1397 3644 (Dollinger

139 3663 162 3724 1,
180 3660 250 3724 471),
269 3660 362 3710 erhielt
380 3673 441 3710 vom
453 3659 542 3724 Ktnig
559 3659 623 3708 awai
635 3659 848 3710 Instmetionen:
868 3660 927 3709 eine
938 3675 1000 3710 vom
1018 3662 1052 3710 30
1064 3661 1130 3710 Nov.
1143 3661 1232 3712 batres
1242 3662 1290 3713 das
1303 3663 1396 3714 Ooncil

137 3745 215 3810 (Pell.
234 3749 258 3810 2,
276 3747 340 3809 ⁶913
365 3745 433 3796 dean
450 3745 544 3795 Ranka
564 3744 661 3810 Pdpste
679 3747 703 3806 3,
730 3743 842 3809 Anhang
860 3745 912 3810 74),
937 3745 980 3796 die
998 3746 1080 3797 andra
1103 3762 1164 3797 vom
1182 3750 1198 3798 9
1217 3748 1285 3800 Dec.
1311 3751 1397 3816 beaog

140 3831 198 3882 sich
215 3832 263 3882 ani
278 3831 321 3882 die
339 3831 513 3897 Bestitigung
531 3829 578 3881 der
596 3830 677 3880 Wahl
693 3830 868 3880 Maximiliens
887 3831 967 3897 (Duil.
988 3835 1011 3895 1,
1029 3833 1099 3898 468).
1118 3835 1195 3885 Etwa
1209 3837 1274 3886 awai
1288 3836 1397 3887 Monate

141 3917 230 3968 lrflher
253 3919 283 3981 (a
302 3918 370 3969 Doc.
395 3913 465 3970 inei.
489 3918 514 3980 9,
534 3918 599 3979 3213
622 3915 688 3966 Pall.
708 3919 732 3978 ὓ,
751 3917 811 3979 696)
837 3931 898 3982 meg
922 3915 965 3966 die
989 3919 1149 3970 instruction
1170 3920 1212 3971 fur
1229 3921 1281 3972 den
1299 3921 1397 3974 Grafen

139 4004 216 4054 Luna
233 4003 380 4070 auigssstat
397 4005 461 4066 scin,
484 4002 599 4053 welcher
616 4001 667 4052 den
685 4003 787 4052 Winter
801 4001 866 4051 iiber
884 4002 912 4051 in
924 4003 1067 4070 Augsburg
1082 4007 1217 4057 verweilte
1235 4008 1324 4074 (prr.
1337 4010 1396 4060 259.

139 4091 210 4156 266).
237 4090 268 4140 In
287 4089 338 4140 deu
356 4090 464 4140 Wiener
483 4088 654 4140 Concilacteu
672 4087 754 4138 findet
772 4087 829 4137 sich
847 4103 898 4138 von
916 4088 958 4138 ihr
975 4090 1013 4140 als
1031 4105 1074 4142 am
1093 4093 1127 4142 28
1144 4093 1295 4144 December
1312 4095 1396 4146 durch

140 4176 191 4227 den
210 4176 367 4242 spanischen
385 4174 507 4226 Secretir
525 4175 624 4226 [iamet
643 4173 799 4241 mitgetheilt
816 4174 953 4240 folgendar
970 4176 1089 4244 Amang:
1110 4178 1190 4245 Regis
1208 4179 1395 4246 Hispaniarum

140 4264 277 4314 instructio
297 4261 331 4313 ad
350 4263 503 4313 concilium:
523 4261 606 4313 verba
623 4261 742 4313 officiosa
759 4261 794 4312 ad
811 4262 927 4326 legatam
946 4262 979 4313 ds
998 4268 1177 4318 controversia
1193 4266 1396 4331 praecedentiae

140 4365 199 4399 curn
218 4349 314 4410 Gallis3
333 4349 366 4398 de
380 4349 612 4414 correspondentia
629 4363 690 4398 cum
701 4348 812 4399 aliorum
829 4363 921 4414 regum
933 4351 1093 4416 oratoribus3
1112 4351 1144 4402 de
1161 4353 1230 4403 bene
1246 4353 1393 4404 tractandis

139 4436 264 4502 praelatis
281 4435 446 4501 Hispanici13
465 4435 498 4484 de
511 4435 708 4485 coadunatione
728 4434 928 4498 dissimulanda3
948 4435 981 4485 de
995 4435 1175 4490 declaratione
1188 4439 1323 4492 clausulae
1334 4456 1391 4505 pro·

139 4522 296 4587 ponentibus
313 4521 422 4587 legatis3
441 4519 474 4571 de
493 4521 616 4588 catalogo
633 4521 772 4582 librorum3
799 4520 832 4571 de
850 4520 1061 4573 salvoconductu
1077 4527 1263 4592 sectariorum
1281 4527 1316 4578 de
1332 4529 1396 4578 resi-

140 4607 231 4658 dentia
247 4607 435 4673 praelatorum
463 4606 496 4658 de
513 4623 566 4658 non
584 4607 763 4672 abrumpenda
785 4623 835 4660 nec
851 4608 1049 4673 praecipitando
1073 4612 1199 4678 concilim
1227 4615 1260 4666 dc
1277 4613 1397 4680 urgenda

141 4694 325 4745 reformatione
332 4713 339 4758 ;
366 4695 399 4744 de
423 4695 499 4746 bouis
522 4694 711 4760 temporalibus
734 4696 815 4760 ipsius
839 4695 915 4760 rsffl's.
934 4721 964 4732 -
984 4696 1071 4748 Dabei
1095 4699 1161 4766 liegt
1177 4701 1247 4753 noch
1271 4703 1319 4752 mit
1336 4701 1396 4751 dem

141 4779 262 4846 gleichen
281 4779 517 4848 Empiangsdatum
535 4781 646 4832 versehn
660 4780 798 4846 folgender
809 4781 928 4848 Ausaugs
945 4781 1002 4832 Rex
1014 4783 1200 4850 Hispaniarum
1218 4787 1253 4839 ad
1271 4787 1396 4840 chiffl:

143 4865 268 4917 deductio
292 4883 339 4918 cur
363 4881 440 4933 super
462 4869 545 4934 prImo
569 4867 678 4918 decreto
702 4868 780 4918 huius
803 4868 909 4919 concilii
933 4868 1048 4934 petenda
1071 4872 1106 4921 sit
1123 4872 1267 4926 declaratio
1291 4875 1395 4926 illorum

139 4953 280 5003 verborum
298 4955 505 5019 proponentibus
521 4953 628 5021 legetis5
646 4960 722 5020 rogat
739 4953 792 5004 Ml·
812 4953 837 5005 S.
859 4957 1044 5006 commissoriis
1061 4958 1162 5025 iniungi
1179 4961 1254 5010 utin
1271 4959 1324 5012 hoc
1336 4975 1395 5011 sese

142 5037 302 5104 coniungant
319 5055 380 5091 curn
396 5041 479 5106 ipsius
497 5047 524 5092 et
541 5040 650 5092 eliorum
666 5057 757 5108 regum
766 5041 964 5107 commissariis;
981 5047 1012 5094 ut
1021 5042 1126 5096 interim
1137 5051 1245 5096 teneant
1255 5051 1394 5110 secretum,

1142 5145 1190 5198 2⁷*
