3450 5818
1361 465 1423 530 285

104 651 163 733 erit,
198 650 280 736 quia
306 655 458 738 poterunt
488 649 686 716 eiuscemodi
712 649 872 737 pecuniae
898 650 940 716 ab
972 649 1217 739 archiepiscopo
1240 654 1420 741 ceterisque

103 753 244 840 praelatis
273 763 307 819 et
334 751 543 820 ecclesiarum
566 751 796 818 catholicarum
818 753 998 819 rectoribus
1020 753 1195 819 accedente
1218 756 1302 820 scitu
1325 766 1423 844 atque

102 879 251 922 consensu
275 868 385 923 nostm
409 857 554 922 converti
576 858 609 920 in
631 878 755 921 annuos
778 877 894 920 census
916 856 970 921 vel
984 855 1129 921 redditus
1146 865 1243 945 atque
1258 858 1340 925 adeo
1357 881 1422 926 nou

100 959 181 1026 modo
206 959 371 1047 collapsus
393 961 516 1047 passim
538 958 715 1024 catholicae
738 957 902 1045 religionis
926 959 1031 1026 cultus
1053 960 1181 1026 restitui
1194 964 1422 1028 verumetiam

101 1063 302 1130 ecclesiarum
326 1061 474 1128 aedificia
495 1063 678 1144 instaurari,
702 1060 846 1128 desolata
869 1061 1006 1148 collegia
1028 1073 1126 1152 atque
1148 1066 1344 1132 monasteria
1365 1065 1422 1131 ho·

98 1169 228 1234 minibus
252 1168 481 1236 ecclesiasticis
503 1167 658 1252 compleri
679 1173 777 1252 atque
800 1163 880 1232 alias
902 1163 1077 1252 plurimum
1099 1165 1244 1234 ecclesiis
1260 1169 1422 1236 commodi

98 1271 217 1336 adferri.

187 1375 233 1440 Et
264 1397 328 1462 quo
357 1371 555 1439 commodius
586 1370 707 1458 ubique
735 1371 841 1436 diruta
869 1371 989 1458 templa
1011 1374 1207 1438 monasteria
1229 1383 1261 1440 et
1283 1374 1422 1462 collegia

6 1555 7 1559 Ἰ
95 1477 251 1544 aedificari
280 1486 313 1542 et
340 1476 513 1545 restaurari
530 1476 663 1562 possint,
687 1483 719 1538 et
741 1476 773 1542 iu
796 1475 868 1562 ipsa
890 1474 1137 1562 dispensatione
1151 1477 1330 1564 apostolica
1356 1503 1415 1544 ex-

5 1589 6 1662 }
94 1603 196 1666 presse
228 1577 490 1646 constituendum
512 1578 588 1662 erit,
611 1586 648 1643 ut
669 1579 846 1665 primorum
867 1577 990 1666 aliquot
1012 1602 1170 1645 annorum
1192 1581 1337 1647 redditus
1361 1605 1418 1648 seu

94 1693 265 1769 proventus
288 1685 345 1768 qui
367 1706 410 1750 ex
431 1679 615 1746 istiusmodi
637 1681 899 1766 compensatione
915 1682 1196 1769 comparabuntur,
1212 1683 1255 1750 ad
1269 1685 1419 1752 aedifica·

4 1789 5 1804 ¹
93 1789 206 1852 tionem
241 1786 435 1873 templorum
461 1786 728 1851 monasteriorum
758 1793 790 1848 et
817 1783 1026 1869 collegiorum
1055 1786 1270 1872 collapsurum
1297 1790 1419 1874 impen-

93 1889 214 1967 dantur,
239 1899 336 1975 prout
357 1887 428 1976 ipse
443 1889 480 1952 R.
495 1889 634 1952 nuncius
658 1895 689 1950 et
710 1885 971 1974 archiepiscopus
995 1886 1205 1954 ecclesiarum
1229 1890 1417 1957 conditioni-

93 1993 146 2058 bus
167 1995 316 2082 peusatis
338 1994 442 2078 magis
466 1989 620 2078 expedire
642 1989 828 2055 censebunt.

187 2097 353 2178 Quocirca
374 2095 434 2161 tibi
455 2092 596 2178 benigue
618 2093 815 2178 iniungimus
838 2090 925 2181 quod
948 2094 1010 2160 hoc
1033 2118 1163 2183 quoque
1189 2100 1356 2184 negotium
1381 2109 1418 2165 ut

94 2201 181 2266 decet
206 2207 394 2265 reverenter
415 2196 472 2264 8¹²⁰
493 2196 535 2261 D.
559 2197 599 2261 N.
628 2219 774 2284 exponas
798 2206 831 2261 et
852 2198 983 2284 iusuper
1010 2198 1161 2264 ostendas
1183 2199 1265 2266 haec
1287 2201 1327 2266 8⁶
1349 2203 1418 2267 eius

89 2327 106 2368 a
134 2301 231 2369 nobis
261 2305 295 2366 im
323 2323 396 2366 eum
427 2301 568 2366 maxime
595 2301 692 2366 finem
720 2301 859 2387 proponi
887 2302 976 2389 quod
1002 2301 1212 2382 vehementer
1239 2305 1417 2391 cupiamus,

90 2406 146 2473 boc
174 2427 313 2492 regnum
343 2413 487 2470 nostrum
519 2403 655 2470 durante
678 2402 727 2468 gc.
750 2425 828 2470 suae
859 2413 891 2470 et
912 2413 1023 2471 nostra
1044 2406 1112 2470 vita
1134 2406 1177 2471 ad
1200 2406 1418 2474 obedientiam

88 2510 116 2576 S.
137 2511 227 2577 sedis
250 2509 448 2596 apostolicae
469 2507 593 2592 reduci,
617 2517 783 2595 sperantes
807 2509 835 2572 si
850 2507 905 2574 δ”·
920 2511 989 2575 eius
1012 2508 1075 2574 hoc
1097 2510 1262 2594 negotium
1283 2521 1419 2598 paterna

88 2638 142 2680 sua
162 2613 367 2701 benignitate
389 2611 646 2699 amplectendum
668 2612 845 2700 susceperit
872 2622 906 2678 et
927 2611 1109 2679 istiusmodi
1132 2612 1285 2679 officiosis
1307 2623 1341 2679 et
1361 2615 1418 2682 ho-

87 2720 185 2784 nestis
206 2717 378 2805 postulatis
398 2717 519 2781 masuic
533 2714 638 2782 locum
656 2715 789 2796 dederit,
812 2719 859 2782 rei
875 2717 969 2782 istius
984 2737 1192 2803 progressum
1207 2727 1240 2782 et
1254 2718 1414 2803 effectum,

89 2829 259 2910 autequam
284 2842 411 2887 sacrum
428 2821 671 2886 oecumenicum
687 2819 858 2886 concilium
872 2819 970 2906 plane
985 2820 1181 2905 absolvatur,
1198 2829 1265 2886 tam
1280 2821 1418 2889 feliciter

90 2947 315 2990 successurum
344 2923 433 3012 quod
455 2923 552 2988 etiam
574 2921 637 2989 boc
659 2945 794 3009 regnum
817 2935 964 2989 nostrum
985 2933 1102 3010 utputa
1123 2925 1156 2988 in
1180 2921 1362 2991 obedientia
1384 2925 1416 2991 S.

1 3059 2 3096 ι
88 3027 171 3093 sedis
194 3028 235 3094 A.
258 3027 468 3094 constitutum
488 3049 583 3094 sacro
606 3025 742 3092 concilio
763 3026 906 3094 debitam
921 3030 1134 3094 reverentiam
1150 3035 1184 3092 et
1198 3026 1415 3095 obedientiam

1 3143 2 3184 3
86 3134 314 3220 praestiturum
336 3131 390 3216 sit,
423 3129 512 3220 quod
540 3131 651 3218 quanti
682 3130 803 3196 referat
831 3129 882 3195 his
911 3129 1111 3217 temporibus
1141 3129 1206 3195 8²⁰²
1236 3153 1327 3195 suam
1355 3155 1415 3219 pro

87 3259 211 3304 marma
232 3257 293 3302 sua
312 3234 485 3322 prudentia
506 3233 601 3302 facile
624 3234 911 3302 consideraturum.

187 3339 335 3408 Ceterum
367 3361 431 3427 quo
460 3337 579 3404 clarius
602 3338 812 3426 exactiusque
835 3337 890 3404 S‘¹¹
918 3337 987 3404 eius
1010 3341 1152 3404 animum
1175 3349 1321 3407 nostrum
1342 3365 1414 3428 per·
1475 3330 1477 3334 ¹

85 3446 208 3532 spiciat,
231 3443 313 3510 haec
335 3463 417 3530 quae
439 3441 525 3508 dicta
547 3451 623 3514 sunt
644 3441 683 3507 8²¹
705 3442 774 3511 eius
796 3444 831 3507 im
853 3441 981 3528 scriptis
1004 3465 1134 3531 quoque
1157 3445 1346 3510 offeras...

185 3548 308 3614 Datum
329 3547 456 3634 Pragae
478 3545 532 3612 die
553 3546 596 3612 23
618 3546 738 3614 mensis
760 3546 872 3612 Martii
893 3567 977 3612 anuo
999 3545 1120 3612 domini
1144 3547 1237 3614 1562.

219 3723 272 3773 Die
289 3721 397 3792 Wiener
416 3719 498 3786 Copia
521 3719 587 3786 lisgt
613 3719 657 3771 Νι.
677 3718 799 3772 CLXVII
817 3719 867 3771 bei
905 3717 949 3770 Sis
966 3721 1050 3771 bietst
1067 3719 1137 3772 noch
1156 3723 1214 3773 eine
1233 3721 1415 3772 Nachsohrift:

151 3809 281 3874 Pr0spero
305 3807 355 3858 soll
380 3805 427 3857 das
446 3805 552 3857 Gasuch
576 3805 645 3857 auch
670 3805 721 3856 den
739 3805 769 3856 0.
787 3806 898 3857 Morene
919 3807 974 3857 und
996 3805 1141 3857 Borromeo
1164 3813 1312 3874 vertragan.
1350 3809 1414 3859 Was

150 3895 201 3946 deu
219 3896 315 3946 Kaisar
336 3909 369 3944 au
394 3893 493 3945 diesem
512 3893 634 3944 Gesuehe
651 3891 830 3958 versulam,
855 3893 977 3944 artabren
995 3897 1043 3944 wir
1060 3911 1119 3944 aum
1137 3893 1213 3945 ‘rheu
1231 3909 1279 3945 aus
1297 3891 1336 3945 Le
1353 3893 1414 3946 Plat

149 3985 175 4046 ὅ,
192 3984 256 4046 ³4⁷3
273 3981 327 4048 vgl.
346 3981 415 4032 dcam
432 3979 597 4032 Pubitschks
615 3979 711 4035 Gesch.
724 3979 854 4034 Bdhmeus
870 3982 910 4044 10,
928 3982 979 4032 207
997 3981 1052 4032 und
1070 3979 1232 4032 anrweulra
1250 3979 1346 4031 (iesch.
1366 3982 1414 4032 der·

149 4083 242 4134 evang.
260 4067 359 4120 Kirche
376 4068 404 4118 iu
420 4067 540 4119 Btthmau
558 4069 583 4130 ἣ,
602 4067 659 4117 170.
694 4067 736 4118 Au
752 4067 924 4129 Maximiliau‚
942 4066 1059 4118 welcher
1075 4069 1112 4118 im
1128 4066 1257 4118 Hinbliclr
1274 4067 1323 4117 aut
1336 4069 1411 4118 seiae

150 4155 277 4220 Krduung
299 4153 458 4204 besouderes
476 4154 608 4204 Interesse
634 4168 669 4203 an
693 4152 780 4204 dieser
802 4152 1011 4222 Augeleganheit
1033 4152 1125 4216 nahra,
1144 4152 1248 4205 achrieb
1271 4152 1341 4204 Areo
1370 4167 1413 4204 aru

149 4239 166 4289 8
181 4239 267 4306 April:
286 4239 320 4290 ho
339 4241 476 4306 regionato
495 4255 593 4290 ancora
612 4240 656 4290 del
673 4241 780 4306 negotio
799 4239 826 4288 di
843 4239 954 4292 Boemia
972 4255 987 4289 e
1005 4243 1131 4290 mostrsto
1146 4253 1163 4288 a
1175 4237 1200 4288 S.
1216 4237 1256 4290 Sl*
1275 4237 1301 4288 le
1318 4237 1413 4289 lettere

152 4323 219 4377 dede
237 4325 288 4376 Ml·
315 4324 376 4376 dell'
388 4327 545 4392 imperatore
558 4362 565 4375 .
579 4361 606 4376 ..
624 4327 658 4375 m'
671 4325 708 4375 ha
724 4325 837 4391 risposto
857 4324 906 4375 che
925 4323 952 4375 di
970 4325 1014 4391 gia
1030 4327 1055 4374 m’
1068 4324 1104 4374 ha
1122 4326 1212 4374 scritto
1226 4325 1350 4376 a'l'rento
1367 4325 1413 4375 alli

151 4411 197 4462 soli
215 4412 306 4478 legati,
324 4411 422 4478 perche
439 4427 473 4462 ns
490 4412 598 4462 trattiuo
618 4427 667 4462 con
686 4410 885 4462 l’areiveseovo
909 4411 936 4460 di
953 4411 1048 4476 Praga,
1067 4413 1095 4460 et
1112 4409 1137 4462 S.
1157 4408 1197 4459 8²⁸
1218 4409 1362 4461 medesima
1379 4427 1413 4462 ne

153 4500 290 4564 regionara
308 4500 354 4564 qut
372 4513 422 4549 con
440 4497 530 4550 alcuni
548 4497 676 4550 cardinali
693 4503 720 4548 et
737 4497 821 4550 sadra
838 4497 888 4548 che
905 4495 1011 4548 dfacci
1023 4495 1136 4562 qualche
1148 4497 1239 4548 huone
1251 4501 1278 4547 et
1288 4497 1413 4548 desolata

151 4585 267 4650 rlrposts.
309 4585 411 4636 Waiter
429 4584 541 4636 meldete
559 4601 589 4636 er
610 4585 670 4636 dem
688 4585 783 4636 Kaisar
806 4599 849 4636 am
874 4586 905 4634 15
922 4584 1010 4650 April:
1041 4583 1075 4634 de
1096 4583 1225 4636 Boemico
1249 4585 1358 4649 negotio
1376 4583 1412 4634 ad

150 4669 217 4720 ΜΨ
227 4671 259 4723 V.
278 4671 417 4736 sperabam
434 4686 477 4722 me
494 4671 703 4722 absolutissimae
722 4675 749 4722 et
768 4671 977 4736 expeditissimae
995 4669 1085 4720 literas
1104 4670 1167 4720 dare
1185 4685 1271 4736 posse,
1290 4670 1337 4720 sed
1349 4685 1414 4734 pon·

150 4756 210 4808 titex
228 4755 366 4808 relaxandi
383 4757 463 4808 animi
480 4758 566 4824 gratia
578 4758 612 4809 ab
626 4757 699 4808 Urbe
711 4757 804 4822 abfuit,
822 4757 884 4808 ideo
896 4757 924 4806 id
937 4755 1042 4808 efficere
1054 4757 1287 4824 inpraesentiarum
1300 4771 1411 4821 nequeo.

151 4856 208 4893 uam
231 4859 290 4894 oum
314 4841 341 4894 S.
361 4841 410 4894 ΒΝ
434 4857 541 4894 reversa
558 4847 610 4906 est,
635 4843 724 4894 statim
747 4858 806 4894 sam
823 4842 896 4894 adivi
913 4844 1028 4908 petiique
1045 4847 1076 4893 ut
1092 4858 1147 4892 rem
1165 4841 1323 4893 absolveret
1342 4855 1411 4906 quae

154 4927 284 4992 respoudit
310 4927 482 4980 cardinalium
509 4943 538 4980 se
562 4934 721 4980 conventum
744 4928 893 4980 habituram
916 4932 943 4979 et
963 4929 991 4978 in
1015 4944 1046 4980 eo
1072 4927 1237 4980 decreturum
1258 4925 1321 4993 quid
1338 4925 1409 4976 tacto

153 5025 214 5076 opus
231 5015 276 5080 sit,
302 5020 329 5066 et
346 5015 380 5068 ad
398 5015 501 5084 legatos
519 5016 608 5068 literas
625 5016 746 5068 daturus
764 5018 809 5084 qui
828 5032 888 5070 euru
905 5016 1033 5086 Prugeusi
1051 5015 1250 5082 archiepiscopo
1268 5015 1408 5084 negocium
