3512 5838
302 685 385 747 rium
407 679 634 746 reformatione
655 679 845 767 loquuntur,
873 675 926 742 vel
955 677 1085 742 omnino
1115 674 1220 742 omitti
1240 674 1295 742 vel
1317 673 1433 742 saltem
1461 683 1637 762 praetensa

303 784 358 848 illa
380 783 570 870 gravamina
592 804 676 869 quae
697 781 744 847 ibi
767 781 972 846 continentur
993 800 1053 866 per
1073 779 1161 844 viam
1183 779 1378 844 narrationis
1394 777 1568 844 dumtaxat
1589 798 1636 842 re·

304 886 439 966 censeri,
476 895 509 951 et
530 883 611 950 alias
645 885 672 950 si
694 885 740 948 ita
762 885 840 970 ipsis
867 881 1041 956 videretur,
1069 882 1232 969 principes
1256 877 1439 947 saeculares
1462 883 1496 946 in
1518 881 1637 944 virtute

305 997 437 1054 sunctae
460 985 665 1053 obedientiae
689 985 865 1068 admoneri,
888 993 924 1050 ut
946 984 1111 1071 sibiipsis
1134 987 1166 1048 in
1182 983 1244 1049 bac
1258 993 1351 1071 parte
1365 985 1527 1070 imperent
1542 980 1637 1047 liber·

305 1101 468 1179 tutamque
497 1099 530 1155 et
555 1090 791 1154 immunitatem
821 1087 1076 1154 ecclesiasticam
1106 1088 1138 1150 in
1166 1088 1277 1172 regnis
1307 1096 1339 1153 et
1365 1085 1543 1173 provinciis
1574 1085 1640 1148 suis

305 1203 426 1258 sartam
448 1201 567 1259 tectam
591 1214 662 1258 esse
679 1191 796 1256 sinant.
818 1190 960 1254 rationes
982 1190 1068 1254 enim
1089 1211 1154 1254 non
1176 1186 1265 1254 leves
1290 1209 1361 1254 scae
1384 1188 1532 1264 offerunt,
1557 1208 1642 1274 qnae

306 1296 334 1360 si
355 1295 401 1360 ita
421 1293 567 1383 placeret
587 1293 667 1381 ipsis
689 1293 755 1358 Ru·
777 1293 893 1379 legatis
916 1293 1098 1357 enumerari
1121 1300 1260 1378 possent,
1284 1310 1343 1356 cur
1363 1291 1427 1376 ipsi
1448 1291 1483 1354 in
1504 1288 1571 1356 boo
1585 1289 1642 1352 mi·

305 1420 366 1462 nus
389 1395 536 1463 difficiles
560 1418 631 1462 sese
654 1394 812 1483 praebere
834 1393 984 1460 debeant.
1007 1393 1156 1458 videmus
1179 1395 1265 1458 enim
1280 1413 1445 1458 nuncnon
1461 1390 1569 1458 solum
1584 1412 1643 1456 nos

305 1502 405 1587 ipsos,
427 1521 542 1566 verum
565 1497 754 1564 etiamalios
776 1495 941 1562 christiani
965 1495 1051 1561 orbis
1064 1497 1238 1583 principes,
1261 1505 1378 1582 utputa
1391 1517 1451 1560 vos
1465 1503 1499 1560 et
1514 1491 1642 1576 Gallos,

195 1663 200 1672 .
307 1626 342 1670 se
365 1601 441 1667 buic
453 1601 644 1688 gravissimo
657 1600 755 1686 capiti
778 1621 952 1687 opponere,
975 1619 1112 1684 quorum
1129 1607 1216 1664 certe
1232 1598 1376 1663 omnium
1390 1599 1506 1663 merito
1522 1605 1644 1662 exacta

307 1706 389 1770 ratio
413 1713 462 1770 cst
484 1701 645 1785 habenda,
670 1703 865 1788 minimeque
888 1700 1152 1766 committendum
1175 1709 1211 1765 ut
1232 1701 1255 1764 ii
1274 1699 1328 1765 vel
1350 1699 1578 1766 abalienantur
1591 1696 1645 1764 vel

308 1807 421 1873 saltem
443 1807 610 1871 irritentur
631 1804 687 1892 qui
709 1805 742 1868 in
765 1803 904 1868 ecclesia
926 1800 1087 1867 catholica
1109 1800 1282 1890 plurimum
1299 1811 1443 1890 possunt,
1466 1803 1647 1890 praecipue

308 1931 385 1974 vero
408 1905 593 1995 praedictus
617 1905 720 1972 seru·
742 1927 846 1992 nepos
867 1914 979 1970 noster
1001 1905 1057 1992 qui
1079 1927 1182 1992 regna
1197 1913 1229 1970 et
1245 1905 1389 1972 dominia
1410 1903 1646 1972 suabactenus

309 2011 341 2078 in
364 2010 520 2098 religione
543 2009 706 2076 catholica
728 2018 760 2075 et
784 2007 970 2074 obedientia
992 2016 1125 2074 sancme
1148 2008 1260 2074 matris
1282 2007 1441 2074 ecelesiae
1462 2017 1556 2074 tanta
1571 2029 1647 2072 cum

309 2113 406 2180 laude
429 2114 645 2181 conservavit.
678 2111 854 2200 plurimum
877 2111 974 2178 etiam
1005 2109 1129 2176 referre
1163 2109 1359 2176 arbitramur
1387 2121 1437 2192 ut,
1471 2132 1548 2176 cum
1571 2110 1648 2175 linis

310 2215 439 2283 concilii
460 2218 525 2282 iam
549 2218 582 2280 in
604 2217 787 2302 propinquo
811 2215 862 2298 sit,
886 2214 913 2278 ia
936 2215 1043 2300 potins
1067 2235 1191 2278 summa
1214 2235 1287 2279 cnm
1302 2213 1434 2278 lenitate
1449 2223 1483 2278 et
1496 2235 1649 2279 mansue-

310 2319 431 2404 tudine,
456 2341 553 2407 quam
570 2342 643 2385 cum
661 2319 852 2406 cuiusquam
868 2317 1017 2382 molestia
1031 2325 1088 2382 aut
1100 2315 1325 2402 indignatione
1340 2318 1536 2400 instituatur,
1552 2337 1648 2404 prae·

311 2424 420 2488 sertim
444 2424 520 2508 quia
542 2421 714 2487 renitentia
736 2419 792 2484 illa
815 2441 913 2507 quam
935 2441 995 2485 nos
1016 2420 1180 2507 principes
1204 2419 1388 2485 saeculares
1402 2419 1541 2485 facimus
1555 2419 1649 2485 vide·

311 2535 363 2590 tur
386 2523 501 2591 saltem
524 2524 557 2589 in
580 2545 615 2588 se
637 2523 757 2590 habere
779 2544 933 2608 magnum
955 2522 1097 2588 iustitiae
1132 2532 1164 2588 et
1195 2523 1368 2610 aequitatis
1390 2524 1573 2608 specimen,
1605 2544 1651 2586 nc

312 2627 436 2692 scilicet
458 2627 520 2712 ipsi
543 2637 663 2713 patres,
687 2626 743 2714 qui
766 2624 825 2690 soli
848 2635 1006 2712 utsupra
1028 2623 1151 2690 dictum
1174 2636 1224 2692 est
1245 2628 1335 2692 vocis
1366 2623 1529 2712 decisisae
1557 2634 1651 2689 auto-

312 2731 440 2794 ritatem
463 2727 526 2794 sibi
548 2727 731 2811 vendicant,
755 2749 827 2792 eam
850 2727 1045 2793 decisionem
1071 2729 1104 2792 in
1126 2751 1225 2794 causa
1247 2729 1378 2814 propria
1399 2737 1432 2792 et
1447 2729 1481 2792 in
1501 2726 1652 2793 favorem

313 2853 406 2896 auum
428 2829 550 2896 saciant
572 2831 684 2918 sicque
706 2831 828 2917 pariter
852 2839 884 2894 et
907 2830 1008 2916 partis
1030 2839 1063 2895 et
1085 2830 1201 2897 iudicis
1224 2853 1406 2918 personam,
1430 2829 1530 2917 idque
1552 2829 1651 2896 nobis

232 2938 244 2954 ‘
314 2933 451 3021 aliisque
462 2933 665 3020 principibus
681 2931 901 2999 saecularibus
913 2953 979 2997 non
995 2931 1123 3016 auditis,
1141 2956 1241 2998 causa
1252 2956 1458 3021 nequaquam
1474 2941 1510 2998 ut
1522 2941 1653 3019 oportet

315 3037 447 3121 cognita
470 3045 503 3102 st
524 3035 681 3118 discussa,
706 3037 895 3101 sustineant.
918 3044 1083 3122 postremo
1107 3037 1135 3099 si
1156 3057 1197 3100 ne
1219 3035 1302 3100 haec
1324 3035 1454 3124 quidem
1477 3037 1532 3102 via
1553 3036 1652 3102 vobis

316 3138 481 3205 sufficiens
504 3161 577 3204 esse
602 3135 772 3221 videbitur,
796 3137 1007 3224 cogitandum
1030 3147 1116 3202 esset
1131 3159 1173 3202 an
1188 3137 1264 3203 huic
1285 3140 1448 3224 praesenti
1464 3138 1653 3204 difficultati

317 3241 431 3308 saltem
454 3263 492 3308 eo
515 3241 658 3308 remedio
682 3250 936 3324 succurreretur,
959 3251 995 3306 ut
1018 3263 1245 3327 quamcunque
1258 3243 1525 3326 protestationem
1540 3242 1573 3305 in
1588 3239 1653 3306 bac

315 3345 407 3431 parts
429 3343 648 3428 institueretis,
672 3341 729 3408 illa
746 3343 903 3430 privatim
924 3345 1033 3430 potius
1054 3342 1143 3430 apud
1163 3345 1252 3430 ipsos
1274 3343 1346 3406 ΒΜ·
1361 3343 1487 3428 legatos
1503 3366 1601 3430 quam
1618 3345 1653 3407 in

316 3444 447 3532 publico
470 3445 579 3533 aliquo
603 3446 759 3512 consessu
781 3445 881 3512 fieret.
911 3456 989 3513 tunc
1017 3447 1102 3510 enim
1130 3455 1240 3511 nostro
1268 3443 1388 3510 iudicio
1419 3445 1512 3511 multi
1540 3469 1584 3512 ex
1613 3447 1654 3510 iis

316 3547 477 3635 scrupulis
501 3559 666 3614 cessarent
688 3570 772 3637 quos
795 3549 944 3635 superius
967 3549 1237 3626 enumeravimus,
1272 3557 1304 3614 et
1336 3569 1388 3613 res
1422 3548 1495 3635 ipsa
1522 3571 1582 3634 per
1618 3572 1655 3614 ae

317 3672 434 3740 aspera
455 3673 495 3717 ae
517 3649 630 3718 odiosa
652 3660 741 3718 tanto
763 3652 878 3717 maiori
901 3649 1072 3718 dulcedine
1095 3651 1431 3718 commisceretur...

455 3863 483 3920 S.
502 3861 554 3918 den
571 3864 695 3936 Eingang
713 3864 760 3921 des
779 3865 937 3922 Scbreibans
955 3868 982 3920 in
1000 3865 1052 3920 fast
1069 3871 1257 3938 wortgetrauer
1273 3867 1475 3935 Uebersstaung
1496 3867 1524 3918 in
1543 3867 1613 3920 Pall.
1632 3870 1656 3931 Ξ,

388 3951 533 4004 sss-ast.
551 3952 643 4004 indam
661 3953 814 4005 Fordinaud
832 3956 929 4021 obigen
947 3956 1022 4006 Briei
1035 3957 1128 4008 acinen
1146 3955 1276 4008 Oratorem
1299 3955 1445 4016 mittbeilte,
1463 3953 1540 4018 mata
1559 3969 1596 4018 er,
1615 3953 1657 4002 tur

389 4035 442 4086 den
459 4035 520 4088 ran
537 4036 598 4089 dass
607 4037 684 4090 Luna
702 4037 754 4091 den
770 4039 826 4090 ihm
838 4039 1023 4106 smpfoblenen
1034 4039 1180 4108 Mittolweg
1192 4043 1266 4092 nicht
1276 4041 1444 4108 einsehlagen
1457 4039 1543 4103 wells,
1562 4039 1655 4089 binan:

386 4134 437 4172 voa
454 4119 624 4174 nibilominus
643 4139 704 4175 cum
722 4123 783 4176 llmh
801 4124 896 4191 legatis
915 4141 993 4192 super
1011 4127 1128 4178 secundo
1145 4128 1233 4179 medic
1252 4127 1285 4178 de
1303 4127 1421 4179 tollendo
1438 4125 1481 4176 vel
1493 4123 1655 4175 moderando

389 4206 501 4258 articulo
519 4207 713 4260 reformationis
729 4212 878 4277 principum
896 4213 1071 4264 saecularium
1089 4215 1219 4276 tractetis,
1236 4229 1289 4278 qno
1302 4211 1408 4263 facilius
1420 4213 1533 4278 Hispani
1546 4215 1575 4262 et
1585 4207 1656 4260 Galli

389 4295 538 4346 eonmntari
554 4300 662 4362 queant.

418 4461 424 4470 ⁸
457 4403 535 4458 Luna
552 4407 618 4460 aber
634 4407 735 4461 konnts
754 4410 806 4463 den
823 4411 893 4466 Rath
911 4411 959 4464 des
976 4412 1084 4465 Kaisers
1101 4425 1147 4464 ιιιιι
1163 4427 1194 4464 ιο
1211 4413 1329 4479 wenigsr
1345 4411 1483 4478 betolgen,
1508 4409 1543 4462 da
1567 4425 1597 4461 er
1614 4423 1655 4461 am

390 4485 425 4542 26
444 4488 505 4544 Oct.
523 4493 571 4542 mit
588 4492 641 4544 den
658 4495 762 4546 beiden
773 4497 1008 4565 BriaienPitilipps
1026 4515 1060 4550 an
1076 4497 1229 4550 Fardinand
1247 4497 1302 4563 (Νι.
1316 4497 1510 4562 commu)
1528 4512 1597 4548 nene
1614 4497 1658 4546 ln·

390 4576 521 4626 struction
539 4577 663 4643 glaicben
680 4581 783 4633 Inbalts
801 4583 902 4634 erhielt.
934 4585 969 4634 Er
990 4583 1132 4634 verancbte
1149 4582 1293 4648 vielmebr,
1317 4583 1406 4634 indam
1429 4599 1458 4633 er
1480 4583 1532 4634 den
1550 4581 1656 4634 Brieien

391 4658 439 4710 dea
457 4661 559 4727 Kbnigs
576 4663 647 4715 auch
664 4667 816 4719 aeinerseita
833 4667 951 4720 lebbafte
968 4669 1173 4735 Vorstellungen
1191 4668 1276 4737 (Orig.
1294 4686 1357 4720 rom
1380 4671 1413 4720 at
1432 4668 1492 4720 Oct
1510 4670 1538 4718 in
1556 4667 1607 4718 den
1625 4665 1655 4718 C.

389 4747 433 4815 b)
461 4749 633 4816 binzuibgte,
659 4751 711 4803 dan
736 4753 831 4804 Kaisar
848 4755 875 4804 in
893 4755 983 4804 seinen
1002 4753 1193 4804 Entscblttsaen
1212 4753 1342 4805 wankend
1369 4771 1403 4805 au
1429 4753 1550 4805 machon.
1580 4748 1655 4804 Docb

391 4834 556 4901 vergabsns3
575 4837 632 4886 sein
649 4837 776 4906 einstigsr
792 4839 906 4890 Einfluss
924 4839 1013 4889 worda
1027 4839 1096 4904 jetat
1107 4839 1190 4889 durch
1209 4839 1260 4892 den
1279 4839 1326 4890 der
1337 4838 1457 4906 Legatsn
1473 4839 1657 4905 autgawcgen.

390 4917 485 4974 tndem
503 4919 576 4974 &aas
593 4923 774 4978 voramsaben
790 4937 845 4976 wat
863 4924 910 4976 der
927 4923 996 4977 Grai
1010 4923 1149 4977 schreiben
1166 4925 1265 4990 wttrde,
1290 4926 1390 4977 nissen
1414 4927 1453 4976 sie
1475 4939 1519 4977 am
1544 4925 1579 4976 tt
1596 4923 1654 4974 Oct.

387 5003 483 5082 (copie
500 5007 529 5060 in
546 5005 575 5064 0.
593 5007 636 5082 Δ.)
654 5007 705 5064 den
722 5009 835 5066 Nuntius
853 5025 888 5066 aa
905 5009 983 5066 launa
1000 5013 1298 5084 antgepemnarbeitea
1327 5012 1437 5070 uonna
1454 5009 1561 5069 seruat
1578 5008 1645 5066 noth
