3512 5838
299 687 359 732 nos
381 667 641 734 reformationem
662 667 875 734 ecelesiastici
896 673 1000 734 status
1030 665 1073 734 ab
1101 689 1140 734 eo
1169 677 1314 759 tempore
1345 695 1409 760 quo
1432 671 1530 739 durat
1552 694 1628 738 con·

299 769 408 835 cilium
431 773 548 836 acriter
568 771 698 851 ursisse,
720 773 895 860 propositis
918 771 1113 861 quibusdam
1136 772 1278 840 articulis
1294 778 1349 865 qni
1365 775 1628 842 emendationem

300 877 466 962 requirere
489 874 684 960 viderentur,
708 886 739 941 et
760 878 930 943 viceversa
950 875 1111 965 pollicitos
1134 899 1206 944 esse
1222 877 1310 968 quod
1325 879 1424 946 etiarn
1439 902 1499 967 pro
1514 889 1630 948 nostra

298 988 392 1066 parte
413 979 672 1046 reformationem
695 977 843 1046 ordinum
872 989 905 1046 et
927 989 1066 1046 statuum
1090 981 1283 1047 secularium
1305 981 1479 1050 admissuri
1501 993 1535 1049 et
1555 1005 1630 1072 pro·

299 1083 418 1149 moturi
438 1105 590 1150 essemus.
624 1083 704 1150 illud
731 1107 810 1151 vero
838 1085 1001 1152 nescimus
1031 1107 1129 1173 quam
1158 1087 1201 1150 sit
1221 1107 1377 1176 aequum,
1402 1087 1491 1176 quod
1513 1087 1570 1152 R*
1592 1085 1629 1154 0.

298 1186 398 1274 legati
420 1188 476 1275 qui
499 1187 644 1275 spacium
665 1188 761 1253 unius
784 1189 860 1253 anni
882 1197 915 1254 et
929 1187 1067 1276 amplius
1081 1187 1265 1255 habuerunt
1276 1189 1476 1257 deliberandi
1499 1191 1540 1257 de
1562 1191 1630 1256 isti·
1748 1275 1749 1284 ἵ

300 1290 426 1357 usmodi
448 1289 591 1358 articulis
613 1313 753 1380 pernes
775 1293 960 1381 propositis,
983 1293 1047 1358 iam
1070 1291 1150 1359 alios
1177 1315 1280 1360 novos
1297 1303 1329 1360 et
1346 1293 1540 1362 difficilimos
1555 1317 1631 1384 pro-

300 1403 423 1483 ponant
450 1394 750 1462 circumscribentes
779 1395 873 1462 nobis
903 1405 969 1462 tam
996 1394 1132 1462 brevem
1160 1398 1332 1463 terminum
1360 1397 1564 1464 deliberandi
1596 1407 1632 1464 et

301 1496 527 1586 respondendi,
553 1497 594 1564 10
614 1497 766 1565 videlicet
788 1497 922 1583 dierum,
945 1499 1140 1587 computatis
1163 1501 1260 1566 etiam
1281 1501 1322 1565 iia
1337 1523 1420 1590 quos
1439 1524 1551 1568 cursor
1567 1524 1628 1568 seu

302 1599 489 1669 tabellarius
511 1599 596 1669 ultro
620 1605 765 1691 citroque
788 1603 957 1688 consumit,
980 1611 1017 1668 ut
1036 1603 1126 1670 nullo
1147 1603 1245 1670 modo
1267 1603 1337 1670 fieri
1353 1613 1452 1694 queat
1467 1603 1554 1693 quod
1569 1627 1633 1670 nos

300 1706 407 1772 etalii
430 1728 524 1793 reges
547 1728 586 1772 ac
614 1709 778 1795 principes
809 1706 986 1787 seculares,
1016 1727 1098 1795 quos
1130 1708 1243 1795 utique
1271 1729 1331 1794 par
1358 1715 1407 1773 est
1435 1707 1637 1774 sufficienter

303 1809 419 1892 audiri,
444 1832 528 1896 quae
549 1811 728 1876 necessitas
749 1817 862 1877 nostra
889 1810 1032 1900 postulat
1052 1833 1234 1898 proponere
1256 1813 1415 1899 possimus
1437 1819 1512 1877 ante
1533 1809 1638 1876 finem

301 1912 439 1997 concilii,
463 1934 559 2001 quem
581 1913 637 1979 R*
658 1914 755 2002 legati
776 1915 870 2002 quasi
902 1915 978 1980 data
1006 1935 1106 2002 opera
1135 1914 1283 1981 omnibus
1311 1913 1416 1980 modis
1445 1913 1636 1980 accelerare

301 2017 470 2102 videntsu,
502 2039 544 2083 ne
565 2016 660 2083 nobis
689 2027 875 2105 competens
906 2016 1069 2104 cogitandi
1098 2021 1244 2107 spacium
1271 2018 1479 2106 relinquatur.
1514 2019 1541 2083 si
1563 2041 1638 2084 non

300 2123 436 2187 instaret
456 2128 512 2186 aut
533 2119 770 2187 acceleraretur
791 2131 959 2211 tantopere
980 2123 1053 2188 finis
1076 2119 1214 2206 concilii,
1243 2144 1295 2187 res
1317 2121 1401 2188 foret
1427 2119 1522 2209 longe
1550 2120 1638 2188 tole·

299 2223 440 2292 rabilior.
469 2221 663 2290 haberemus
692 2227 776 2291 enim
804 2235 932 2314 tempus
959 2227 1044 2293 intra
1073 2226 1161 2316 quod
1188 2247 1357 2314 possemus
1388 2225 1636 2290 communicare

301 2329 437 2396 consilia
459 2352 533 2395 curn
560 2327 851 2396 locumtenentrbus
882 2330 1153 2418 gubernatoribus
1185 2340 1218 2396 et
1245 2327 1488 2418 magistratibus
1514 2349 1638 2416 regno·

300 2457 373 2500 rum
394 2443 428 2499 et
449 2435 689 2521 provinciarum
711 2443 904 2519 nostrarum,
926 2457 946 2500 a
969 2435 1085 2523 quibus
1107 2435 1258 2499 nimirum
1274 2432 1315 2499 de
1330 2435 1369 2498 iis
1385 2431 1528 2519 negociis
1544 2453 1639 2520 qnae
1753 2441 1754 2444 ’

301 2538 335 2603 in
357 2535 451 2604 dictis
474 2535 618 2602 articulis
641 2535 845 2602 continentur
860 2539 989 2604 omnino
1005 2535 1145 2626 petenda
1166 2535 1260 2603 nobis
1275 2544 1325 2602 est
1338 2535 1529 2620 informatio,
1552 2559 1639 2602 nam

302 2643 372 2708 sine
394 2641 543 2707 uberiore
565 2639 790 2707 informatione
813 2651 845 2706 et
868 2640 1000 2708 consilio
1024 2641 1151 2708 illorum
1173 2663 1232 2706 nos
1255 2641 1288 2705 in
1311 2638 1386 2705 aula
1418 2650 1528 2707 nostra
1550 2639 1641 2704 certi

304 2747 470 2834 quippiam
493 2753 633 2810 statuere
655 2767 719 2810 non
742 2767 932 2832 possumus,
962 2767 1005 2810 ne
1033 2744 1113 2832 quid
1140 2746 1173 2810 in
1200 2743 1263 2810 bae
1292 2753 1386 2831 parte
1414 2741 1641 2808 concedamus

304 2850 392 2937 quod
413 2848 553 2914 libertati
575 2847 628 2913 vel
652 2847 776 2913 iuribus
800 2848 975 2914 eorundem
999 2871 1171 2935 regnorum
1194 2857 1227 2913 et
1242 2848 1482 2935 provinciarum
1504 2854 1641 2911 nostra-

302 2976 374 3019 rum
395 2951 629 3040 praeiudicium
651 2951 779 3017 adferat
810 2961 842 3017 et
864 2951 905 3017 ab
930 2954 976 3018 eis
997 2975 1062 3018 non
1094 2951 1289 3017 admittatur.
1324 2949 1490 3036 indignum
1519 2957 1641 3015 autem

304 3065 390 3122 esset
411 3056 504 3122 nobis
528 3063 560 3121 et
582 3053 624 3121 ab
648 3055 885 3121 existimatione
915 3065 1026 3121 nostra
1054 3053 1194 3122 alienum
1224 3054 1349 3141 aliquid
1376 3053 1544 3120 admittere
1571 3062 1643 3118 aut

302 3159 448 3248 polliceri
471 3160 559 3250 quod
581 3169 695 3246 postea
717 3161 901 3226 executioni
923 3159 1072 3226 mandari
1094 3182 1159 3225 non
1181 3167 1307 3247 posset,
1334 3179 1441 3244 neque
1465 3163 1549 3222 certe
1571 3177 1643 3220 un·

310 3287 408 3353 quam
430 3263 524 3330 nobis
546 3265 706 3352 patiemur
728 3287 748 3328 a
771 3285 934 3351 quoquam
956 3262 1155 3352 persuaderi,
1177 3270 1214 3326 ut
1236 3283 1294 3327 nos
1314 3262 1349 3324 in
1363 3258 1557 3326 eiuscemodi
1573 3257 1650 3324 dif-

304 3369 464 3436 ficultates
489 3368 708 3434 coniiciamus.
732 3375 930 3456 quapropter
951 3366 1046 3432 vobis
1068 3367 1209 3454 benigne
1232 3371 1264 3430 et
1285 3385 1442 3452 expresse
1465 3362 1647 3429 committi-

304 3496 376 3540 mus
398 3483 435 3538 ut
456 3473 521 3540 3¹⁰¹·
541 3472 655 3560 legatis
677 3473 760 3539 baec
782 3475 890 3538 omnia
913 3471 1024 3538 ordine
1040 3481 1073 3538 ct
1092 3469 1256 3559 sigillatIm
1272 3467 1442 3558 exponatis
1458 3476 1490 3534 et
1502 3467 1649 3534 nomine

303 3587 415 3646 nostro
438 3577 609 3666 diligenter
635 3577 754 3663 petatis
784 3585 815 3642 et
837 3576 978 3660 instetis,
1007 3585 1043 3641 ut
1078 3575 1300 3642 determinatio
1327 3572 1423 3639 buius
1450 3569 1651 3660 graussimi

305 3681 421 3771 capitis
449 3685 482 3748 in
511 3679 600 3748 aliud
630 3682 733 3766 magis
763 3679 968 3745 commodum
1004 3687 1036 3744 et
1067 3689 1284 3768 opportunum
1317 3687 1446 3764 tempus
1472 3675 1653 3742 reiicietur

303 3787 462 3876 nobisque
485 3796 517 3852 et
538 3785 669 3876 reliquis
693 3783 780 3850 orbis
804 3782 889 3850 chr*
912 3783 1044 3870 regibus
1059 3804 1098 3846 ac
1112 3779 1315 3869 principibus
1333 3779 1496 3846 sufficiens
1510 3773 1648 3845 delibe-

271 3897 273 3900 ’
304 3891 398 3957 randi
411 3890 556 3978 spacium
570 3888 779 3976 relinquatur,
798 3885 997 3954 ostendendo
1013 3883 1106 3951 aliter
1116 3885 1258 3950 futurum
1273 3892 1309 3949 ut
1323 3881 1425 3949 multa
1438 3881 1514 3947 inde
1529 3883 1652 3948 orian-

306 4004 358 4060 tur
379 3993 593 4068 incommoda‚
617 4015 701 4080 quae
722 3989 786 4057 boc
808 3990 937 4057 turbato
959 4013 1068 4056 rerum
1091 3998 1122 4055 et
1144 3997 1325 4075 temporum
1348 3995 1434 4053 statu
1455 3993 1653 4073 praestaret

306 4099 427 4166 evitare
449 4107 482 4163 et
504 4117 713 4186 praecavere.
738 4095 787 4161 sin
809 4115 887 4160 vero
909 4091 967 4158 R¹³³
988 4093 1087 4180 legati
1109 4090 1199 4158 hisce
1220 4091 1339 4156 nostris
1362 4089 1564 4179 aequissimis
1579 4113 1651 4178 po

307 4201 432 4268 ebriatis
454 4225 520 4267 non
542 4199 691 4266 dederint
711 4199 821 4264 locum
837 4247 844 4264 .
861 4247 893 4262 ..
916 4206 995 4263 tunc
1015 4193 1077 4261 illis
1101 4203 1212 4282 aperte
1234 4193 1343 4259 verbis
1367 4192 1484 4258 nostris
1507 4190 1649 4278 dicetis,

306 4328 365 4371 noa
389 4305 520 4394 quidem
543 4327 608 4370 non
630 4327 726 4394 posse
750 4325 811 4368 nee
834 4298 919 4368 velle
940 4299 999 4365 ΡΨ
1022 4321 1132 4366 eorum
1154 4297 1225 4362 R¹¹²⁸¹
1258 4295 1415 4382 impedire
1437 4295 1514 4384 quin
1537 4317 1650 4382 quae

308 4431 435 4498 cunque
457 4407 558 4474 velint
579 4409 613 4473 in
637 4408 772 4474 concilio
793 4415 989 4495 proponant,
1013 4403 1071 4470 sed
1093 4404 1126 4468 in
1148 4410 1302 4468 eventum
1325 4421 1389 4488 quo
1413 4399 1541 4464 omnino
1564 4420 1651 4486 per-

308 4515 446 4582 stiterint
468 4515 502 4578 in
524 4514 684 4580 sententia
705 4509 908 4600 proponendi
932 4509 1049 4597 capitis
1077 4504 1161 4572 illius
1192 4503 1233 4572 de
1261 4503 1489 4570 reformatione
1519 4501 1651 4588 princi-

306 4642 385 4709 pum
414 4617 619 4696 seculan'um,
646 4638 705 4682 nos
735 4638 799 4680 non
825 4613 1109 4702 praetermissuros
1140 4612 1218 4698 quin
1253 4609 1360 4674 adbuc
1391 4609 1508 4672 iterum
1537 4615 1650 4694 atque

306 4724 422 4787 iterum
453 4731 602 4809 petamus
639 4743 698 4787 nos
721 4720 861 4806 desuper
884 4715 989 4781 audiri
1011 4723 1043 4781 et
1065 4713 1201 4780 concedi
1225 4711 1389 4777 sufficiens
1412 4709 1557 4799 spacium
1585 4709 1651 4776 de-

308 4825 478 4910 liberandi,
502 4824 590 4914 quod
612 4823 640 4889 si
662 4823 842 4912 negabitur,
869 4844 929 4887 nos
952 4819 1045 4887 nobis
1068 4825 1251 4884 reservatas
1274 4823 1307 4882 et
1329 4813 1437 4880 salvas
1460 4833 1531 4877 esse
1553 4812 1651 4880 velle

309 4941 436 5002 nostras
460 4931 691 4998 excusationes
715 4937 747 4994 et
768 4927 1009 4994 informationes
1031 4931 1064 4991 et
1085 4942 1297 5011 quaecunque
1319 4917 1413 4984 nobis
1435 4914 1568 4982 ulterius
1584 4938 1650 4984 ne-
