3468 5820
420 714 519 780 Porro
544 716 632 803 quod
654 717 696 782 ad
718 717 979 784 reformationem
1001 715 1165 782 conclavis
1186 717 1334 802 pertinet,
1358 714 1418 782 etsi
1434 712 1594 800 quaedam
1610 715 1639 777 in

320 818 412 885 bulla
433 820 668 886 reformationis
691 821 854 888 conclavis
877 820 927 886 8⁰¹
949 821 990 886 D.
1014 821 1053 884 N.
1077 821 1279 886 continentur
1294 841 1377 907 quae
1393 820 1455 883 iarn
1470 817 1642 883 reformata

320 945 391 988 esse
426 925 575 990 dicuntur
583 975 591 1009 ,
626 935 732 991 tamen
766 926 830 992 alia
853 926 1012 1014 quaedam
1042 933 1263 1012 proponuntur
1291 946 1374 1011 quae
1397 932 1430 988 et
1451 923 1523 1010 ipsa
1545 924 1640 986 etiam

320 1037 414 1092 extra
437 1051 552 1094 causas
580 1029 743 1094 conclavis
771 1029 805 1092 in
833 1030 905 1116 ipsa
933 1029 1024 1094 curia
1051 1029 1275 1094 reformatione
1304 1025 1448 1112 indigere
1475 1034 1639 1113 putantum,

318 1130 497 1197 cuiusmodi
519 1143 594 1196 sunt
616 1155 700 1219 quae
723 1134 755 1197 in
771 1132 899 1198 decreto
916 1132 1169 1198 Constantiensis
1186 1130 1313 1196 concilii
1329 1131 1472 1196 sessione
1487 1128 1551 1194 XL
1567 1151 1641 1193 enu-

319 1245 497 1300 merantur:
521 1235 561 1301 de
582 1258 714 1300 numero
738 1235 892 1322 qualitate
914 1245 947 1300 et
967 1237 1097 1300 natione
1119 1235 1161 1299 D.
1185 1233 1404 1314 cardinalium,
1432 1232 1474 1298 de
1496 1255 1642 1296 reserva·

316 1339 459 1404 tionibus
500 1338 585 1403 sedis
624 1338 842 1426 apostolicae,
880 1336 921 1404 de
944 1339 1086 1420 annatis,
1125 1337 1164 1404 de
1192 1336 1415 1402 communibus
1445 1335 1587 1402 servitiis
1615 1344 1646 1399 et

315 1443 463 1526 minutis,
487 1442 526 1507 de
550 1442 775 1508 collationibus
796 1443 1026 1508 beneficiorum
1049 1451 1081 1508 et
1102 1443 1214 1527 gratiis
1238 1441 1468 1527 expectativis,
1499 1439 1540 1504 de
1569 1461 1642 1504 con·

315 1545 549 1611 firmationibus
572 1546 773 1630 electionum,
799 1547 838 1611 de
861 1547 967 1610 causis
989 1547 1022 1610 in
1045 1546 1136 1610 curia
1157 1546 1194 1610 R.
1217 1544 1394 1610 tractandis
1414 1542 1467 1608 vel
1489 1566 1570 1625 non,
1604 1543 1642 1608 dc

315 1647 583 1735 appellationibus
605 1649 647 1714 ad
669 1649 707 1714 R.
732 1653 863 1729 curiam,
886 1649 926 1715 de
950 1649 1065 1715 officiis
1088 1648 1298 1714 cancellariae
1320 1658 1351 1712 ct
1365 1649 1642 1734 poenitentiarius,

316 1751 356 1816 de
379 1752 577 1818 commendis
600 1761 632 1818 et
653 1753 810 1818 fructibus
831 1753 927 1818 medii
949 1754 1113 1840 temporis,
1136 1752 1176 1818 de
1197 1774 1263 1819 non
1285 1750 1463 1818 alienandis
1484 1750 1582 1816 bonis
1605 1751 1641 1816 R.

316 1855 482 1940 ecclesiae,
507 1855 548 1920 de
572 1857 786 1942 extirpatione
808 1858 970 1934 simoniae,
994 1857 1036 1922 de
1059 1854 1362 1943 dispensationibus,
1392 1854 1433 1920 de
1455 1855 1642 1940 provisione

315 1980 421 2046 papae
437 1968 469 2024 et
484 1958 710 2043 cardinalium
726 1959 817 2025 addit
831 1971 862 2024 et
877 1959 957 2024 alios
973 1959 1125 2026 articulos
1141 1959 1181 2024 de
1191 1957 1376 2024 venditione
1394 1955 1584 2038 officiorum,
1602 1957 1641 2022 de
1722 2025 1723 2040 ,

314 2063 478 2128 immensis
502 2065 633 2127 summis
660 2086 719 2149 pro
746 2063 845 2149 pallio
874 2073 906 2128 et
933 2063 1225 2130 confirmationibus
1248 2063 1439 2128 electionum
1467 2059 1641 2140 solvendis,

315 2164 355 2230 de
383 2165 612 2231 beneficiorum
638 2167 909 2253 resignationibus
940 2178 972 2232 et
1003 2165 1304 2252 permutationibus,
1336 2165 1376 2230 de
1416 2164 1642 2250 componenda

315 2293 397 2356 pace
419 2272 502 2336 inter
516 2272 688 2358 principes.
713 2272 772 2336 etsi
795 2281 903 2336 autem
926 2271 961 2336 Ο.
977 2271 1043 2336 ΜΨ
1055 2271 1117 2334 Rmo
1140 2271 1181 2334 D.
1197 2269 1232 2336 G.
1255 2269 1390 2334 Morono
1413 2270 1496 2333 inter
1511 2277 1641 2333 caetera

314 2397 412 2462 super
441 2374 504 2441 hoe
531 2375 766 2441 reformationis
796 2373 960 2441 cenchris
982 2373 1117 2440 articulo
1139 2372 1355 2458 responderit,
1383 2371 1434 2436 Me
1457 2370 1488 2436 S.
1513 2370 1640 2436 consul·

319 2487 387 2542 tum
409 2477 512 2544 videri
533 2488 569 2544 nt
590 2477 734 2544 nonnihil
763 2477 803 2544 de
825 2501 863 2544 ea
886 2501 1014 2566 quoque
1041 2501 1077 2543 re
1103 2476 1147 2542 ad
1169 2499 1296 2540 sacrum
1318 2474 1486 2540 concilium
1508 2475 1643 2539 referre-

315 2591 382 2666 tur,
410 2603 471 2647 nos
498 2593 607 2648 tamen
634 2606 674 2646 an
705 2582 887 2648 huiusmodi
914 2584 1086 2668 negocium
1113 2582 1176 2648 iam
1211 2603 1268 2667 per
1294 2580 1369 2644 M‘⁸”¹
1395 2578 1427 2644 S.
1450 2580 1483 2642 in
1506 2577 1641 2644 concilio

312 2687 449 2772 proponi
472 2686 598 2771 debeat,
621 2689 671 2753 Mu
689 2687 721 2753 S.
744 2687 866 2753 nullam
887 2687 992 2774 legem
1013 2686 1234 2775 praescribere
1251 2685 1413 2766 debemus,
1436 2683 1642 2769 nequeenim

314 2788 411 2854 officii
432 2793 532 2856 nostri
555 2801 603 2856 est
624 2794 658 2856 in
680 2793 730 2856 his
752 2815 836 2878 quae
857 2792 1013 2856 hactenus
1036 2815 1056 2856 a
1071 2791 1107 2856 (l.
1129 2790 1185 2854 Μ’ο
1207 2799 1281 2855 ncta
1302 2798 1392 2870 sunt,
1422 2787 1556 2854 modum
1585 2784 1637 2851 ali·

315 2913 410 2977 quem
433 2903 573 2960 statuere
595 2906 651 2962 aut
673 2919 713 2961 ea
734 2897 806 2982 ipsa
821 2894 962 2960 consiliis
984 2895 1100 2959 nostris
1122 2901 1307 2958 retractare.

413 3408 525 3474 Altera
547 3431 622 3495 pars
646 3409 888 3474 consultationis
911 3411 997 3476 circa
1019 3433 1070 3476 res
1093 3411 1238 3496 agendas
1269 3410 1310 3476 ad
1334 3433 1371 3476 ca
1394 3419 1523 3495 spectat
1557 3433 1639 3496 quae

308 3511 349 3576 ab
375 3512 555 3577 oratoribus
578 3515 719 3579 caesaris
741 3515 874 3578 seorsim
898 3524 930 3578 et
952 3523 1045 3578 extra
1068 3515 1238 3580 concilium
1255 3515 1382 3599 agenda
1402 3516 1474 3593 sint,
1499 3523 1531 3580 et
1559 3514 1638 3578 haec

312 3637 332 3679 a
355 3613 390 3680 O.
413 3616 468 3679 Mb
491 3618 525 3680 in
548 3616 757 3704 sequentibus
781 3617 1023 3704 quaestionibus
1047 3642 1131 3706 quae
1154 3621 1236 3684 inter
1259 3617 1410 3684 articulos
1427 3617 1567 3682 duorum
1583 3617 1637 3682 lib·
1722 3673 1723 3690 ,

311 3741 420 3783 rorum
443 3729 606 3806 ponuntur
627 3722 793 3807 proposita
815 3730 898 3803 sunt,
922 3721 1124 3808 quarundam
1147 3724 1242 3788 etiam
1265 3746 1372 3788 rerum
1388 3721 1553 3807 expeditio
1571 3744 1636 3786 ora·

310 3822 433 3887 toribus
455 3824 534 3908 ipsis
556 3822 699 3887 iniuncta
721 3823 794 3887 fuit:
817 3824 834 3887 Ι
856 3825 934 3910 qnid
957 3825 1126 3909 agendum,
1151 3825 1337 3892 sinendum
1360 3825 1505 3890 diffinitis
1527 3835 1562 3890 et
1584 3824 1636 3888 ab·

310 3923 422 3991 solutis
445 3925 594 3990 omnibus
616 3925 713 3990 rebus
735 3928 769 3990 in
792 3925 929 4016 concilio
949 3929 1122 4014 propositis
1145 3939 1200 3994 aut
1228 3930 1335 3996 adhuc
1358 3929 1543 3994 necessario
1567 3952 1634 4014 pro·

308 4028 466 4115 ponendis
488 4051 576 4115 papa
598 4028 768 4094 concilium
791 4029 968 4095 dissolvere
990 4039 1046 4096 aut
1068 4032 1240 4096 transferre
1263 4031 1369 4098 vellet.
1393 4031 1427 4096 II
1445 4031 1521 4115 quid
1539 4055 1632 4118 agen·

310 4131 395 4209 dum,
433 4135 460 4197 si
497 4134 631 4199 durante
668 4132 774 4198 adhuc
803 4142 835 4198 ct
862 4135 1005 4199 nondum
1034 4135 1122 4200 finito
1162 4135 1296 4202 concilio
1331 4159 1418 4222 papa
1447 4147 1630 4200 moreretur.

310 4233 360 4299 III
378 4235 454 4322 quid
470 4234 641 4321 agendum,
658 4238 685 4300 si
701 4238 920 4323 quaestionem
935 4237 975 4303 de
991 4239 1212 4324 superioritate
1229 4263 1333 4326 papae
1349 4262 1446 4325 supra
1463 4237 1630 4304 concilium

312 4346 345 4403 et
367 4361 385 4403 e
408 4337 535 4404 diverso
557 4340 694 4426 proponi
716 4343 923 4425 contingeret.
947 4341 995 4406 IV
1018 4365 1060 4406 an
1084 4341 1219 4408 concilio
1242 4341 1396 4408 dissoluto
1420 4341 1457 4408 C.
1479 4341 1543 4406 Me.
1566 4365 1628 4408 ora·

306 4451 393 4506 tores
405 4463 478 4507 curn
491 4443 624 4508 aliorum
638 4466 749 4528 regum
761 4454 792 4509 et
802 4447 981 4531 principum
998 4445 1177 4511 oratoribus
1186 4456 1378 4514 conventum
1386 4468 1483 4530 agere
1491 4455 1523 4512 et
1536 4446 1575 4512 de
1587 4467 1629 4510 re·

309 4543 372 4610 bus
395 4545 438 4609 ad
460 4547 715 4612 conservandam
738 4545 931 4613 catholicam
953 4546 1141 4634 religionem
1169 4550 1203 4613 in
1229 4550 1363 4636 imperio
1392 4549 1503 4632 regnis
1527 4560 1558 4616 et
1579 4549 1628 4612 do·

308 4649 414 4713 miniis
437 4651 503 4715 suis
524 4652 715 4716 necessariis
738 4651 918 4716 consultare
941 4654 1074 4738 possint,
1098 4663 1130 4718 et
1145 4675 1186 4718 an
1202 4654 1376 4738 imperator
1391 4675 1486 4737 reges
1503 4663 1535 4718 et
1552 4655 1627 4739 prin·

307 4754 395 4840 cipes
418 4775 457 4820 aa
481 4776 563 4839 quae
587 4754 627 4818 de
649 4754 698 4818 his
720 4754 817 4819 rebus
841 4754 1019 4820 deliberata
1041 4757 1158 4822 fuerint
1180 4757 1224 4822 ad
1245 4757 1281 4820 R.
1304 4757 1489 4842 pontificem
1517 4755 1626 4822 referre

307 4858 435 4943 possint
458 4867 490 4922 et
511 4856 658 4922 debeant.
693 4857 723 4923 V
746 4858 906 4946 quomodo
930 4869 963 4922 et
984 4883 1044 4945 per
1066 4881 1146 4946 quos
1175 4858 1309 4946 praelati
1337 4859 1494 4924 Germani
1521 4861 1624 4925 iterum

308 4963 351 5028 ad
375 4960 548 5028 concilium
571 4963 633 5025 sint
647 4963 795 5028 vocandi.
818 4999 860 5011 -
882 4963 1062 5028 oratoribus
1079 4963 1114 5028 C.
1130 4963 1189 5028 Me„
1206 4963 1371 5051 sequentia
1384 4964 1529 5030 iniuncta
1544 4973 1624 5030 sunt:

306 5065 323 5130 I
338 5075 374 5131 ut
386 5064 622 5131 reformationis
644 5068 814 5152 negocium
835 5075 988 5152 urgeatur
1002 5065 1035 5131 in
1051 5066 1196 5133 concilio.
1218 5067 1252 5131 II
1268 5075 1302 5131 ut
1317 5077 1484 5133 moneatur
1498 5069 1535 5132 R
1553 5091 1621 5155 pon·
