<?xml version="1.0" encoding="UTF-8"?>
<!DOCTYPE html PUBLIC "-//W3C//DTD XHTML 1.0 Transitional//EN"
    "http://www.w3.org/TR/xhtml1/DTD/xhtml1-transitional.dtd">
<html xmlns="http://www.w3.org/1999/xhtml" xml:lang="en" lang="en">
 <head>
  <title>
</title>
<meta http-equiv="Content-Type" content="text/html;charset=utf-8" />
  <meta name='ocr-system' content='tesseract 3.04.00' />
  <meta name='ocr-capabilities' content='ocr_page ocr_carea ocr_par ocr_line ocrx_word'/>
</head>
<body>
  <div class='ocr_page' id='page_1' title='image "./zurgeschichtede00unkngoog/zurgeschichtede00unkngoog_0207.png"; bbox 0 0 3498 5818; ppageno 0'>
   <div class='ocr_carea' id='block_1_1' title="bbox 314 531 373 602">
    <p class='ocr_par' dir='ltr' id='par_1_1' title="bbox 314 531 373 602">
     <span class='ocr_line' id='line_1_1' title="bbox 314 531 373 602; baseline 0.068 -6"><span class='ocrx_word' id='word_1_1' title='bbox 314 531 373 602; x_wconf 74' lang='grc' dir='ltr'><strong>Μ</strong></span> 
     </span>
    </p>
   </div>
   <div class='ocr_carea' id='block_1_2' title="bbox 309 717 1648 5184">
    <p class='ocr_par' dir='ltr' id='par_1_2' title="bbox 309 717 1646 2236">
     <span class='ocr_line' id='line_1_2' title="bbox 309 717 1646 807; baseline 0.001 -23"><span class='ocrx_word' id='word_1_2' title='bbox 309 719 392 786; x_wconf 88' lang='lat' dir='ltr'>verit</span> <span class='ocrx_word' id='word_1_3' title='bbox 414 721 614 807; x_wconf 87' lang='lat' dir='ltr'>exequenda,</span> <span class='ocrx_word' id='word_1_4' title='bbox 639 717 704 784; x_wconf 71' lang='lat' dir='ltr'>sam</span> <span class='ocrx_word' id='word_1_5' title='bbox 728 720 797 784; x_wconf 89' lang='lat' dir='ltr'>eius</span> <span class='ocrx_word' id='word_1_6' title='bbox 811 717 1018 788; x_wconf 87' lang='lat' dir='ltr'>vehementer</span> <span class='ocrx_word' id='word_1_7' title='bbox 1040 721 1146 807; x_wconf 91' lang='lat' dir='ltr'>ipsum</span> <span class='ocrx_word' id='word_1_8' title='bbox 1170 717 1299 786; x_wconf 81' lang='lat' dir='ltr'>Aialam</span> <span class='ocrx_word' id='word_1_9' title='bbox 1321 729 1511 807; x_wconf 78' lang='lat' dir='ltr'>expectasse</span> <span class='ocrx_word' id='word_1_10' title='bbox 1536 719 1646 786; x_wconf 88' lang='lat' dir='ltr'>illum·</span> 
     </span>
     <span class='ocr_line' id='line_1_3' title="bbox 312 821 1641 912; baseline 0.002 -26"><span class='ocrx_word' id='word_1_11' title='bbox 312 845 375 910; x_wconf 90' lang='lat' dir='ltr'>que</span> <span class='ocrx_word' id='word_1_12' title='bbox 405 845 515 888; x_wconf 89' lang='lat' dir='ltr'>secum</span> <span class='ocrx_word' id='word_1_13' title='bbox 543 823 661 888; x_wconf 90' lang='lat' dir='ltr'>ducere</span> <span class='ocrx_word' id='word_1_14' title='bbox 692 821 887 888; x_wconf 77' lang='lat' dir='ltr'>deliberasse</span> <span class='ocrx_word' id='word_1_15' title='bbox 915 822 958 888; x_wconf 89' lang='lat' dir='ltr'>ad</span> <span class='ocrx_word' id='word_1_16' title='bbox 982 821 1232 902; x_wconf 77' lang='lat' dir='ltr'>Centumcellas,</span> <span class='ocrx_word' id='word_1_17' title='bbox 1266 845 1330 911; x_wconf 92' lang='lat' dir='ltr'>quo</span> <span class='ocrx_word' id='word_1_18' title='bbox 1358 822 1472 887; x_wconf 89' lang='lat' dir='ltr'>eodem</span> <span class='ocrx_word' id='word_1_19' title='bbox 1495 823 1547 889; x_wconf 91' lang='lat' dir='ltr'>die</span> <span class='ocrx_word' id='word_1_20' title='bbox 1570 847 1641 912; x_wconf 92' lang='lat' dir='ltr'>quo</span> 
     </span>
     <span class='ocr_line' id='line_1_4' title="bbox 310 924 1641 1015; baseline 0.002 -25"><span class='ocrx_word' id='word_1_21' title='bbox 310 927 380 1014; x_wconf 82' lang='lat' dir='ltr'>ipse</span> <span class='ocrx_word' id='word_1_22' title='bbox 401 925 481 992; x_wconf 88' lang='lat' dir='ltr'>urbe</span> <span class='ocrx_word' id='word_1_23' title='bbox 505 947 653 1013; x_wconf 84' lang='lat' dir='ltr'>egressus</span> <span class='ocrx_word' id='word_1_24' title='bbox 676 946 746 990; x_wconf 92' lang='lat' dir='ltr'>sum</span> <span class='ocrx_word' id='word_1_25' title='bbox 769 924 826 990; x_wconf 69' lang='lat'>8²¹·</span> <span class='ocrx_word' id='word_1_26' title='bbox 850 924 882 990; x_wconf 90' lang='lat' dir='ltr'>S.</span> <span class='ocrx_word' id='word_1_27' title='bbox 912 935 980 991; x_wconf 87' lang='lat' dir='ltr'>erat</span> <span class='ocrx_word' id='word_1_28' title='bbox 1008 929 1106 1010; x_wconf 89' lang='lat' dir='ltr'>itura,</span> <span class='ocrx_word' id='word_1_29' title='bbox 1141 949 1214 992; x_wconf 90' lang='lat' dir='ltr'>cum</span> <span class='ocrx_word' id='word_1_30' title='bbox 1237 935 1272 991; x_wconf 89' lang='lat' dir='ltr'>ut</span> <span class='ocrx_word' id='word_1_31' title='bbox 1293 924 1487 992; x_wconf 80' lang='lat' dir='ltr'>deliberaret</span> <span class='ocrx_word' id='word_1_32' title='bbox 1509 933 1540 991; x_wconf 90' lang='lat' dir='ltr'>et</span> <span class='ocrx_word' id='word_1_33' title='bbox 1562 949 1641 1015; x_wconf 91' lang='lat' dir='ltr'>pro-</span> 
     </span>
     <span class='ocr_line' id='line_1_5' title="bbox 311 1027 1646 1117; baseline 0.001 -23"><span class='ocrx_word' id='word_1_34' title='bbox 311 1029 435 1096; x_wconf 79' lang='lat' dir='ltr'>videret</span> <span class='ocrx_word' id='word_1_35' title='bbox 457 1053 540 1117; x_wconf 89' lang='lat' dir='ltr'>quae</span> <span class='ocrx_word' id='word_1_36' title='bbox 563 1029 605 1097; x_wconf 89' lang='lat' dir='ltr'>ad</span> <span class='ocrx_word' id='word_1_37' title='bbox 627 1027 712 1094; x_wconf 91' lang='lat' dir='ltr'>illius</span> <span class='ocrx_word' id='word_1_38' title='bbox 734 1039 845 1116; x_wconf 90' lang='lat' dir='ltr'>portus</span> <span class='ocrx_word' id='word_1_39' title='bbox 873 1032 1081 1097; x_wconf 91' lang='lat' dir='ltr'>munitionem</span> <span class='ocrx_word' id='word_1_40' title='bbox 1111 1040 1186 1096; x_wconf 90' lang='lat' dir='ltr'>sunt</span> <span class='ocrx_word' id='word_1_41' title='bbox 1207 1031 1405 1116; x_wconf 90' lang='lat' dir='ltr'>necessaria,</span> <span class='ocrx_word' id='word_1_42' title='bbox 1441 1038 1508 1096; x_wconf 90' lang='lat' dir='ltr'>tum</span> <span class='ocrx_word' id='word_1_43' title='bbox 1536 1041 1572 1095; x_wconf 89' lang='lat' dir='ltr'>ut</span> <span class='ocrx_word' id='word_1_44' title='bbox 1594 1031 1646 1095; x_wconf 88' lang='lat' dir='ltr'>fa-</span> 
     </span>
     <span class='ocr_line' id='line_1_6' title="bbox 313 1131 1643 1222; baseline 0.001 -24"><span class='ocrx_word' id='word_1_45' title='bbox 313 1132 403 1199; x_wconf 82' lang='lat' dir='ltr'>cilius</span> <span class='ocrx_word' id='word_1_46' title='bbox 433 1155 472 1200; x_wconf 86' lang='lat' dir='ltr'>ao</span> <span class='ocrx_word' id='word_1_47' title='bbox 494 1134 588 1200; x_wconf 87' lang='lat' dir='ltr'>citius</span> <span class='ocrx_word' id='word_1_48' title='bbox 611 1156 684 1200; x_wconf 90' lang='lat' dir='ltr'>oum</span> <span class='ocrx_word' id='word_1_49' title='bbox 706 1135 776 1222; x_wconf 92' lang='lat' dir='ltr'>ipso</span> <span class='ocrx_word' id='word_1_50' title='bbox 798 1131 896 1198; x_wconf 80' lang='lat' dir='ltr'>Aiala</span> <span class='ocrx_word' id='word_1_51' title='bbox 924 1136 1060 1221; x_wconf 88' lang='lat' dir='ltr'>negocia</span> <span class='ocrx_word' id='word_1_52' title='bbox 1083 1136 1263 1202; x_wconf 87' lang='lat' dir='ltr'>conficeret.</span> <span class='ocrx_word' id='word_1_53' title='bbox 1295 1157 1379 1221; x_wconf 88' lang='lat' dir='ltr'>quae</span> <span class='ocrx_word' id='word_1_54' title='bbox 1401 1156 1476 1200; x_wconf 91' lang='lat' dir='ltr'>cum</span> <span class='ocrx_word' id='word_1_55' title='bbox 1496 1137 1542 1200; x_wconf 88' lang='lat' dir='ltr'>ita</span> <span class='ocrx_word' id='word_1_56' title='bbox 1565 1136 1643 1218; x_wconf 89' lang='lat' dir='ltr'>sint,</span> 
     </span>
     <span class='ocr_line' id='line_1_7' title="bbox 311 1232 1643 1326; baseline 0 -24"><span class='ocrx_word' id='word_1_57' title='bbox 311 1235 388 1302; x_wconf 89' lang='lat' dir='ltr'>mihi</span> <span class='ocrx_word' id='word_1_58' title='bbox 411 1239 479 1304; x_wconf 88' lang='lat' dir='ltr'>eius</span> <span class='ocrx_word' id='word_1_59' title='bbox 495 1232 741 1304; x_wconf 70' lang='lat' dir='ltr'>S‘⁸⁸·mandavit</span> <span class='ocrx_word' id='word_1_60' title='bbox 762 1245 797 1302; x_wconf 83' lang='lat' dir='ltr'>ut</span> <span class='ocrx_word' id='word_1_61' title='bbox 811 1236 863 1302; x_wconf 65' lang='grc' dir='ltr'>Μιι</span> <span class='ocrx_word' id='word_1_62' title='bbox 887 1236 928 1302; x_wconf 89' lang='lat' dir='ltr'>V.</span> <span class='ocrx_word' id='word_1_63' title='bbox 953 1238 1103 1322; x_wconf 83' lang='lat' dir='ltr'>dicerem,</span> <span class='ocrx_word' id='word_1_64' title='bbox 1125 1239 1230 1326; x_wconf 90' lang='lat' dir='ltr'>ipsam</span> <span class='ocrx_word' id='word_1_65' title='bbox 1247 1236 1286 1302; x_wconf 77' lang='lat' dir='ltr'>S‘¹</span> <span class='ocrx_word' id='word_1_66' title='bbox 1312 1239 1382 1302; x_wconf 88' lang='lat' dir='ltr'>eius</span> <span class='ocrx_word' id='word_1_67' title='bbox 1405 1259 1473 1302; x_wconf 91' lang='lat' dir='ltr'>rem</span> <span class='ocrx_word' id='word_1_68' title='bbox 1495 1240 1643 1324; x_wconf 87' lang='lat' dir='ltr'>gratissi-</span> 
     </span>
     <span class='ocr_line' id='line_1_8' title="bbox 310 1339 1643 1429; baseline 0.003 -25"><span class='ocrx_word' id='word_1_69' title='bbox 310 1362 397 1404; x_wconf 87' lang='lat' dir='ltr'>mam</span> <span class='ocrx_word' id='word_1_70' title='bbox 419 1339 585 1424; x_wconf 87' lang='lat' dir='ltr'>facturam,</span> <span class='ocrx_word' id='word_1_71' title='bbox 608 1342 635 1404; x_wconf 92' lang='lat' dir='ltr'>si</span> <span class='ocrx_word' id='word_1_72' title='bbox 658 1341 784 1404; x_wconf 89' lang='lat' dir='ltr'>interim</span> <span class='ocrx_word' id='word_1_73' title='bbox 806 1341 852 1405; x_wconf 89' lang='lat' dir='ltr'>uti</span> <span class='ocrx_word' id='word_1_74' title='bbox 875 1361 1043 1426; x_wconf 90' lang='lat' dir='ltr'>supremus</span> <span class='ocrx_word' id='word_1_75' title='bbox 1064 1339 1260 1406; x_wconf 86' lang='lat' dir='ltr'>christianae</span> <span class='ocrx_word' id='word_1_76' title='bbox 1274 1339 1472 1426; x_wconf 88' lang='lat' dir='ltr'>reipublicae</span> <span class='ocrx_word' id='word_1_77' title='bbox 1486 1343 1643 1429; x_wconf 89' lang='lat' dir='ltr'>princeps</span> 
     </span>
     <span class='ocr_line' id='line_1_9' title="bbox 312 1443 1644 1532; baseline 0.003 -24"><span class='ocrx_word' id='word_1_78' title='bbox 312 1465 386 1509; x_wconf 91' lang='lat' dir='ltr'>suos</span> <span class='ocrx_word' id='word_1_79' title='bbox 409 1443 578 1532; x_wconf 88' lang='lat' dir='ltr'>adipsum</span> <span class='ocrx_word' id='word_1_80' title='bbox 602 1443 770 1509; x_wconf 89' lang='lat' dir='ltr'>concilium</span> <span class='ocrx_word' id='word_1_81' title='bbox 793 1445 915 1509; x_wconf 86' lang='lat' dir='ltr'>miserit</span> <span class='ocrx_word' id='word_1_82' title='bbox 938 1443 1099 1531; x_wconf 88' lang='lat' dir='ltr'>praelatos</span> <span class='ocrx_word' id='word_1_83' title='bbox 1123 1453 1154 1508; x_wconf 89' lang='lat' dir='ltr'>et</span> <span class='ocrx_word' id='word_1_84' title='bbox 1176 1453 1340 1528; x_wconf 83' lang='lat' dir='ltr'>oratores3</span> <span class='ocrx_word' id='word_1_85' title='bbox 1364 1443 1422 1508; x_wconf 88' lang='lat' dir='ltr'>sed</span> <span class='ocrx_word' id='word_1_86' title='bbox 1437 1445 1465 1508; x_wconf 88' lang='lat' dir='ltr'>si</span> <span class='ocrx_word' id='word_1_87' title='bbox 1480 1443 1561 1509; x_wconf 89' lang='lat' dir='ltr'>forte</span> <span class='ocrx_word' id='word_1_88' title='bbox 1576 1445 1644 1512; x_wconf 86' lang='lat' dir='ltr'>for·</span> 
     </span>
     <span class='ocr_line' id='line_1_10' title="bbox 311 1545 1644 1635; baseline 0.002 -22"><span class='ocrx_word' id='word_1_89' title='bbox 311 1557 391 1613; x_wconf 88' lang='lat' dir='ltr'>tuna</span> <span class='ocrx_word' id='word_1_90' title='bbox 412 1545 446 1612; x_wconf 92' lang='lat' dir='ltr'>id</span> <span class='ocrx_word' id='word_1_91' title='bbox 469 1549 533 1612; x_wconf 88' lang='lat' dir='ltr'>iam</span> <span class='ocrx_word' id='word_1_92' title='bbox 557 1547 724 1614; x_wconf 89' lang='lat' dir='ltr'>commode</span> <span class='ocrx_word' id='word_1_93' title='bbox 747 1547 815 1612; x_wconf 87' lang='lat' dir='ltr'>ficri</span> <span class='ocrx_word' id='word_1_94' title='bbox 830 1570 895 1613; x_wconf 91' lang='lat' dir='ltr'>non</span> <span class='ocrx_word' id='word_1_95' title='bbox 910 1557 1029 1635; x_wconf 88' lang='lat' dir='ltr'>posset,</span> <span class='ocrx_word' id='word_1_96' title='bbox 1054 1547 1119 1614; x_wconf 56' lang='grc' dir='ltr'>ΕΜ·</span> <span class='ocrx_word' id='word_1_97' title='bbox 1144 1549 1212 1614; x_wconf 90' lang='lat' dir='ltr'>eius</span> <span class='ocrx_word' id='word_1_98' title='bbox 1235 1545 1349 1613; x_wconf 88' lang='lat' dir='ltr'>saltem</span> <span class='ocrx_word' id='word_1_99' title='bbox 1364 1545 1570 1614; x_wconf 88' lang='lat' dir='ltr'>vehementer</span> <span class='ocrx_word' id='word_1_100' title='bbox 1585 1573 1644 1616; x_wconf 86' lang='lat' dir='ltr'>cu-</span> 
     </span>
     <span class='ocr_line' id='line_1_11' title="bbox 311 1650 1644 1740; baseline -0.002 -20"><span class='ocrx_word' id='word_1_101' title='bbox 311 1675 388 1740; x_wconf 89' lang='lat' dir='ltr'>pere</span> <span class='ocrx_word' id='word_1_102' title='bbox 410 1663 447 1716; x_wconf 90' lang='lat' dir='ltr'>ut</span> <span class='ocrx_word' id='word_1_103' title='bbox 467 1674 519 1717; x_wconf 91' lang='lat' dir='ltr'>res</span> <span class='ocrx_word' id='word_1_104' title='bbox 540 1653 587 1716; x_wconf 86' lang='lat' dir='ltr'>ita</span> <span class='ocrx_word' id='word_1_105' title='bbox 608 1659 709 1737; x_wconf 85' lang='lat' dir='ltr'>paret,</span> <span class='ocrx_word' id='word_1_106' title='bbox 733 1661 769 1715; x_wconf 91' lang='lat' dir='ltr'>ut</span> <span class='ocrx_word' id='word_1_107' title='bbox 791 1673 864 1717; x_wconf 89' lang='lat' dir='ltr'>cum</span> <span class='ocrx_word' id='word_1_108' title='bbox 886 1654 1025 1738; x_wconf 91' lang='lat' dir='ltr'>primum</span> <span class='ocrx_word' id='word_1_109' title='bbox 1047 1651 1143 1718; x_wconf 89' lang='lat' dir='ltr'>fuerit</span> <span class='ocrx_word' id='word_1_110' title='bbox 1165 1653 1267 1738; x_wconf 88' lang='lat' dir='ltr'>ipsius</span> <span class='ocrx_word' id='word_1_111' title='bbox 1283 1651 1329 1716; x_wconf 69' lang='lat'>0⁰³</span> <span class='ocrx_word' id='word_1_112' title='bbox 1347 1651 1434 1736; x_wconf 85' lang='lat' dir='ltr'>regis</span> <span class='ocrx_word' id='word_1_113' title='bbox 1450 1650 1644 1718; x_wconf 82' lang='lat' dir='ltr'>deliberatio</span> 
     </span>
     <span class='ocr_line' id='line_1_12' title="bbox 312 1752 1643 1841; baseline 0 -22"><span class='ocrx_word' id='word_1_114' title='bbox 312 1778 333 1819; x_wconf 90' lang='lat' dir='ltr'>a</span> <span class='ocrx_word' id='word_1_115' title='bbox 354 1755 413 1820; x_wconf 62' lang='grc' dir='ltr'>Μ*ο</span> <span class='ocrx_word' id='word_1_116' title='bbox 428 1755 469 1820; x_wconf 90' lang='lat' dir='ltr'><strong>V.</strong></span> <span class='ocrx_word' id='word_1_117' title='bbox 493 1756 630 1840; x_wconf 82' lang='lat' dir='ltr'>cognita,</span> <span class='ocrx_word' id='word_1_118' title='bbox 653 1756 755 1841; x_wconf 89' lang='lat' dir='ltr'>possit</span> <span class='ocrx_word' id='word_1_119' title='bbox 778 1755 885 1818; x_wconf 87' lang='lat' dir='ltr'>statim</span> <span class='ocrx_word' id='word_1_120' title='bbox 908 1755 1057 1819; x_wconf 91' lang='lat' dir='ltr'>omnibus</span> <span class='ocrx_word' id='word_1_121' title='bbox 1080 1752 1151 1818; x_wconf 87' lang='lat' dir='ltr'>aliis</span> <span class='ocrx_word' id='word_1_122' title='bbox 1174 1753 1373 1840; x_wconf 88' lang='lat' dir='ltr'>principibus</span> <span class='ocrx_word' id='word_1_123' title='bbox 1396 1763 1428 1818; x_wconf 90' lang='lat' dir='ltr'>et</span> <span class='ocrx_word' id='word_1_124' title='bbox 1449 1757 1643 1841; x_wconf 90' lang='lat' dir='ltr'>praesertim</span> 
     </span>
     <span class='ocr_line' id='line_1_13' title="bbox 312 1857 1643 1945; baseline -0.002 -21"><span class='ocrx_word' id='word_1_125' title='bbox 312 1858 480 1925; x_wconf 73' lang='lat' dir='ltr'>Gallorum</span> <span class='ocrx_word' id='word_1_126' title='bbox 502 1860 582 1944; x_wconf 86' lang='lat' dir='ltr'>regi,</span> <span class='ocrx_word' id='word_1_127' title='bbox 606 1860 662 1945; x_wconf 91' lang='lat' dir='ltr'>qui</span> <span class='ocrx_word' id='word_1_128' title='bbox 684 1879 719 1922; x_wconf 90' lang='lat' dir='ltr'>se</span> <span class='ocrx_word' id='word_1_129' title='bbox 742 1859 872 1922; x_wconf 89' lang='lat' dir='ltr'>omnino</span> <span class='ocrx_word' id='word_1_130' title='bbox 895 1859 928 1921; x_wconf 93' lang='lat' dir='ltr'>in</span> <span class='ocrx_word' id='word_1_131' title='bbox 949 1858 1011 1923; x_wconf 90' lang='lat' dir='ltr'>hoc</span> <span class='ocrx_word' id='word_1_132' title='bbox 1026 1860 1162 1942; x_wconf 85' lang='lat' dir='ltr'>negocio</span> <span class='ocrx_word' id='word_1_133' title='bbox 1178 1857 1263 1921; x_wconf 64' lang='lat' dir='ltr'>M‘ffl</span> <span class='ocrx_word' id='word_1_134' title='bbox 1277 1858 1317 1920; x_wconf 94' lang='lat' dir='ltr'>V.</span> <span class='ocrx_word' id='word_1_135' title='bbox 1333 1865 1540 1944; x_wconf 87' lang='lat' dir='ltr'>sequuturam</span> <span class='ocrx_word' id='word_1_136' title='bbox 1557 1879 1643 1924; x_wconf 89' lang='lat' dir='ltr'>sem-</span> 
     </span>
     <span class='ocr_line' id='line_1_14' title="bbox 312 1960 1642 2050; baseline -0.001 -22"><span class='ocrx_word' id='word_1_137' title='bbox 312 1985 371 2050; x_wconf 88' lang='lat' dir='ltr'>per</span> <span class='ocrx_word' id='word_1_138' title='bbox 393 1963 572 2046; x_wconf 89' lang='lat' dir='ltr'>affirmavit,</span> <span class='ocrx_word' id='word_1_139' title='bbox 595 1961 752 2048; x_wconf 89' lang='lat' dir='ltr'>praebere</span> <span class='ocrx_word' id='word_1_140' title='bbox 775 1961 959 2048; x_wconf 85' lang='lat' dir='ltr'>exemplum</span> <span class='ocrx_word' id='word_1_141' title='bbox 980 1964 1033 2048; x_wconf 91' lang='lat' dir='ltr'>pie</span> <span class='ocrx_word' id='word_1_142' title='bbox 1056 1985 1095 2027; x_wconf 87' lang='lat' dir='ltr'>ac</span> <span class='ocrx_word' id='word_1_143' title='bbox 1118 1971 1229 2027; x_wconf 87' lang='lat' dir='ltr'>sancte</span> <span class='ocrx_word' id='word_1_144' title='bbox 1251 1963 1283 2026; x_wconf 93' lang='lat' dir='ltr'>in</span> <span class='ocrx_word' id='word_1_145' title='bbox 1305 1960 1488 2025; x_wconf 88' lang='lat' dir='ltr'>huiusmodi</span> <span class='ocrx_word' id='word_1_146' title='bbox 1510 1961 1562 2026; x_wconf 90' lang='lat' dir='ltr'>dei</span> <span class='ocrx_word' id='word_1_147' title='bbox 1584 1985 1642 2028; x_wconf 89' lang='lat' dir='ltr'>ne·</span> 
     </span>
     <span class='ocr_line' id='line_1_15' title="bbox 312 2063 1642 2153; baseline 0.001 -22"><span class='ocrx_word' id='word_1_148' title='bbox 312 2068 399 2153; x_wconf 84' lang='lat' dir='ltr'>gotio</span> <span class='ocrx_word' id='word_1_149' title='bbox 421 2064 627 2153; x_wconf 88' lang='lat' dir='ltr'>procedendi,</span> <span class='ocrx_word' id='word_1_150' title='bbox 652 2063 777 2150; x_wconf 90' lang='lat' dir='ltr'>hocque</span> <span class='ocrx_word' id='word_1_151' title='bbox 799 2064 863 2128; x_wconf 67' lang='lat' dir='ltr'>Ml*</span> <span class='ocrx_word' id='word_1_152' title='bbox 890 2065 929 2128; x_wconf 98' lang='lat' dir='ltr'><strong>V.</strong></span> <span class='ocrx_word' id='word_1_153' title='bbox 953 2067 1066 2150; x_wconf 83' lang='lat' dir='ltr'>pietati</span> <span class='ocrx_word' id='word_1_154' title='bbox 1088 2088 1127 2130; x_wconf 90' lang='lat' dir='ltr'>ac</span> <span class='ocrx_word' id='word_1_155' title='bbox 1150 2065 1297 2150; x_wconf 78' lang='lat' dir='ltr'>dignitati</span> <span class='ocrx_word' id='word_1_156' title='bbox 1321 2073 1418 2152; x_wconf 88' lang='lat' dir='ltr'>atque</span> <span class='ocrx_word' id='word_1_157' title='bbox 1440 2066 1541 2151; x_wconf 89' lang='lat' dir='ltr'>ipsius</span> <span class='ocrx_word' id='word_1_158' title='bbox 1564 2088 1642 2132; x_wconf 89' lang='lat' dir='ltr'>con·</span> 
     </span>
     <span class='ocr_line' id='line_1_16' title="bbox 313 2165 1077 2236; baseline -0.005 -1"><span class='ocrx_word' id='word_1_159' title='bbox 313 2169 376 2236; x_wconf 90' lang='lat' dir='ltr'>oilii</span> <span class='ocrx_word' id='word_1_160' title='bbox 398 2169 553 2236; x_wconf 83' lang='lat' dir='ltr'>vicinitati</span> <span class='ocrx_word' id='word_1_161' title='bbox 575 2169 747 2234; x_wconf 88' lang='lat' dir='ltr'>convenire</span> <span class='ocrx_word' id='word_1_162' title='bbox 770 2165 827 2232; x_wconf 67' lang='lat' dir='ltr'>Sa.</span> <span class='ocrx_word' id='word_1_163' title='bbox 850 2167 883 2234; x_wconf 89' lang='lat' dir='ltr'>S.</span> <span class='ocrx_word' id='word_1_164' title='bbox 906 2171 1077 2234; x_wconf 84' lang='lat' dir='ltr'>existimat.</span> 
     </span>
    </p>

    <p class='ocr_par' dir='ltr' id='par_1_3' title="bbox 312 2270 1648 3810">
     <span class='ocr_line' id='line_1_17' title="bbox 414 2270 1643 2361; baseline 0.001 -23"><span class='ocrx_word' id='word_1_165' title='bbox 414 2274 458 2338; x_wconf 84' lang='lat' dir='ltr'>Et</span> <span class='ocrx_word' id='word_1_166' title='bbox 485 2273 635 2360; x_wconf 87' lang='lat' dir='ltr'>quoniam</span> <span class='ocrx_word' id='word_1_167' title='bbox 658 2271 715 2336; x_wconf 55' lang='grc' dir='ltr'>δ”·</span> <span class='ocrx_word' id='word_1_168' title='bbox 743 2270 775 2336; x_wconf 76' lang='lat' dir='ltr'><strong>S.</strong></span> <span class='ocrx_word' id='word_1_169' title='bbox 807 2271 963 2336; x_wconf 88' lang='lat' dir='ltr'>intellexit</span> <span class='ocrx_word' id='word_1_170' title='bbox 985 2273 1063 2336; x_wconf 74' lang='lat' dir='ltr'>Mam</span> <span class='ocrx_word' id='word_1_171' title='bbox 1088 2273 1127 2336; x_wconf 90' lang='lat' dir='ltr'>V.</span> <span class='ocrx_word' id='word_1_172' title='bbox 1157 2294 1290 2358; x_wconf 86' lang='lat' dir='ltr'>cupere,</span> <span class='ocrx_word' id='word_1_173' title='bbox 1328 2281 1363 2338; x_wconf 90' lang='lat' dir='ltr'>ut</span> <span class='ocrx_word' id='word_1_174' title='bbox 1391 2274 1459 2338; x_wconf 87' lang='lat' dir='ltr'>eius</span> <span class='ocrx_word' id='word_1_175' title='bbox 1491 2271 1548 2338; x_wconf 55' lang='grc' dir='ltr'>ΒΨ</span> <span class='ocrx_word' id='word_1_176' title='bbox 1577 2275 1643 2361; x_wconf 92' lang='lat' dir='ltr'>ipsi</span> 
     </span>
     <span class='ocr_line' id='line_1_18' title="bbox 313 2373 1642 2464; baseline -0.002 -19"><span class='ocrx_word' id='word_1_177' title='bbox 313 2376 448 2445; x_wconf 86' lang='lat' dir='ltr'>coneilio</span> <span class='ocrx_word' id='word_1_178' title='bbox 471 2377 654 2457; x_wconf 85' lang='lat' dir='ltr'>interesset,</span> <span class='ocrx_word' id='word_1_179' title='bbox 680 2375 756 2439; x_wconf 90' lang='lat' dir='ltr'>mihi</span> <span class='ocrx_word' id='word_1_180' title='bbox 779 2373 837 2439; x_wconf 73' lang='lat'>8¹¹⁵</span> <span class='ocrx_word' id='word_1_181' title='bbox 861 2377 928 2438; x_wconf 88' lang='lat' dir='ltr'>eius</span> <span class='ocrx_word' id='word_1_182' title='bbox 951 2375 1118 2440; x_wconf 88' lang='lat' dir='ltr'>mandavit</span> <span class='ocrx_word' id='word_1_183' title='bbox 1140 2385 1175 2439; x_wconf 90' lang='lat' dir='ltr'>ut</span> <span class='ocrx_word' id='word_1_184' title='bbox 1197 2376 1249 2440; x_wconf 74' lang='lat' dir='ltr'>M·i</span> <span class='ocrx_word' id='word_1_185' title='bbox 1281 2375 1320 2440; x_wconf 89' lang='lat' dir='ltr'>V.</span> <span class='ocrx_word' id='word_1_186' title='bbox 1344 2399 1402 2461; x_wconf 94' lang='lat' dir='ltr'>pro</span> <span class='ocrx_word' id='word_1_187' title='bbox 1426 2387 1513 2442; x_wconf 85' lang='lat' dir='ltr'>certo</span> <span class='ocrx_word' id='word_1_188' title='bbox 1538 2379 1642 2464; x_wconf 87' lang='lat' dir='ltr'>signi-</span> 
     </span>
     <span class='ocr_line' id='line_1_19' title="bbox 312 2476 1642 2566; baseline -0.001 -20"><span class='ocrx_word' id='word_1_189' title='bbox 312 2483 405 2548; x_wconf 89' lang='lat' dir='ltr'>ficem</span> <span class='ocrx_word' id='word_1_190' title='bbox 428 2488 525 2566; x_wconf 90' lang='lat' dir='ltr'>atquc</span> <span class='ocrx_word' id='word_1_191' title='bbox 546 2476 700 2563; x_wconf 87' lang='lat' dir='ltr'>pollicear</span> <span class='ocrx_word' id='word_1_192' title='bbox 722 2499 765 2557; x_wconf 92' lang='lat' dir='ltr'>se,</span> <span class='ocrx_word' id='word_1_193' title='bbox 796 2499 867 2542; x_wconf 88' lang='lat' dir='ltr'>cum</span> <span class='ocrx_word' id='word_1_194' title='bbox 891 2481 959 2542; x_wconf 85' lang='lat' dir='ltr'>eius</span> <span class='ocrx_word' id='word_1_195' title='bbox 983 2477 1022 2542; x_wconf 69' lang='lat' dir='ltr'>S‘¹</span> <span class='ocrx_word' id='word_1_196' title='bbox 1055 2489 1270 2566; x_wconf 88' lang='lat' dir='ltr'>opportunum</span> <span class='ocrx_word' id='word_1_197' title='bbox 1293 2501 1332 2542; x_wconf 92' lang='lat' dir='ltr'>ac</span> <span class='ocrx_word' id='word_1_198' title='bbox 1354 2481 1572 2544; x_wconf 89' lang='lat' dir='ltr'>necessarium</span> <span class='ocrx_word' id='word_1_199' title='bbox 1593 2483 1642 2546; x_wconf 90' lang='lat' dir='ltr'>vi·</span> 
     </span>
     <span class='ocr_line' id='line_1_20' title="bbox 314 2581 1643 2669; baseline 0.002 -19"><span class='ocrx_word' id='word_1_200' title='bbox 314 2584 449 2666; x_wconf 90' lang='lat' dir='ltr'>debitur,</span> <span class='ocrx_word' id='word_1_201' title='bbox 473 2597 539 2646; x_wconf 90' lang='lat' dir='ltr'>tum</span> <span class='ocrx_word' id='word_1_202' title='bbox 562 2583 631 2646; x_wconf 91' lang='lat' dir='ltr'>eius</span> <span class='ocrx_word' id='word_1_203' title='bbox 654 2581 758 2646; x_wconf 89' lang='lat' dir='ltr'>officio</span> <span class='ocrx_word' id='word_1_204' title='bbox 782 2605 821 2646; x_wconf 88' lang='lat' dir='ltr'>ac</span> <span class='ocrx_word' id='word_1_205' title='bbox 843 2583 964 2669; x_wconf 89' lang='lat' dir='ltr'>pietati,</span> <span class='ocrx_word' id='word_1_206' title='bbox 987 2593 1055 2647; x_wconf 88' lang='lat' dir='ltr'>tum</span> <span class='ocrx_word' id='word_1_207' title='bbox 1078 2581 1141 2646; x_wconf 75' lang='lat' dir='ltr'>Me.</span> <span class='ocrx_word' id='word_1_208' title='bbox 1158 2581 1196 2646; x_wconf 90' lang='lat' dir='ltr'>V.</span> <span class='ocrx_word' id='word_1_209' title='bbox 1214 2581 1372 2648; x_wconf 88' lang='lat' dir='ltr'>desiderio</span> <span class='ocrx_word' id='word_1_210' title='bbox 1389 2583 1643 2652; x_wconf 81' lang='lat' dir='ltr'>cumulatissime</span> 
     </span>
     <span class='ocr_line' id='line_1_21' title="bbox 315 2683 1647 2773; baseline 0.002 -21"><span class='ocrx_word' id='word_1_211' title='bbox 315 2687 552 2753; x_wconf 79' lang='lat' dir='ltr'>satisfacturam</span> <span class='ocrx_word' id='word_1_212' title='bbox 574 2683 713 2772; x_wconf 89' lang='lat' dir='ltr'>illucque</span> <span class='ocrx_word' id='word_1_213' title='bbox 737 2687 864 2750; x_wconf 91' lang='lat' dir='ltr'>omnino</span> <span class='ocrx_word' id='word_1_214' title='bbox 889 2687 916 2749; x_wconf 91' lang='lat' dir='ltr'>si</span> <span class='ocrx_word' id='word_1_215' title='bbox 939 2708 1019 2773; x_wconf 90' lang='lat' dir='ltr'>opus</span> <span class='ocrx_word' id='word_1_216' title='bbox 1042 2686 1138 2751; x_wconf 89' lang='lat' dir='ltr'>fuerit</span> <span class='ocrx_word' id='word_1_217' title='bbox 1159 2685 1376 2772; x_wconf 86' lang='lat' dir='ltr'>profecturam</span> <span class='ocrx_word' id='word_1_218' title='bbox 1395 2709 1468 2751; x_wconf 91' lang='lat' dir='ltr'>cum</span> <span class='ocrx_word' id='word_1_219' title='bbox 1484 2697 1550 2754; x_wconf 89' lang='lat' dir='ltr'>toto</span> <span class='ocrx_word' id='word_1_220' title='bbox 1574 2712 1647 2754; x_wconf 87' lang='lat' dir='ltr'>car·</span> 
     </span>
     <span class='ocr_line' id='line_1_22' title="bbox 315 2787 1648 2877; baseline 0.005 -22"><span class='ocrx_word' id='word_1_221' title='bbox 315 2789 471 2855; x_wconf 88' lang='lat' dir='ltr'>dinalium</span> <span class='ocrx_word' id='word_1_222' title='bbox 494 2787 639 2874; x_wconf 83' lang='lat' dir='ltr'>collegio.</span> <span class='ocrx_word' id='word_1_223' title='bbox 673 2787 730 2853; x_wconf 87' lang='lat' dir='ltr'>aed</span> <span class='ocrx_word' id='word_1_224' title='bbox 754 2811 827 2854; x_wconf 92' lang='lat' dir='ltr'>cum</span> <span class='ocrx_word' id='word_1_225' title='bbox 849 2811 901 2853; x_wconf 89' lang='lat' dir='ltr'>res</span> <span class='ocrx_word' id='word_1_226' title='bbox 922 2789 1044 2854; x_wconf 90' lang='lat' dir='ltr'>nullam</span> <span class='ocrx_word' id='word_1_227' title='bbox 1069 2788 1175 2854; x_wconf 87' lang='lat' dir='ltr'>adhuc</span> <span class='ocrx_word' id='word_1_228' title='bbox 1197 2789 1332 2854; x_wconf 89' lang='lat' dir='ltr'>formam</span> <span class='ocrx_word' id='word_1_229' title='bbox 1355 2793 1548 2877; x_wconf 84' lang='lat' dir='ltr'>susceperit,</span> <span class='ocrx_word' id='word_1_230' title='bbox 1579 2817 1648 2862; x_wconf 92' lang='lat' dir='ltr'>non</span> 
     </span>
     <span class='ocr_line' id='line_1_23' title="bbox 315 2891 1645 2983; baseline 0.003 -23"><span class='ocrx_word' id='word_1_231' title='bbox 315 2894 420 2960; x_wconf 89' lang='lat' dir='ltr'>videri</span> <span class='ocrx_word' id='word_1_232' title='bbox 436 2891 520 2958; x_wconf 93' lang='lat' dir='ltr'>illius</span> <span class='ocrx_word' id='word_1_233' title='bbox 537 2891 686 2977; x_wconf 84' lang='lat' dir='ltr'>dignitati</span> <span class='ocrx_word' id='word_1_234' title='bbox 702 2902 953 2957; x_wconf 85' lang='lat' dir='ltr'>consentaneum</span> <span class='ocrx_word' id='word_1_235' title='bbox 968 2915 1028 2958; x_wconf 90' lang='lat' dir='ltr'>nec</span> <span class='ocrx_word' id='word_1_236' title='bbox 1044 2894 1113 2979; x_wconf 90' lang='lat' dir='ltr'>ipso</span> <span class='ocrx_word' id='word_1_237' title='bbox 1130 2891 1254 2978; x_wconf 87' lang='lat' dir='ltr'>synodo</span> <span class='ocrx_word' id='word_1_238' title='bbox 1271 2892 1474 2958; x_wconf 87' lang='lat' dir='ltr'>commodum</span> <span class='ocrx_word' id='word_1_239' title='bbox 1490 2895 1645 2983; x_wconf 87' lang='lat' dir='ltr'>futurum,</span> 
     </span>
     <span class='ocr_line' id='line_1_24' title="bbox 316 2993 1634 3066; baseline 0.002 -3"><span class='ocrx_word' id='word_1_240' title='bbox 316 2999 343 3064; x_wconf 88' lang='lat' dir='ltr'>si</span> <span class='ocrx_word' id='word_1_241' title='bbox 365 2999 429 3063; x_wconf 89' lang='lat' dir='ltr'>iam</span> <span class='ocrx_word' id='word_1_242' title='bbox 452 3019 489 3062; x_wconf 90' lang='lat' dir='ltr'>eo</span> <span class='ocrx_word' id='word_1_243' title='bbox 513 3017 548 3062; x_wconf 89' lang='lat' dir='ltr'>se</span> <span class='ocrx_word' id='word_1_244' title='bbox 569 2993 742 3062; x_wconf 87' lang='lat' dir='ltr'>transferre</span> <span class='ocrx_word' id='word_1_245' title='bbox 766 2995 966 3061; x_wconf 81' lang='lat' dir='ltr'>deliberaret</span> <span class='ocrx_word' id='word_1_246' title='bbox 989 3019 1101 3062; x_wconf 91' lang='lat' dir='ltr'>verum</span> <span class='ocrx_word' id='word_1_247' title='bbox 1125 3013 1199 3061; x_wconf 89' lang='lat' dir='ltr'>cum</span> <span class='ocrx_word' id='word_1_248' title='bbox 1220 2994 1418 3061; x_wconf 91' lang='lat' dir='ltr'>incredibilis</span> <span class='ocrx_word' id='word_1_249' title='bbox 1441 2997 1482 3062; x_wconf 90' lang='lat' dir='ltr'>sit</span> <span class='ocrx_word' id='word_1_250' title='bbox 1496 3000 1564 3064; x_wconf 89' lang='lat' dir='ltr'>eius</span> <span class='ocrx_word' id='word_1_251' title='bbox 1580 3001 1634 3066; x_wconf 70' lang='lat' dir='ltr'>Sl·</span> 
     </span>
     <span class='ocr_line' id='line_1_25' title="bbox 315 3096 1643 3183; baseline 0.002 -15"><span class='ocrx_word' id='word_1_252' title='bbox 315 3122 394 3168; x_wconf 86' lang='lat' dir='ltr'>eura</span> <span class='ocrx_word' id='word_1_253' title='bbox 415 3108 448 3165; x_wconf 90' lang='lat' dir='ltr'>et</span> <span class='ocrx_word' id='word_1_254' title='bbox 470 3096 657 3182; x_wconf 89' lang='lat' dir='ltr'>solicitudo,</span> <span class='ocrx_word' id='word_1_255' title='bbox 691 3097 768 3163; x_wconf 92' lang='lat' dir='ltr'>utile</span> <span class='ocrx_word' id='word_1_256' title='bbox 791 3098 886 3164; x_wconf 86' lang='lat' dir='ltr'>valde</span> <span class='ocrx_word' id='word_1_257' title='bbox 908 3099 1051 3164; x_wconf 88' lang='lat' dir='ltr'>futurum</span> <span class='ocrx_word' id='word_1_258' title='bbox 1074 3099 1263 3183; x_wconf 89' lang='lat' dir='ltr'>arbitratur,</span> <span class='ocrx_word' id='word_1_259' title='bbox 1291 3099 1318 3164; x_wconf 89' lang='lat' dir='ltr'>si</span> <span class='ocrx_word' id='word_1_260' title='bbox 1340 3121 1414 3165; x_wconf 93' lang='lat' dir='ltr'>cum</span> <span class='ocrx_word' id='word_1_261' title='bbox 1435 3123 1488 3166; x_wconf 89' lang='lat' dir='ltr'>res</span> <span class='ocrx_word' id='word_1_262' title='bbox 1510 3105 1643 3170; x_wconf 82' lang='lat' dir='ltr'>tractari</span> 
     </span>
     <span class='ocr_line' id='line_1_26' title="bbox 316 3201 1646 3296; baseline 0.002 -25"><span class='ocrx_word' id='word_1_263' title='bbox 316 3205 447 3296; x_wconf 83' lang='lat' dir='ltr'>omnino</span> <span class='ocrx_word' id='word_1_264' title='bbox 470 3204 620 3290; x_wconf 88' lang='lat' dir='ltr'>coeperit,</span> <span class='ocrx_word' id='word_1_265' title='bbox 643 3203 711 3267; x_wconf 59' lang='grc' dir='ltr'>Μιω</span> <span class='ocrx_word' id='word_1_266' title='bbox 726 3202 766 3268; x_wconf 88' lang='lat' dir='ltr'>V.</span> <span class='ocrx_word' id='word_1_267' title='bbox 789 3201 1018 3290; x_wconf 89' lang='lat' dir='ltr'>Oenopontum</span> <span class='ocrx_word' id='word_1_268' title='bbox 1041 3225 1075 3270; x_wconf 91' lang='lat' dir='ltr'>se</span> <span class='ocrx_word' id='word_1_269' title='bbox 1098 3203 1257 3270; x_wconf 81' lang='lat' dir='ltr'>conferret</span> <span class='ocrx_word' id='word_1_270' title='bbox 1279 3213 1311 3270; x_wconf 88' lang='lat' dir='ltr'>et</span> <span class='ocrx_word' id='word_1_271' title='bbox 1333 3206 1402 3270; x_wconf 90' lang='lat' dir='ltr'>eius</span> <span class='ocrx_word' id='word_1_272' title='bbox 1425 3202 1482 3270; x_wconf 74' lang='lat' dir='ltr'>sa·</span> <span class='ocrx_word' id='word_1_273' title='bbox 1505 3206 1646 3274; x_wconf 90' lang='lat' dir='ltr'>Bononi-</span> 
     </span>
     <span class='ocr_line' id='line_1_27' title="bbox 316 3305 1645 3397; baseline 0.002 -22"><span class='ocrx_word' id='word_1_274' title='bbox 316 3307 381 3390; x_wconf 75' lang='lat' dir='ltr'>am,</span> <span class='ocrx_word' id='word_1_275' title='bbox 401 3319 437 3373; x_wconf 87' lang='lat' dir='ltr'>ut</span> <span class='ocrx_word' id='word_1_276' title='bbox 458 3305 554 3372; x_wconf 91' lang='lat' dir='ltr'>ambo</span> <span class='ocrx_word' id='word_1_277' title='bbox 576 3307 637 3393; x_wconf 93' lang='lat' dir='ltr'>ipsi</span> <span class='ocrx_word' id='word_1_278' title='bbox 661 3307 831 3372; x_wconf 86' lang='lat' dir='ltr'>conventui</span> <span class='ocrx_word' id='word_1_279' title='bbox 853 3308 950 3373; x_wconf 90' lang='lat' dir='ltr'>vicini</span> <span class='ocrx_word' id='word_1_280' title='bbox 972 3309 1075 3394; x_wconf 83' lang='lat' dir='ltr'>magis</span> <span class='ocrx_word' id='word_1_281' title='bbox 1098 3307 1174 3372; x_wconf 87' lang='lat' dir='ltr'>facti</span> <span class='ocrx_word' id='word_1_282' title='bbox 1197 3309 1334 3393; x_wconf 89' lang='lat' dir='ltr'>possetis</span> <span class='ocrx_word' id='word_1_283' title='bbox 1357 3330 1413 3373; x_wconf 86' lang='lat' dir='ltr'>eas</span> <span class='ocrx_word' id='word_1_284' title='bbox 1436 3309 1645 3397; x_wconf 87' lang='lat' dir='ltr'>suppeditare</span> 
     </span>
     <span class='ocr_line' id='line_1_28' title="bbox 315 3409 1645 3501; baseline 0.002 -23"><span class='ocrx_word' id='word_1_285' title='bbox 315 3415 401 3478; x_wconf 89' lang='lat' dir='ltr'>vires</span> <span class='ocrx_word' id='word_1_286' title='bbox 424 3433 507 3501; x_wconf 85' lang='lat' dir='ltr'>quae</span> <span class='ocrx_word' id='word_1_287' title='bbox 529 3410 622 3477; x_wconf 85' lang='lat' dir='ltr'>vobis</span> <span class='ocrx_word' id='word_1_288' title='bbox 644 3411 848 3476; x_wconf 89' lang='lat' dir='ltr'>necessariae</span> <span class='ocrx_word' id='word_1_289' title='bbox 870 3409 1065 3477; x_wconf 88' lang='lat' dir='ltr'>viderentur.</span> <span class='ocrx_word' id='word_1_290' title='bbox 1095 3433 1169 3475; x_wconf 87' lang='lat' dir='ltr'>nam</span> <span class='ocrx_word' id='word_1_291' title='bbox 1192 3419 1281 3476; x_wconf 88' lang='lat' dir='ltr'>tanto</span> <span class='ocrx_word' id='word_1_292' title='bbox 1304 3412 1373 3476; x_wconf 90' lang='lat' dir='ltr'>eius</span> <span class='ocrx_word' id='word_1_293' title='bbox 1396 3410 1454 3476; x_wconf 54' lang='grc' dir='ltr'>ΕΜ</span> <span class='ocrx_word' id='word_1_294' title='bbox 1477 3412 1569 3480; x_wconf 87' lang='lat' dir='ltr'>ardet</span> <span class='ocrx_word' id='word_1_295' title='bbox 1591 3414 1645 3481; x_wconf 91' lang='lat' dir='ltr'>de·</span> 
     </span>
     <span class='ocr_line' id='line_1_29' title="bbox 317 3513 1647 3603; baseline 0.001 -20"><span class='ocrx_word' id='word_1_296' title='bbox 317 3516 435 3583; x_wconf 89' lang='lat' dir='ltr'>siderio</span> <span class='ocrx_word' id='word_1_297' title='bbox 458 3515 590 3581; x_wconf 91' lang='lat' dir='ltr'>videndi</span> <span class='ocrx_word' id='word_1_298' title='bbox 612 3515 805 3580; x_wconf 89' lang='lat' dir='ltr'>christianae</span> <span class='ocrx_word' id='word_1_299' title='bbox 832 3513 1030 3602; x_wconf 88' lang='lat' dir='ltr'>reipubhcae</span> <span class='ocrx_word' id='word_1_300' title='bbox 1056 3522 1175 3580; x_wconf 88' lang='lat' dir='ltr'>statum</span> <span class='ocrx_word' id='word_1_301' title='bbox 1198 3514 1241 3579; x_wconf 88' lang='lat' dir='ltr'>ad</span> <span class='ocrx_word' id='word_1_302' title='bbox 1264 3515 1432 3602; x_wconf 88' lang='lat' dir='ltr'>pristinam</span> <span class='ocrx_word' id='word_1_303' title='bbox 1454 3514 1647 3603; x_wconf 84' lang='lat' dir='ltr'>dignitatem</span> 
     </span>
     <span class='ocr_line' id='line_1_30' title="bbox 315 3615 1647 3705; baseline 0 -18"><span class='ocrx_word' id='word_1_304' title='bbox 315 3641 355 3687; x_wconf 86' lang='lat' dir='ltr'>ae</span> <span class='ocrx_word' id='word_1_305' title='bbox 376 3619 627 3688; x_wconf 87' lang='lat' dir='ltr'>incolumitatem</span> <span class='ocrx_word' id='word_1_306' title='bbox 649 3641 714 3685; x_wconf 91' lang='lat' dir='ltr'>non</span> <span class='ocrx_word' id='word_1_307' title='bbox 736 3616 832 3684; x_wconf 92' lang='lat' dir='ltr'>modo</span> <span class='ocrx_word' id='word_1_308' title='bbox 856 3617 1063 3705; x_wconf 91' lang='lat' dir='ltr'>perductum,</span> <span class='ocrx_word' id='word_1_309' title='bbox 1097 3615 1154 3683; x_wconf 88' lang='lat' dir='ltr'>sed</span> <span class='ocrx_word' id='word_1_310' title='bbox 1177 3618 1273 3682; x_wconf 89' lang='lat' dir='ltr'>etiam</span> <span class='ocrx_word' id='word_1_311' title='bbox 1296 3628 1437 3702; x_wconf 90' lang='lat' dir='ltr'>auctum,</span> <span class='ocrx_word' id='word_1_312' title='bbox 1460 3629 1497 3686; x_wconf 95' lang='lat' dir='ltr'>ut</span> <span class='ocrx_word' id='word_1_313' title='bbox 1519 3643 1647 3690; x_wconf 88' lang='lat' dir='ltr'>omnem</span> 
     </span>
     <span class='ocr_line' id='line_1_31' title="bbox 318 3721 1223 3810; baseline -0.007 -19"><span class='ocrx_word' id='word_1_314' title='bbox 318 3725 384 3792; x_wconf 91' lang='lat' dir='ltr'>vim</span> <span class='ocrx_word' id='word_1_315' title='bbox 407 3724 683 3790; x_wconf 85' lang='lat' dir='ltr'>etauctoritatem</span> <span class='ocrx_word' id='word_1_316' title='bbox 706 3722 747 3786; x_wconf 85' lang='lat' dir='ltr'>sit</span> <span class='ocrx_word' id='word_1_317' title='bbox 768 3722 830 3810; x_wconf 89' lang='lat' dir='ltr'>ipsi</span> <span class='ocrx_word' id='word_1_318' title='bbox 853 3721 987 3788; x_wconf 89' lang='lat' dir='ltr'>concilio</span> <span class='ocrx_word' id='word_1_319' title='bbox 1010 3730 1223 3809; x_wconf 87' lang='lat' dir='ltr'>praestatura.</span> 
     </span>
    </p>

    <p class='ocr_par' dir='ltr' id='par_1_4' title="bbox 318 3824 1648 5184">
     <span class='ocr_line' id='line_1_32' title="bbox 419 3824 1646 3917; baseline 0.002 -24"><span class='ocrx_word' id='word_1_320' title='bbox 419 3829 493 3910; x_wconf 78' lang='lat' dir='ltr'>Qua</span> <span class='ocrx_word' id='word_1_321' title='bbox 513 3830 547 3892; x_wconf 90' lang='lat' dir='ltr'>in</span> <span class='ocrx_word' id='word_1_322' title='bbox 568 3850 603 3893; x_wconf 88' lang='lat' dir='ltr'>re</span> <span class='ocrx_word' id='word_1_323' title='bbox 626 3848 699 3892; x_wconf 90' lang='lat' dir='ltr'>cum</span> <span class='ocrx_word' id='word_1_324' title='bbox 721 3827 791 3890; x_wconf 88' lang='lat' dir='ltr'>eius</span> <span class='ocrx_word' id='word_1_325' title='bbox 808 3824 866 3889; x_wconf 55' lang='grc' dir='ltr'>ΒΜ</span> <span class='ocrx_word' id='word_1_326' title='bbox 889 3825 1018 3892; x_wconf 87' lang='lat' dir='ltr'>assidue</span> <span class='ocrx_word' id='word_1_327' title='bbox 1033 3825 1154 3912; x_wconf 87' lang='lat' dir='ltr'>vigilet,</span> <span class='ocrx_word' id='word_1_328' title='bbox 1178 3848 1319 3912; x_wconf 87' lang='lat' dir='ltr'>quanam</span> <span class='ocrx_word' id='word_1_329' title='bbox 1339 3827 1464 3894; x_wconf 79' lang='lat' dir='ltr'>ratione</span> <span class='ocrx_word' id='word_1_330' title='bbox 1487 3826 1521 3894; x_wconf 91' lang='lat' dir='ltr'>id</span> <span class='ocrx_word' id='word_1_331' title='bbox 1542 3831 1646 3917; x_wconf 84' lang='lat' dir='ltr'>magis</span> 
     </span>
     <span class='ocr_line' id='line_1_33' title="bbox 321 3928 1647 4019; baseline 0.001 -20"><span class='ocrx_word' id='word_1_332' title='bbox 321 3953 363 4000; x_wconf 79' lang='lat' dir='ltr'>ex</span> <span class='ocrx_word' id='word_1_333' title='bbox 390 3933 488 3998; x_wconf 87' lang='lat' dir='ltr'>animi</span> <span class='ocrx_word' id='word_1_334' title='bbox 517 3933 566 3997; x_wconf 91' lang='lat' dir='ltr'>sni</span> <span class='ocrx_word' id='word_1_335' title='bbox 595 3929 752 3996; x_wconf 85' lang='lat' dir='ltr'>sententia</span> <span class='ocrx_word' id='word_1_336' title='bbox 774 3931 903 4016; x_wconf 83' lang='lat' dir='ltr'>assequi</span> <span class='ocrx_word' id='word_1_337' title='bbox 925 3929 1042 4016; x_wconf 88' lang='lat' dir='ltr'>possit,</span> <span class='ocrx_word' id='word_1_338' title='bbox 1074 3930 1164 3994; x_wconf 91' lang='lat' dir='ltr'>venit</span> <span class='ocrx_word' id='word_1_339' title='bbox 1185 3928 1230 3994; x_wconf 92' lang='lat' dir='ltr'>illi</span> <span class='ocrx_word' id='word_1_340' title='bbox 1252 3930 1286 3993; x_wconf 91' lang='lat' dir='ltr'>in</span> <span class='ocrx_word' id='word_1_341' title='bbox 1307 3939 1462 4014; x_wconf 90' lang='lat' dir='ltr'>mentem,</span> <span class='ocrx_word' id='word_1_342' title='bbox 1493 3934 1647 4019; x_wconf 86' lang='lat' dir='ltr'>quemad·</span> 
     </span>
     <span class='ocr_line' id='line_1_34' title="bbox 318 4031 1643 4119; baseline -0.001 -15"><span class='ocrx_word' id='word_1_343' title='bbox 318 4036 449 4104; x_wconf 87' lang='lat' dir='ltr'>modum</span> <span class='ocrx_word' id='word_1_344' title='bbox 470 4035 538 4101; x_wconf 72' lang='lat' dir='ltr'>Ma·</span> <span class='ocrx_word' id='word_1_345' title='bbox 561 4036 600 4100; x_wconf 93' lang='lat' dir='ltr'>V.</span> <span class='ocrx_word' id='word_1_346' title='bbox 623 4056 688 4099; x_wconf 92' lang='lat' dir='ltr'>non</span> <span class='ocrx_word' id='word_1_347' title='bbox 709 4031 806 4098; x_wconf 92' lang='lat' dir='ltr'>modo</span> <span class='ocrx_word' id='word_1_348' title='bbox 828 4032 986 4098; x_wconf 83' lang='lat' dir='ltr'>intellexit</span> <span class='ocrx_word' id='word_1_349' title='bbox 1007 4054 1120 4098; x_wconf 89' lang='lat' dir='ltr'>verum</span> <span class='ocrx_word' id='word_1_350' title='bbox 1143 4033 1239 4098; x_wconf 91' lang='lat' dir='ltr'>etiam</span> <span class='ocrx_word' id='word_1_351' title='bbox 1262 4033 1495 4119; x_wconf 86' lang='lat' dir='ltr'>comprobavit,</span> <span class='ocrx_word' id='word_1_352' title='bbox 1518 4037 1643 4103; x_wconf 85' lang='lat' dir='ltr'>mittere</span> 
     </span>
     <span class='ocr_line' id='line_1_35' title="bbox 318 4135 1645 4230; baseline -0.002 -22"><span class='ocrx_word' id='word_1_353' title='bbox 318 4141 361 4208; x_wconf 89' lang='lat' dir='ltr'>ad</span> <span class='ocrx_word' id='word_1_354' title='bbox 383 4140 567 4230; x_wconf 86' lang='lat' dir='ltr'>Moseorum</span> <span class='ocrx_word' id='word_1_355' title='bbox 588 4138 766 4225; x_wconf 89' lang='lat' dir='ltr'>principem</span> <span class='ocrx_word' id='word_1_356' title='bbox 789 4137 841 4202; x_wconf 92' lang='lat' dir='ltr'>vel</span> <span class='ocrx_word' id='word_1_357' title='bbox 863 4137 1051 4225; x_wconf 85' lang='lat' dir='ltr'>episcopum</span> <span class='ocrx_word' id='word_1_358' title='bbox 1073 4135 1271 4224; x_wconf 85' lang='lat' dir='ltr'>Delphinum</span> <span class='ocrx_word' id='word_1_359' title='bbox 1292 4135 1344 4202; x_wconf 90' lang='lat' dir='ltr'>vel</span> <span class='ocrx_word' id='word_1_360' title='bbox 1367 4159 1428 4221; x_wconf 91' lang='lat' dir='ltr'>me,</span> <span class='ocrx_word' id='word_1_361' title='bbox 1456 4141 1503 4204; x_wconf 92' lang='lat' dir='ltr'>uti</span> <span class='ocrx_word' id='word_1_362' title='bbox 1526 4140 1579 4206; x_wconf 78' lang='lat' dir='ltr'>Me</span> <span class='ocrx_word' id='word_1_363' title='bbox 1604 4139 1645 4207; x_wconf 91' lang='lat' dir='ltr'><strong>V.</strong></span> 
     </span>
     <span class='ocr_line' id='line_1_36' title="bbox 318 4234 1642 4318; baseline -0.002 -6"><span class='ocrx_word' id='word_1_364' title='bbox 318 4234 480 4312; x_wconf 85' lang='lat' dir='ltr'>videbitur</span> <span class='ocrx_word' id='word_1_365' title='bbox 502 4235 733 4309; x_wconf 63' lang='lat' dir='ltr'>cuius&#39;iudicio</span> <span class='ocrx_word' id='word_1_366' title='bbox 757 4238 814 4306; x_wconf 73' lang='lat' dir='ltr'>S²²⁸</span> <span class='ocrx_word' id='word_1_367' title='bbox 838 4241 870 4308; x_wconf 89' lang='lat' dir='ltr'><strong>S.</strong></span> <span class='ocrx_word' id='word_1_368' title='bbox 899 4264 933 4306; x_wconf 91' lang='lat' dir='ltr'>se</span> <span class='ocrx_word' id='word_1_369' title='bbox 955 4243 1099 4318; x_wconf 87' lang='lat' dir='ltr'>remittit,</span> <span class='ocrx_word' id='word_1_370' title='bbox 1134 4250 1171 4306; x_wconf 90' lang='lat' dir='ltr'>ut</span> <span class='ocrx_word' id='word_1_371' title='bbox 1193 4263 1258 4306; x_wconf 90' lang='lat' dir='ltr'>non</span> <span class='ocrx_word' id='word_1_372' title='bbox 1280 4239 1386 4307; x_wconf 89' lang='lat' dir='ltr'>solum</span> <span class='ocrx_word' id='word_1_373' title='bbox 1407 4241 1449 4306; x_wconf 88' lang='lat' dir='ltr'>ad</span> <span class='ocrx_word' id='word_1_374' title='bbox 1471 4243 1642 4310; x_wconf 89' lang='lat' dir='ltr'>concilium</span> 
     </span>
     <span class='ocr_line' id='line_1_37' title="bbox 319 4344 1646 4434; baseline -0.002 -17"><span class='ocrx_word' id='word_1_375' title='bbox 319 4371 407 4430; x_wconf 85' lang='lat' dir='ltr'>more</span> <span class='ocrx_word' id='word_1_376' title='bbox 422 4350 631 4434; x_wconf 90' lang='lat' dir='ltr'>institutoque</span> <span class='ocrx_word' id='word_1_377' title='bbox 646 4345 847 4434; x_wconf 88' lang='lat' dir='ltr'>superiorum</span> <span class='ocrx_word' id='word_1_378' title='bbox 862 4347 1058 4434; x_wconf 84' lang='lat' dir='ltr'>pontificum,</span> <span class='ocrx_word' id='word_1_379' title='bbox 1082 4347 1137 4434; x_wconf 91' lang='lat' dir='ltr'>qui</span> <span class='ocrx_word' id='word_1_380' title='bbox 1152 4368 1279 4432; x_wconf 88' lang='lat' dir='ltr'>semper</span> <span class='ocrx_word' id='word_1_381' title='bbox 1294 4344 1377 4410; x_wconf 87' lang='lat' dir='ltr'>soliti</span> <span class='ocrx_word' id='word_1_382' title='bbox 1393 4355 1486 4412; x_wconf 85' lang='lat' dir='ltr'>erant</span> <span class='ocrx_word' id='word_1_383' title='bbox 1502 4345 1646 4416; x_wconf 80' lang='lat' dir='ltr'>Graecos</span> 
     </span>
     <span class='ocr_line' id='line_1_38' title="bbox 319 4449 1644 4542; baseline -0.003 -22"><span class='ocrx_word' id='word_1_384' title='bbox 319 4454 527 4542; x_wconf 87' lang='lat' dir='ltr'>imperatores</span> <span class='ocrx_word' id='word_1_385' title='bbox 550 4473 682 4534; x_wconf 90' lang='lat' dir='ltr'>vocare,</span> <span class='ocrx_word' id='word_1_386' title='bbox 704 4451 867 4533; x_wconf 89' lang='lat' dir='ltr'>invitetur,</span> <span class='ocrx_word' id='word_1_387' title='bbox 891 4449 1067 4516; x_wconf 88' lang='lat' dir='ltr'>sedetiam</span> <span class='ocrx_word' id='word_1_388' title='bbox 1091 4461 1126 4515; x_wconf 90' lang='lat' dir='ltr'>ut</span> <span class='ocrx_word' id='word_1_389' title='bbox 1147 4450 1200 4516; x_wconf 74' lang='grc' dir='ltr'>Μῑί</span> <span class='ocrx_word' id='word_1_390' title='bbox 1224 4449 1274 4530; x_wconf 86' lang='lat' dir='ltr'>V.,</span> <span class='ocrx_word' id='word_1_391' title='bbox 1298 4451 1388 4514; x_wconf 88' lang='lat' dir='ltr'>cuius</span> <span class='ocrx_word' id='word_1_392' title='bbox 1413 4449 1644 4517; x_wconf 84' lang='lat' dir='ltr'>commoditati-</span> 
     </span>
     <span class='ocr_line' id='line_1_39' title="bbox 319 4552 1645 4642; baseline -0.003 -18"><span class='ocrx_word' id='word_1_393' title='bbox 319 4555 380 4624; x_wconf 90' lang='lat' dir='ltr'>bus</span> <span class='ocrx_word' id='word_1_394' title='bbox 403 4569 436 4624; x_wconf 88' lang='lat' dir='ltr'>et</span> <span class='ocrx_word' id='word_1_395' title='bbox 457 4556 650 4622; x_wconf 90' lang='lat' dir='ltr'>ornamentis</span> <span class='ocrx_word' id='word_1_396' title='bbox 673 4575 799 4640; x_wconf 87' lang='lat' dir='ltr'>semper</span> <span class='ocrx_word' id='word_1_397' title='bbox 821 4553 989 4620; x_wconf 88' lang='lat' dir='ltr'>consulere</span> <span class='ocrx_word' id='word_1_398' title='bbox 1013 4556 1082 4618; x_wconf 90' lang='lat' dir='ltr'>eius</span> <span class='ocrx_word' id='word_1_399' title='bbox 1105 4552 1164 4618; x_wconf 74' lang='lat'>8¹²·</span> <span class='ocrx_word' id='word_1_400' title='bbox 1187 4555 1247 4620; x_wconf 88' lang='lat' dir='ltr'>erit</span> <span class='ocrx_word' id='word_1_401' title='bbox 1261 4563 1387 4640; x_wconf 88' lang='lat' dir='ltr'>parata,</span> <span class='ocrx_word' id='word_1_402' title='bbox 1412 4556 1439 4619; x_wconf 89' lang='lat' dir='ltr'>ai</span> <span class='ocrx_word' id='word_1_403' title='bbox 1463 4554 1542 4642; x_wconf 92' lang='lat' dir='ltr'>quid</span> <span class='ocrx_word' id='word_1_404' title='bbox 1563 4555 1645 4622; x_wconf 87' lang='lat' dir='ltr'>utili·</span> 
     </span>
     <span class='ocr_line' id='line_1_40' title="bbox 319 4656 1645 4746; baseline -0.002 -18"><span class='ocrx_word' id='word_1_405' title='bbox 319 4661 394 4728; x_wconf 87' lang='lat' dir='ltr'>tatis</span> <span class='ocrx_word' id='word_1_406' title='bbox 415 4659 461 4724; x_wconf 89' lang='lat' dir='ltr'>illi</span> <span class='ocrx_word' id='word_1_407' title='bbox 483 4661 551 4726; x_wconf 89' lang='lat' dir='ltr'>eius</span> <span class='ocrx_word' id='word_1_408' title='bbox 572 4658 716 4723; x_wconf 89' lang='lat' dir='ltr'>minister</span> <span class='ocrx_word' id='word_1_409' title='bbox 737 4659 855 4745; x_wconf 89' lang='lat' dir='ltr'>poterit</span> <span class='ocrx_word' id='word_1_410' title='bbox 870 4657 993 4742; x_wconf 87' lang='lat' dir='ltr'>afferre,</span> <span class='ocrx_word' id='word_1_411' title='bbox 1017 4659 1120 4726; x_wconf 89' lang='lat' dir='ltr'>omnis</span> <span class='ocrx_word' id='word_1_412' title='bbox 1136 4681 1235 4746; x_wconf 90' lang='lat' dir='ltr'>opera</span> <span class='ocrx_word' id='word_1_413' title='bbox 1250 4668 1283 4723; x_wconf 88' lang='lat' dir='ltr'>et</span> <span class='ocrx_word' id='word_1_414' title='bbox 1297 4656 1441 4722; x_wconf 87' lang='lat' dir='ltr'>studium</span> <span class='ocrx_word' id='word_1_415' title='bbox 1456 4666 1645 4746; x_wconf 88' lang='lat' dir='ltr'>praestetur.</span> 
     </span>
     <span class='ocr_line' id='line_1_41' title="bbox 321 4760 1648 4856; baseline -0.001 -25"><span class='ocrx_word' id='word_1_416' title='bbox 321 4788 421 4856; x_wconf 87' lang='lat' dir='ltr'>quare</span> <span class='ocrx_word' id='word_1_417' title='bbox 443 4763 510 4828; x_wconf 75' lang='lat' dir='ltr'>M¹²‘⁵</span> <span class='ocrx_word' id='word_1_418' title='bbox 533 4763 573 4828; x_wconf 93' lang='lat' dir='ltr'><strong>V.</strong></span> <span class='ocrx_word' id='word_1_419' title='bbox 596 4763 713 4850; x_wconf 89' lang='lat' dir='ltr'>poterit</span> <span class='ocrx_word' id='word_1_420' title='bbox 741 4761 920 4829; x_wconf 90' lang='lat' dir='ltr'>deliberare</span> <span class='ocrx_word' id='word_1_421' title='bbox 948 4771 1020 4828; x_wconf 91' lang='lat' dir='ltr'>uter</span> <span class='ocrx_word' id='word_1_422' title='bbox 1048 4771 1193 4828; x_wconf 91' lang='lat' dir='ltr'>nostrum</span> <span class='ocrx_word' id='word_1_423' title='bbox 1221 4760 1422 4850; x_wconf 84' lang='lat' dir='ltr'>profecturus</span> <span class='ocrx_word' id='word_1_424' title='bbox 1456 4763 1497 4827; x_wconf 88' lang='lat' dir='ltr'>sit</span> <span class='ocrx_word' id='word_1_425' title='bbox 1524 4772 1557 4828; x_wconf 87' lang='lat' dir='ltr'>et</span> <span class='ocrx_word' id='word_1_426' title='bbox 1584 4785 1648 4852; x_wconf 87' lang='lat' dir='ltr'>qua</span> 
     </span>
     <span class='ocr_line' id='line_1_42' title="bbox 321 4865 1646 4956; baseline -0.002 -20"><span class='ocrx_word' id='word_1_427' title='bbox 321 4870 355 4936; x_wconf 90' lang='lat' dir='ltr'>iu</span> <span class='ocrx_word' id='word_1_428' title='bbox 382 4892 417 4935; x_wconf 91' lang='lat' dir='ltr'>re</span> <span class='ocrx_word' id='word_1_429' title='bbox 445 4867 547 4956; x_wconf 89' lang='lat' dir='ltr'>possit</span> <span class='ocrx_word' id='word_1_430' title='bbox 574 4865 619 4932; x_wconf 94' lang='lat' dir='ltr'>illi</span> <span class='ocrx_word' id='word_1_431' title='bbox 641 4866 798 4932; x_wconf 82' lang='lat' dir='ltr'>satisfieri.</span> <span class='ocrx_word' id='word_1_432' title='bbox 827 4865 915 4955; x_wconf 91' lang='lat' dir='ltr'>quod</span> <span class='ocrx_word' id='word_1_433' title='bbox 937 4867 965 4932; x_wconf 91' lang='lat' dir='ltr'>si</span> <span class='ocrx_word' id='word_1_434' title='bbox 986 4865 1064 4930; x_wconf 92' lang='lat' dir='ltr'>mihi</span> <span class='ocrx_word' id='word_1_435' title='bbox 1085 4867 1131 4932; x_wconf 92' lang='lat' dir='ltr'>ire</span> <span class='ocrx_word' id='word_1_436' title='bbox 1155 4866 1338 4951; x_wconf 84' lang='lat' dir='ltr'>eontigerit,</span> <span class='ocrx_word' id='word_1_437' title='bbox 1373 4865 1646 4952; x_wconf 84' lang='lat' dir='ltr'>quemadmodum</span> 
     </span>
     <span class='ocr_line' id='line_1_43' title="bbox 322 4967 1644 5062; baseline -0.002 -19"><span class='ocrx_word' id='word_1_438' title='bbox 322 4977 391 5044; x_wconf 86' lang='lat' dir='ltr'>eius</span> <span class='ocrx_word' id='word_1_439' title='bbox 414 4973 472 5042; x_wconf 75' lang='lat' dir='ltr'>Sa.</span> <span class='ocrx_word' id='word_1_440' title='bbox 500 4973 591 5040; x_wconf 89' lang='lat' dir='ltr'>iussit</span> <span class='ocrx_word' id='word_1_441' title='bbox 613 4972 740 5040; x_wconf 90' lang='lat' dir='ltr'>omnino</span> <span class='ocrx_word' id='word_1_442' title='bbox 762 4969 937 5062; x_wconf 87' lang='lat' dir='ltr'>proficisci,</span> <span class='ocrx_word' id='word_1_443' title='bbox 969 4971 995 5036; x_wconf 90' lang='lat' dir='ltr'>si</span> <span class='ocrx_word' id='word_1_444' title='bbox 1018 4992 1096 5038; x_wconf 88' lang='lat' dir='ltr'>oasu</span> <span class='ocrx_word' id='word_1_445' title='bbox 1116 4971 1186 5060; x_wconf 91' lang='lat' dir='ltr'>ipse</span> <span class='ocrx_word' id='word_1_446' title='bbox 1208 4967 1390 5057; x_wconf 86' lang='lat' dir='ltr'>Delphinus</span> <span class='ocrx_word' id='word_1_447' title='bbox 1414 4968 1523 5038; x_wconf 88' lang='lat' dir='ltr'>adhuc</span> <span class='ocrx_word' id='word_1_448' title='bbox 1545 4993 1565 5037; x_wconf 90' lang='lat' dir='ltr'>a</span> <span class='ocrx_word' id='word_1_449' title='bbox 1587 4991 1644 5040; x_wconf 85' lang='lat' dir='ltr'>sua</span> 
     </span>
     <span class='ocr_line' id='line_1_44' title="bbox 323 5071 1645 5184; baseline -0.001 -34"><span class='ocrx_word' id='word_1_450' title='bbox 323 5081 491 5184; x_wconf 86' lang='lat' dir='ltr'>provincia</span> <span class='ocrx_word' id='word_1_451' title='bbox 512 5101 578 5150; x_wconf 89' lang='lat' dir='ltr'>non</span> <span class='ocrx_word' id='word_1_452' title='bbox 599 5079 757 5164; x_wconf 87' lang='lat' dir='ltr'>rediisset,</span> <span class='ocrx_word' id='word_1_453' title='bbox 781 5099 875 5149; x_wconf 88' lang='lat' dir='ltr'>omne</span> <span class='ocrx_word' id='word_1_454' title='bbox 897 5076 1040 5144; x_wconf 84' lang='lat' dir='ltr'>studium</span> <span class='ocrx_word' id='word_1_455' title='bbox 1062 5097 1194 5170; x_wconf 86' lang='lat' dir='ltr'>operam</span> <span class='ocrx_word' id='word_1_456' title='bbox 1209 5083 1242 5140; x_wconf 91' lang='lat' dir='ltr'>et</span> <span class='ocrx_word' id='word_1_457' title='bbox 1255 5072 1353 5144; x_wconf 85' lang='lat' dir='ltr'>fidem</span> <span class='ocrx_word' id='word_1_458' title='bbox 1367 5071 1422 5144; x_wconf 72' lang='grc' dir='ltr'>Μιι</span> <span class='ocrx_word' id='word_1_459' title='bbox 1437 5073 1478 5144; x_wconf 86' lang='lat' dir='ltr'><strong>V.</strong></span> <span class='ocrx_word' id='word_1_460' title='bbox 1493 5073 1645 5168; x_wconf 82' lang='lat' dir='ltr'>polliceor</span> 
     </span>
    </p>
   </div>
   <div class='ocr_carea' id='block_1_3' title="bbox 0 0 1767 5818">
    <p class='ocr_par' dir='ltr' id='par_1_5' title="bbox 0 0 1767 5818">
     <span class='ocr_line' id='line_1_45' title="bbox 0 0 1767 5818; baseline 0 0"><span class='ocrx_word' id='word_1_461' title='bbox 0 0 1767 5818; x_wconf 95' lang='lat' dir='ltr'> </span> 
     </span>
    </p>
   </div>
  </div>
 </body>
</html>
