3498 5818
104 649 271 716 nobiscum
293 653 531 720 communicare
554 661 726 740 petereque
748 663 783 718 ut
805 654 834 718 ei
857 652 1089 740 significemus,
1113 649 1243 740 quando
1266 671 1325 715 nos
1347 671 1424 715 eon-

103 751 207 818 cilium
238 754 423 821 inchoatum
450 757 489 820 iri
520 755 688 821 credamus
720 765 775 822 aut
808 775 891 844 quae
919 757 1148 843 impedimenta
1177 753 1427 820 celebrationem

103 856 167 919 eius
190 869 402 924 remorentur.

203 961 266 1026 His
288 963 407 1028 auditis
429 964 662 1050 respondimus,
686 986 745 1028 nos
769 962 924 1052 quicquid
946 963 1112 1052 hucusque
1128 964 1305 1050 egissemus
1320 963 1353 1024 in
1366 958 1429 1024 hoc

39 1088 42 1102 ·
104 1064 230 1130 concilii
253 1068 385 1154 negotio
408 1065 564 1133 benevole
587 1089 714 1152 semper
744 1089 819 1132 cum
841 1061 922 1131 Ser'e
949 1067 1017 1131 eius
1041 1067 1310 1143 communicasse,
1344 1085 1429 1128 nunc

9 1251 10 1264 χ
103 1189 177 1232 vero
212 1191 280 1237 non
312 1169 432 1236 habere
461 1170 557 1257 quod
576 1169 652 1236 Ser¹¹
682 1170 750 1234 sius
784 1161 824 1234 de
861 1191 1034 1256 progressu
1064 1169 1189 1236 concilii
1220 1168 1430 1256 polliceamur

9 1269 10 1292 ¹
102 1291 208 1356 neque
230 1271 410 1358 intelligere
431 1293 590 1358 quaenam
606 1273 670 1336 sint
685 1293 802 1336 causae
817 1295 936 1356 morae,
961 1275 1020 1337 nisi
1040 1273 1135 1360 quod,
1160 1270 1430 1361 quemadmodum

103 1383 173 1437 ste
197 1376 271 1460 ipso
295 1398 358 1440 non
382 1377 479 1440 semel
504 1375 609 1440 edocti
629 1397 747 1457 sumus,
770 1373 913 1440 nondum
937 1378 1014 1440 satis
1038 1377 1223 1441 convenerit
1245 1377 1328 1438 inter
1350 1372 1430 1438 alios

104 1497 196 1563 reges
221 1489 254 1544 et
276 1481 439 1567 principes
463 1478 503 1544 de
526 1477 621 1544 modo
646 1501 685 1542 ac
707 1478 809 1542 forma
832 1501 896 1566 qua
915 1480 1072 1546 celebrari
1095 1479 1228 1562 debeat,
1258 1477 1353 1546 Ser⁰¹⁰
1374 1476 1431 1540 Hi·

105 1583 292 1666 spaniarum
315 1606 392 1670 rege
415 1584 687 1650 continuationem
717 1581 842 1648 concilii
864 1594 931 1650 tam
954 1585 1123 1650 obfirmato
1152 1583 1259 1647 animo
1282 1590 1432 1666 urgente;

104 1681 233 1751 dedisse
255 1696 364 1754 tamen
386 1709 444 1753 nos
468 1686 576 1752 literas
599 1685 640 1750 ad
657 1684 759 1750 διιι1011
776 1689 844 1754 eius
864 1687 1004 1770 Cath‘ffl,
1028 1697 1064 1752 ut
1083 1689 1115 1751 in
1135 1709 1169 1752 re
1185 1687 1264 1750 tanti
1280 1685 1433 1750 momenti

8 1787 9 1800 ¹
104 1786 143 1850 ad
165 1793 355 1856 universum
378 1790 489 1857 orbem
512 1803 668 1856 terrarum
692 1801 859 1877 spectante
881 1791 1050 1856 nobiscum
1072 1801 1105 1855 et
1132 1811 1206 1854 cum
1233 1811 1310 1874 rege
1332 1787 1433 1853 Chr¹¹¹⁰

105 1893 403 1978 consentire'velit3
427 1894 469 1958 ad
492 1917 548 1958 eas
570 1894 680 1958 literas
702 1893 824 1959 nullum
847 1893 953 1960 adhuc
976 1915 1164 1981 responsum
1187 1891 1339 1974 allatum,
1375 1889 1433 1954 sed

105 1993 158 2058 ubi
183 1995 218 2061 id
242 2000 406 2063 consecuti
428 1997 597 2082 fuerimus,
622 2021 681 2064 nos
704 1996 806 2062 Sertem
832 1997 931 2084 ipsius
948 2019 985 2060 eo
1002 2005 1034 2061 et
1048 1994 1119 2060 eliis
1136 2018 1220 2083 quae
1236 1994 1434 2060 occurrerint

106 2118 169 2163 non
192 2099 385 2166 caelaturos.
409 2101 531 2167 hortari
553 2112 658 2168 autem
682 2099 785 2168 sepa
808 2101 875 2166 eius
897 2109 932 2164 ut
947 2101 1033 2166 omni
1056 2098 1161 2164 studio
1176 2096 1255 2164 velit
1270 2095 1434 2183 impedire,

105 2222 143 2265 ne
159 2203 204 2268 ad
215 2203 401 2274 huiusmodi
412 2208 693 2291 congregationem
705 2203 908 2288 deveniatur;
924 2205 950 2267 si
963 2215 1070 2270 autem
1082 2205 1232 2289 exigente
1244 2201 1435 2266 necessitate

106 2309 235 2372 omnino
264 2309 477 2374 instituendus
500 2312 560 2375 erit
592 2311 625 2374 in
655 2306 764 2373 Gallia
797 2308 913 2395 aliquis
946 2317 1122 2372 conventus
1155 2304 1198 2370 ad
1231 2302 1429 2370 obviandum

108 2410 334 2493 praesentibus
356 2411 440 2477 illius
461 2415 553 2499 regni
576 2411 677 2496 malis,
701 2423 778 2475 tunc
800 2409 895 2476 Ser²¹·
921 2412 989 2475 eius
1013 2407 1283 2498 quemadmodum
1311 2429 1346 2472 se
1368 2406 1433 2472 fac-

8 2549 9 2562 *
112 2519 214 2584 mrem
237 2518 407 2602 receperit,
431 2539 556 2582 summa
579 2539 657 2582 cura
678 2515 848 2604 provideat
869 2537 909 2580 ne
933 2513 1029 2580 rebus
1052 2511 1177 2580 concilii
1201 2536 1243 2579 ex
1259 2534 1297 2578 eo
1313 2510 1436 2599 aliquid

109 2613 332 2706 impedimenti
353 2617 406 2684 vel
428 2619 618 2707 praeiudicii
640 2628 821 2706 generetur.

213 2721 313 2788 Hanc
343 2745 420 2788 vero
451 2723 696 2790 collocutionem
730 2733 873 2790 nostram
901 2744 975 2788 cum
1007 2730 1133 2788 oratore
1166 2719 1262 2786 Gallo
1294 2718 1437 2785 habitam

99 2834 244 2910 postero
283 2825 335 2892 die
367 2825 405 2890 R.
439 2829 591 2915 episcopo
622 2825 777 2892 Pharensi
811 2829 1148 2909 commemoravimus,
1185 2835 1222 2892 ut
1252 2832 1364 2911 posset
1399 2844 1437 2888 eo

114 2927 314 2994 commodius
337 2927 404 2994 san
427 2931 495 2995 eius
519 2917 701 3014 admonere,
726 2940 758 2996 et
784 2933 1037 2998 existimavimus
1060 2953 1179 3019 operae
1199 2931 1344 3017 precium
1358 2928 1437 3011 lore,

113 3043 146 3096 ut
167 3043 203 3098 tu
227 3055 358 3122 quoque
378 3031 473 3098 huius
496 3035 542 3098 rei
565 3035 598 3098 in
620 3057 746 3102 onmem
766 3046 917 3102 eventum
939 3037 1085 3102 notitiem
1107 3045 1227 3102 teneas.
1250 3057 1311 3100 nec
1333 3031 1438 3098 absre

112 3134 253 3204 litturum
286 3147 436 3224 putamus
464 3147 501 3202 ut
528 3149 642 3205 nactus
672 3143 874 3208 occasionem
897 3143 967 3228 ipse
990 3162 1120 3228 quoque
1142 3137 1208 3205 San
1237 3140 1306 3204 eius
1329 3137 1438 3205 verbis

112 3243 227 3306 nostris
256 3251 441 3308 reverenter
469 3265 579 3327 roges,
613 3255 650 3308 ut
677 3241 735 3310 δ”·
757 3243 790 3310 S.
821 3268 877 3310 eas
905 3245 1046 3310 rationes
1074 3245 1162 3309 ineat
1192 3241 1310 3331 quibus
1337 3261 1438 3327 nepos

114 3353 220 3410 noster
243 3341 351 3410 Serfflu·
379 3367 438 3411 rex
454 3344 584 3428 Cathffl,
607 3349 788 3434 postposita
809 3349 963 3435 petitione
986 3347 1246 3428 continuationis,
1268 3343 1438 3409 nobiscum

116 3457 146 3511 et
167 3469 242 3514 cum
256 3445 357 3512 (11ιι110
380 3457 412 3513 et
433 3447 503 3512 aliis
526 3449 657 3536 regibus
680 3451 880 3538 principibus
903 3460 935 3517 et
956 3449 1177 3538 potentatibus
1201 3447 1383 3514 christianis
1406 3447 1439 3511 in

118 3547 177 3617 hoc
197 3552 334 3638 negocio
358 3559 524 3638 congruat,
547 3551 692 3618 factumue
716 3553 748 3618 in
771 3577 808 3619 eo
824 3553 907 3620 bene
923 3561 1048 3641 gratam
1064 3552 1262 3619 voluntatem
1284 3559 1438 3616 nostram.

211 3670 334 3738 Datum
359 3670 506 3738 Viennae
527 3671 549 3736 2
570 3670 650 3738 Julii
674 3673 767 3739 1561.

245 3895 298 3948 zur
314 3893 491 3964 Erunterang
508 3911 570 3966 mag
592 3898 686 3950 denen
710 3914 763 3950 vas
788 3899 831 3950 ich
855 3899 910 3950 hier
935 3915 983 3952 aus
1001 3899 1053 3952 den
1070 3899 1111 3950 hta
1130 3913 1190 3950 rum
1208 3901 1224 3950 2
1242 3897 1300 3950 Juli
1316 3898 1342 3949 in
1361 3895 1439 3948 Wien

180 3982 381 4052 οἱιιςοΙιιιίοιιοιι
398 3983 558 4050 Depeschen
576 3986 623 4036 des
641 3984 749 4038 Oratore
766 3985 821 4036 und
840 3985 959 4038 Ouranm
977 3983 1211 4047 ansammemtelle,
1240 3982 1283 4036 die
1301 3985 1329 4036 in
1349 3984 1440 4038 diesen

178 4071 233 4122 und
252 4069 303 4122 den
320 4069 555 4137 adchstl'olgenden
572 4071 694 4124 Wochen
717 4073 797 4124 haum
821 4073 917 4125 einmul
934 4088 996 4125 vom
1015 4071 1107 4124 nonsit
1131 4070 1248 4122 handeln
1270 4070 1325 4122 und
1342 4072 1440 4124 hainen

179 4163 301 4225 grossam
317 4155 411 4207 Werth
435 4157 474 4208 als
492 4157 639 4223 Zeitnngen
665 4158 760 4210 haben.
796 4159 852 4209 Der
869 4159 951 4225 Papst
974 4173 1027 4210 war
1049 4156 1166 4210 nhmlieh
1190 4171 1275 4225 gagen
1292 4157 1369 4210 Ende
1394 4158 1440 4210 des

177 4244 232 4295 hisi
250 4241 343 4306 lrranlr,
361 4243 433 4294 ward
450 4257 520 4293 avar
537 4241 601 4295 hald
618 4243 778 4309 hergestellt,
796 4243 851 4296 doh
870 4244 940 4295 dann
958 4245 1022 4296 aher
1039 4243 1086 4294 der
1102 4241 1180 4294 Hitze
1197 4259 1290 4310 wagan
1309 4243 1351 4295 die
1364 4243 1442 4298 Stsdt

177 4331 231 4384 und
250 4347 301 4398 aeg
317 4331 353 4380 im
370 4329 435 4381 Juni
451 4345 505 4382 von
522 4328 594 4380 Villa
611 4346 643 4382 aa
661 4329 733 4381 Villa
749 4330 848 4380 umher.
885 4329 927 4380 Da
945 4329 1034 4380 warde
1060 4329 1210 4396 uberhaupt
1227 4330 1314 4395 wenig
1330 4329 1441 4382 verhan·

179 4417 234 4469 delt
253 4416 308 4468 und
325 4431 380 4466 was
397 4414 467 4467 noch
484 4414 641 4467 verhnndelt
662 4415 765 4479 warde,
795 4415 884 4465 wurde
907 4417 934 4466 in
958 4413 1005 4466 der
1022 4413 1097 4466 Stille
1120 4414 1292 4482 ahgomseht‚
1322 4431 1352 4468 so
1380 4415 1441 4466 dass

177 4505 263 4570 wenig
280 4519 314 4554 au
332 4502 468 4553 herichten
485 4516 547 4553 war.
582 4502 638 4554 Des
657 4501 766 4554 Oratore
783 4500 945 4566 wichtigstea
963 4500 1091 4554 Gsschdtt
1108 4501 1197 4553 hatrat
1212 4501 1260 4552 dae
1271 4501 1440 4554 Erahisthum

178 4590 260 4652 Kotu,
288 4589 335 4640 das
362 4588 419 4638 sich
443 4587 526 4638 durch
551 4587 594 4638 dis
611 4587 770 4652 Errichtung
787 4601 869 4638 nener
886 4585 1036 4638 Bisthttmer
1052 4588 1079 4638 in
1098 4586 1150 4637 den
1167 4587 1363 4639 Niederlanden
1380 4587 1441 4639 sehr

183 4674 388 4739 heeintrtchtigt
405 4672 452 4724 sah
471 4672 535 4738 (vgl.
552 4673 636 4738 Raym
651 4674 716 4724 raet
735 4672 780 4723 Νι.
793 4671 838 4739 69)
855 4671 910 4724 und
928 4687 1014 4739 gagen
1032 4672 1148 4725 disselhe
1165 4673 1244 4724 theils
1261 4673 1345 4725 direct
1361 4673 1439 4725 theiis

181 4761 264 4812 durch
283 4759 335 4811 den
351 4760 445 4810 Kaisar
461 4757 625 4824 Einspraeha
643 4759 759 4810 erhohsn
776 4757 857 4809 hatte.
885 4757 1054 4810 Schliasslich
1073 4759 1193 4810 erwirlrte
1210 4761 1280 4811 Areo
1299 4761 1341 4811 ein
1352 4761 1440 4811 Breve

181 4864 242 4900 vom
262 4849 294 4898 14
311 4846 374 4900 duni
393 4845 522 4913 (original
540 4847 567 4896 in
586 4844 637 4896 den
653 4843 782 4908 Βοιιιιιιιιι)
804 4845 832 4894 ἰιι
854 4843 914 4894 dem
937 4843 984 4895 der
1001 4845 1083 4912 Papat
1111 4845 1235 4910 erkldrte,
1263 4846 1324 4896 dass
1348 4861 1377 4895 er
1394 4845 1437 4896 die

155 4916 159 4928 ⁵
182 4933 342 5001 Errichtnng
355 4933 432 4999 jener
448 4932 597 4983 Bisthttmer
614 4932 690 4983 nicht
706 4929 870 4997 rdckgtngtg
887 4929 1000 4982 macheu
1017 4930 1113 4994 litans,
1134 4933 1199 4984 aber
1216 4931 1268 4983 den
1284 4931 1316 4982 K
1335 4929 1439 4997 Philipp

179 5037 223 5073 um
239 5019 459 5087 Entschttdigung
476 5019 517 5072 fflr
534 5018 603 5072 uum
620 5017 740 5086 angahen
757 5017 854 5070 verde.
879 5044 912 5057 -
936 5017 1001 5070 Was
1023 5017 1075 5069 den
1092 5019 1174 5085 Papst
1191 5017 1291 5070 damula
1315 5031 1358 5068 am
1376 5019 1438 5068 mei·
