3450 5818
300 485 362 550 284

301 693 372 737 esse
388 681 494 738 certus
513 682 569 740 aut
592 697 733 759 securus,
759 685 855 762 prout
878 685 964 742 certe
986 699 1153 766 nunquam
1176 701 1211 744 se
1235 699 1366 744 securos
1387 677 1457 744 fore
1479 677 1637 745 credituri

301 786 417 859 essent,
442 777 573 864 quando
596 779 889 844 animadverterent
911 780 1222 847 communicantibus
1245 781 1305 846 sub
1328 803 1393 846 una
1414 789 1544 846 cautum
1561 805 1635 848 esse

297 879 538 967 dispensadone
561 880 754 968 apostolica,
783 881 845 948 sibi
872 893 980 949 autem
1008 906 1080 948 eam
1102 885 1230 972 negari,
1261 885 1339 972 quin
1362 883 1458 950 etiarn
1481 884 1635 952 catholici

297 983 339 1049 ob
371 985 506 1048 eandem
537 985 747 1071 suspitionem
776 986 818 1050 ab
846 985 909 1050 illis
939 989 994 1074 qui
1023 985 1083 1052 sub
1117 997 1254 1074 utroquo
1290 987 1527 1052 communicant
1562 986 1634 1051 eius

296 1088 425 1173 generis
452 1086 539 1153 bona
568 1090 705 1154 mercari
734 1089 895 1155 cavebunt
922 1091 1070 1155 timentes
1096 1115 1138 1156 ne
1158 1091 1263 1178 precii
1285 1090 1381 1157 soluti
1403 1092 1559 1156 iacturam
1585 1089 1634 1154 la·

296 1191 392 1254 ciant.
430 1189 642 1278 quamobrem
673 1193 892 1258 existimamus
922 1193 1097 1259 consultius
1129 1201 1161 1258 et
1186 1193 1294 1259 utilius
1324 1193 1393 1259 fore
1421 1203 1490 1258 tum
1524 1193 1631 1258 archi-

295 1294 449 1381 episcopo
473 1303 505 1358 et
527 1293 682 1360 ecclesiae
700 1305 796 1383 atque
813 1296 954 1383 capitulo
970 1297 1235 1384 metropolitanae
1251 1296 1408 1362 ecclesiae
1424 1305 1492 1360 tum
1508 1306 1541 1360 et
1556 1293 1630 1359 aliis

296 1396 392 1460 huius
416 1399 508 1484 regni
529 1399 632 1463 nostri
654 1399 799 1463 ecclesiis
822 1421 861 1464 ac
883 1400 1095 1483 monasteriis,
1120 1399 1206 1487 quod
1222 1399 1405 1464 istiusmodi
1427 1398 1630 1484 dispensatio

293 1499 352 1564 fiat
372 1501 566 1586 generaliter
589 1524 662 1566 cum
694 1525 850 1588 expressa
875 1504 1038 1568 mentione
1070 1512 1101 1568 et
1132 1501 1363 1568 catholicorum
1393 1512 1425 1566 et
1452 1501 1632 1566 communi·

295 1603 437 1667 cantium
459 1602 519 1667 sub
541 1613 686 1691 utraque,
710 1605 754 1669 ita
776 1606 927 1671 nimirum
948 1605 1037 1694 quod
1053 1605 1108 1670 8²⁸·
1124 1627 1183 1671 sua
1197 1605 1384 1670 facultatem
1398 1603 1519 1669 tribuat
1532 1626 1630 1691 prae-

293 1704 380 1772 dicto
402 1706 439 1770 B„
464 1707 617 1794 episcopo
640 1707 797 1772 Pharcnsi
820 1731 878 1774 suo
902 1718 935 1774 et
956 1708 1155 1796 apostolicae
1179 1708 1263 1773 sedis
1286 1709 1398 1774 nuntio
1422 1705 1629 1774 concedendi

294 1809 442 1874 omnibus
476 1819 508 1874 et
541 1809 675 1897 singulis
705 1810 765 1876 sub
797 1835 863 1878 una
890 1811 943 1876 vel
971 1811 1033 1876 sub
1062 1821 1199 1899 utraque
1229 1810 1541 1876 communicantibus
1571 1810 1631 1896 qui

293 1911 380 1977 bona
401 1912 456 1977 vel
482 1913 780 2000 archiepiscopatus
802 1916 975 2001 Pragensis
1006 1915 1214 2002 eiusdemque
1245 1913 1376 2001 capituli
1406 1911 1459 1978 vel
1488 1911 1630 1977 aliarum

294 2016 481 2103 quarumvis
504 2015 716 2082 ecclesiarum
737 2017 791 2083 vel
814 2019 983 2105 emptionis
999 2017 1053 2082 vel
1068 2017 1343 2105 oppignerationis
1358 2015 1412 2081 vel
1426 2014 1489 2080 alio
1506 2017 1628 2102 quovis

290 2117 383 2184 titulo
407 2119 587 2206 possident,
617 2121 705 2207 quod
735 2143 774 2185 ea
802 2121 837 2186 in
868 2130 1062 2208 perpetuum
1097 2143 1137 2185 ac
1159 2122 1228 2184 iure
1250 2119 1464 2185 haereditario
1486 2121 1630 2183 retinere

291 2232 390 2309 utque
421 2223 462 2286 de
491 2222 613 2288 eisdem
640 2246 700 2311 pro
728 2223 818 2289 libito
846 2233 1012 2312 tamquam
1041 2223 1081 2288 de
1110 2222 1182 2288 aliis
1214 2224 1309 2288 avitis
1341 2231 1374 2287 et
1402 2221 1629 2288 haereditariis

290 2324 386 2391 bonis
420 2326 487 2390 suis
517 2347 720 2414 quocumque
748 2325 844 2392 modo
872 2327 964 2391 iuxta
992 2349 1114 2392 morem
1141 2335 1174 2391 et
1200 2325 1288 2412 leges
1316 2325 1411 2389 huius
1439 2325 1531 2411 regni
1563 2325 1629 2389 dis-

289 2451 412 2516 ponere
434 2429 574 2516 possint,
604 2439 763 2517 quatenus
792 2439 900 2494 tamen
927 2431 950 2494 ii
973 2451 1083 2496 omnes
1109 2437 1140 2494 et
1162 2427 1281 2516 singuli
1302 2430 1392 2517 prius
1415 2428 1630 2494 mactaverint

291 2534 602 2620 conventionemque
631 2533 767 2600 fecerint
795 2555 868 2598 cum
900 2532 1045 2598 ecclesiis
1074 2532 1128 2598 vel
1156 2555 1267 2598 earnm
1295 2531 1480 2619 pastoribus
1503 2541 1536 2596 ct
1556 2555 1629 2598 rec-

291 2635 416 2701 toribus
440 2635 482 2700 ad
505 2657 585 2722 quos
615 2636 792 2723 antiquitus
820 2638 1043 2722 pertinuerant
1074 2635 1115 2700 de
1143 2637 1339 2722 competenti
1367 2644 1465 2722 atquc
1487 2633 1629 2700 honeste

292 2739 556 2825 compensatione
577 2739 631 2804 vel
653 2739 686 2803 in
710 2738 801 2804 bonis
825 2738 994 2805 stabilibus
1017 2737 1070 2804 vel
1092 2740 1127 2803 in
1148 2737 1327 2804 redditibus
1350 2757 1388 2802 ac
1403 2737 1557 2804 censibus
1571 2737 1628 2804 vel

292 2844 390 2908 etiam
413 2843 446 2905 in
469 2849 584 2928 parata
605 2842 745 2928 pecunia
767 2839 944 2906 secundum
959 2843 1116 2928 cuiusque
1131 2842 1369 2924 conscientiam,
1393 2840 1572 2907 accedente
1589 2843 1626 2906 in

290 2944 440 3010 omnibus
455 2966 616 3010 consensu
630 2944 891 3010 ratihabitatione
907 2953 940 3010 et
954 2946 1189 3032 approbatione
1204 2954 1324 3028 nostra,
1348 2945 1419 3008 sine
1434 2966 1499 3032 qua
1514 2943 1626 3008 nullus

291 3046 486 3113 secularium
509 3046 552 3112 ad
572 3045 672 3112 ullam
694 3049 946 3113 mansuetionem
969 3071 1027 3112 seu
1043 3049 1290 3114 conventionem
1306 3069 1380 3112 cum
1395 3046 1629 3113 ecclesiasticis

288 3150 462 3216 ineundam
485 3171 674 3216 accessurus
697 3159 755 3216 est.

394 3253 545 3320 Ceterum
574 3253 637 3320 hoe
664 3253 735 3320 loco
759 3275 914 3342 expressa
937 3275 1066 3341 quoque
1095 3253 1235 3319 conditio
1258 3252 1407 3319 addenda
1426 3255 1500 3336 erit,
1530 3253 1622 3340 quod

289 3357 486 3443 dispensatio
513 3358 577 3422 ista
605 3357 783 3444 apostolica
811 3359 849 3422 iis
879 3358 935 3445 qui
962 3368 1038 3422 sunt
1060 3357 1119 3422 sub
1143 3365 1281 3444 utraque
1303 3380 1368 3422 non
1391 3356 1484 3421 aliter
1506 3355 1626 3421 intelli·

287 3471 382 3547 gatur
405 3481 476 3524 esse
499 3481 671 3542 concessa,
703 3461 767 3524 nisi
789 3461 923 3525 firmiter
943 3460 1158 3546 polliceantur
1188 3469 1221 3524 et
1242 3459 1425 3546 spondeant
1447 3483 1486 3525 ac
1507 3481 1623 3524 neees-

288 3564 381 3630 sariia
411 3585 539 3651 quoque
568 3573 599 3628 et
621 3565 788 3649 oportunis
816 3563 918 3629 literis
941 3563 1124 3649 obligentur
1146 3585 1181 3628 se
1204 3570 1371 3628 contentos
1395 3564 1628 3628 communione

289 3667 349 3731 sub
376 3675 514 3753 utraque
544 3668 651 3752 specie
681 3669 774 3732 iuxta
797 3667 982 3754 saepedicta
1005 3675 1209 3752 compactata
1231 3665 1448 3731 valedicturos
1472 3664 1626 3731 omnibus

286 3770 382 3835 scetis
406 3779 437 3835 et
459 3769 613 3854 deinceps
637 3767 669 3834 S.
692 3770 729 3834 R.
757 3770 914 3835 ecclesiae
943 3779 1040 3858 atque
1069 3770 1314 3857 archiepiscopo
1343 3769 1377 3834 in
1404 3769 1502 3834 rebus
1531 3771 1627 3856 spiri·

286 3872 428 3938 tualibus
451 3872 639 3938 obedientes
663 3895 790 3960 semper
811 3874 945 3939 futuros.

388 3977 462 4041 Hoc
495 3975 590 4042 modo
626 3985 663 4041 ut
685 4000 852 4064 speramus
885 3980 918 4042 in
950 3976 1012 4044 deo
1041 3978 1193 4043 constitui
1220 3978 1339 4064 poterit
1366 3977 1401 4040 in
1429 3975 1492 4041 hoc
1520 3997 1624 4061 regno

287 4101 407 4166 magna
435 4078 609 4146 concordia
636 4090 669 4144 et
695 4082 773 4148 unio
791 4082 959 4168 utriusque
981 4081 1092 4168 partis,
1117 4092 1149 4146 et
1176 4080 1371 4146 reducentur
1392 4089 1459 4143 tam
1482 4078 1525 4143 ad
1547 4077 1625 4144 obe·

187 4255 193 4267 .
287 4183 441 4247 dientiam
463 4183 496 4247 S.
519 4183 630 4248 matris
654 4184 811 4251 ecclesiae
834 4206 930 4272 quam
954 4184 998 4248 ad
1020 4183 1194 4249 ineundam
1217 4183 1425 4248 concordiam
1456 4181 1496 4246 de
1526 4179 1625 4247 bonis

285 4283 514 4351 ecclesiasticis
536 4287 570 4350 in
591 4297 752 4373 potestate
774 4289 919 4375 ipsorum
942 4286 1154 4352 existentibus
1182 4286 1329 4374 plerique
1352 4296 1419 4350 tam
1442 4305 1485 4349 ex
1506 4284 1623 4350 nobili-

283 4397 350 4453 tate
374 4411 472 4476 quam
495 4411 512 4452 e
534 4389 629 4476 plebe
653 4390 713 4455 sub
735 4400 873 4479 utraque
897 4392 1180 4473 communicantes,
1205 4389 1293 4478 quod
1315 4389 1484 4476 hucusque
1507 4385 1550 4453 ab
1575 4390 1623 4452 eis

287 4489 424 4556 obtineri
451 4515 619 4581 nonquam
646 4495 752 4582 potuit
782 4502 815 4559 et
842 4495 875 4557 in
905 4493 1048 4558 summm
1075 4495 1173 4558 etiam
1201 4492 1375 4558 difficulter
1400 4491 1464 4556 alia
1493 4491 1622 4558 ratione

287 4593 426 4659 obtineri
447 4608 567 4682 posset,
592 4599 669 4685 quin
693 4599 790 4662 etiam
813 4596 971 4662 ecclesiae
993 4595 1188 4662 Bohemicae
1211 4598 1258 4661 sic
1281 4594 1501 4682 adipiscentur
1524 4595 1623 4682 longe

285 4699 442 4763 maiorem
463 4701 674 4787 pecuniarum
693 4723 868 4782 summam,
893 4721 992 4786 quam
1014 4699 1042 4763 si
1064 4697 1262 4786 dispensatio
1286 4698 1329 4763 ad
1351 4696 1528 4763 catholicos
1551 4707 1623 4763 tan-

287 4810 356 4867 tum
377 4803 634 4889 restringeretur.

388 4904 485 4987 Quod
521 4908 548 4971 si
581 4906 778 4974 eiuscemodi
812 4905 1030 4992 compensatio
1062 4904 1118 4971 fiet
1143 4927 1203 4994 pro
1233 4913 1325 4992 parte
1352 4904 1406 4970 vel
1434 4903 1467 4969 in
1495 4907 1624 4970 totuin

285 5017 399 5102 parata
418 5007 576 5098 pecunia,
612 5033 651 5077 ea
679 5035 731 5078 res
759 5009 847 5076 haud
873 5007 972 5074 dubie
1001 5008 1147 5076 ecclesiis
1173 5007 1359 5076 Bohemicis
1380 5010 1525 5076 maximo
1549 5010 1623 5076 usui
