3450 5818
1348 547 1409 613 ill

93 732 183 798 robis
202 731 344 819 benigne
366 738 464 820 atque
486 751 639 818 expresse
662 729 862 810 mandamus,
883 739 921 795 ut
940 733 1027 797 omni
1043 755 1136 799 mora
1149 735 1331 838 ppetpoeita
1343 735 1411 800 ΒΝ·

93 837 200 924 legatis
227 835 440 902 haecomnia
466 835 596 900 nomine
617 842 726 899 nostro
755 833 876 900 diserte
904 843 937 900 et
959 833 1070 902 ordine
1092 837 1263 923 exponatis
1291 862 1330 903 ac
1352 839 1410 904 pe.

93 961 196 1007 eorum
217 940 289 1005 1³³¹·
310 936 420 1004 verbis
449 938 568 1003 nostris
590 937 711 1024 rogetis
741 945 774 1002 et
794 936 1010 1003 adhortamini
1042 961 1082 1004 ac
1104 939 1217 1005 sedulo
1247 951 1279 1006 et
1305 943 1410 1008 inces-

92 1053 195 1110 santer
221 1041 371 1108 instando
400 1039 560 1106 monendo
584 1038 793 1127 efflagitanda
823 1061 951 1108 omnem
977 1042 1012 1106 in
1034 1065 1072 1108 eo
1095 1053 1252 1130 ponentes
1278 1068 1410 1132 operam

92 1169 262 1236 omnesque
283 1156 411 1213 scenos
433 1151 568 1210 conatus
588 1142 794 1208 intendentes
816 1143 979 1211 adducere
1002 1145 1170 1230 studeatis,
1193 1157 1229 1212 ut
1251 1148 1308 1213 ΡΝ
1332 1172 1411 1216 snae

90 1251 167 1334 iim,
190 1273 301 1317 eorum
316 1271 400 1338 quae
415 1247 737 1314 commemoravimus
754 1247 918 1334 condigna
933 1250 1058 1315 milone
1072 1249 1194 1334 habita,
1216 1253 1412 1338 provideant

90 1379 126 1422 us
146 1353 198 1420 rel
220 1355 254 1420 in
275 1353 424 1442 proxime
445 1351 573 1418 futurae
595 1351 747 1418 sessionis
770 1350 900 1420 decreto
921 1352 976 1420 vel
990 1354 1023 1418 in
1039 1352 1109 1418 aliis
1124 1356 1215 1422 istius
1231 1353 1263 1422 S.
1281 1357 1408 1422 concilii

90 1459 266 1547 sequuturis
295 1455 435 1523 decretis
456 1453 523 1520 ulla
545 1476 701 1542 expressa
722 1456 971 1522 continuationis
993 1458 1112 1524 mentio
1139 1458 1214 1537 liat,
1248 1459 1408 1546 siquidem

91 1561 122 1626 id
143 1584 211 1627 sne
234 1561 411 1648 suspitione
432 1558 656 1625 novandarum
687 1581 794 1624 rerum
811 1607 818 1623 .
835 1608 866 1623 ..
889 1559 960 1625 fieri
981 1570 1137 1648 nequeat,
1171 1563 1233 1648 ipsi
1255 1585 1333 1628 vero
1355 1563 1411 1627 ΒΙΙιΙ

8 1719 10 1728 ,
90 1664 183 1752 legati
207 1667 370 1757 sapienter
392 1661 597 1730 considerare
619 1671 764 1750 possunt,
788 1672 989 1751 quantopere
1012 1667 1115 1730 omnis
1132 1668 1262 1732 novatio
1278 1667 1411 1732 vitanda

91 1771 136 1852 sit,
158 1792 179 1835 a
201 1792 266 1857 qua
287 1791 349 1838 nec
371 1772 441 1858 ipse
458 1819 466 1834 .
486 1818 494 1835 .
512 1819 519 1834 .
542 1792 603 1834 rex
619 1765 739 1834 catha.
768 1767 801 1832 in
816 1765 917 1836 literis
932 1768 975 1833 ad
991 1775 1149 1835 oratorem
1165 1791 1257 1837 suum
1274 1769 1307 1834 in
1321 1769 1411 1836 Urbe

91 1872 169 1938 datis
192 1897 228 1940 se
251 1873 393 1939 alienum
414 1895 485 1940 esse
508 1871 663 1955 declarat,
685 1872 938 1960 necquicquam
961 1873 995 1938 in
1010 1872 1073 1940 hoc
1088 1874 1334 1943 continuationis
1356 1898 1410 1940 ne-

90 1980 187 2063 gocio,
211 1986 371 2066 quatenus
397 1999 417 2042 a
432 1978 526 2043 nobis
541 1975 737 2063 intelligitur,
761 1998 876 2062 urgere
891 1975 1031 2060 videtur,
1054 1999 1151 2063 quam
1166 1986 1202 2042 ut
1216 1995 1408 2064 progressus

91 2081 211 2148 concilii
225 2081 288 2148 hoc
303 2083 373 2168 ipso
388 2081 485 2148 modo
501 2082 707 2147 continuetur
721 2101 785 2168 quo
796 2079 953 2145 hactenus
967 2081 1134 2166 processit,
1152 2082 1198 2144 ita
1212 2091 1248 2146 ut
1263 2104 1315 2146 res
1335 2105 1409 2147 con·

91 2185 149 2251 cilii
159 2184 245 2252 bono
258 2185 370 2252 ordine
382 2193 415 2252 et
425 2185 521 2251 modo
534 2194 631 2272 prout
642 2184 819 2272 antiquitus
835 2183 1042 2249 observatum
1054 2193 1103 2248 est
1114 2193 1292 2250 tractentur
1303 2207 1408 2272 neque

89 2288 222 2356 libertati
243 2297 276 2356 et
294 2291 478 2356 auctoritati
501 2285 535 2355 S.
552 2287 668 2374 synodi
688 2286 924 2374 praeiudicium
951 2286 1114 2370 inieratu,
1140 2288 1409 2375 quemadmodum

89 2393 142 2458 P*
161 2416 272 2459 eornm
285 2393 357 2459 R*
377 2415 437 2481 pro
459 2395 601 2481 ipsarum
622 2393 815 2478 pietate...
838 2390 981 2455 facturas
996 2413 1067 2456 esse
1088 2413 1152 2455 non
1168 2391 1350 2458 diffidimus.
1378 2394 1411 2457 in

8 2525 10 2560 ι
90 2520 149 2586 quo
160 2507 246 2564 certe
260 2497 377 2564 facturi
392 2506 467 2562 sunt
477 2519 566 2564 rem.
583 2543 592 2562 .
608 2543 615 2556 .
631 2496 802 2560 universae
817 2493 973 2560 ecclesiae
990 2493 1102 2562 utilem
1118 2497 1238 2584 pariter
1252 2519 1291 2561 ac
1302 2517 1410 2561 neces-

91 2603 217 2688 sariam3
239 2601 333 2668 nobis
350 2623 429 2667 vero
452 2601 485 2665 in
507 2621 545 2665 eo
557 2607 725 2686 tantopere
738 2597 1006 2685 gratificabuntur
1026 2607 1062 2662 ut
1072 2597 1193 2664 nullam
1208 2601 1411 2666 occasionem

90 2707 285 2792 praeterituri
315 2706 414 2770 simus
440 2702 520 2768 pean.
548 2723 659 2769 eorum
680 2701 747 2768 ΙΨ·
774 2701 809 2768 id
837 2700 934 2768 officii
968 2703 1088 2767 mutuis
1117 2725 1288 2770 caesareae
1314 2703 1411 2770 bene·

90 2807 243 2876 solertiae
264 2809 380 2875 studiis
403 2807 655 2873 cumulatissime
675 2805 902 2894 respondendi.

184 2911 242 2978 Sin
253 2921 361 2978 autem
371 2911 427 2976 Ru
449 2909 492 2980 D.
504 2911 617 2998 legati.
631 2957 657 2976 ..
673 2907 761 2975 nulla
772 2911 895 2976 ratione
907 2919 963 2974 aut
974 2909 1070 2976 modo
1082 2908 1190 2975 induci
1205 2922 1337 2998 possent
1353 2962 1360 2976 .
1378 2964 1384 2976 .
1403 2965 1409 2977 .

91 3025 123 3080 ut
140 3018 288 3104 piissimis
304 3015 602 3103 honestissimeque
617 3012 787 3102 postulatis
802 3014 920 3080 nostris
936 3013 1146 3098 satisfaciant,
1168 3023 1246 3083 tunc
1262 3014 1410 3080 volumus

8 3169 10 3204 ι
91 3129 124 3184 nt
142 3121 285 3208 repetitis
307 3129 340 3186 et
361 3119 491 3205 saepius
514 3117 683 3185 inculcatis
705 3119 891 3184 memoratis
913 3115 1023 3184 arduis
1045 3117 1224 3184 rationibus
1237 3121 1354 3186 nostris
1376 3118 1410 3184 id

8 3209 10 3218 ’
93 3223 198 3290 eutem
219 3247 241 3290 a
261 3223 341 3289 ΡιΙὴῑΙΙ
365 3222 492 3290 illorum
512 3223 579 3290 ΙΨ·
598 3223 728 3288 nomine
743 3244 783 3288 ac
803 3220 875 3288 loco
892 3229 1002 3290 nostro
1019 3244 1143 3288 summo
1160 3223 1266 3288 studio
1282 3225 1408 3310 petatis,

93 3336 124 3391 ut
143 3327 364 3395 huiuscemodi
386 3328 635 3394 continuationis
650 3347 804 3414 expresse
825 3324 1040 3394 nominandae
1056 3327 1229 3410 negocium
1250 3327 1284 3391 in
1313 3326 1409 3394 finem

95 3433 170 3498 sacri
190 3433 283 3498 istius
306 3430 434 3498 concilii
455 3431 613 3499 reiiciant.
1478 3421 1482 3431 ’

187 3535 286 3620 Quod
314 3537 342 3601 si
374 3557 416 3601 ne
429 3577 431 3586 ,
443 3534 506 3602 hcc
534 3556 664 3622 quoque
692 3534 848 3622 consequi
882 3535 1095 3624 poteritis...
1125 3533 1249 3602 debetis
1277 3534 1411 3602 ulterius
1447 3607 1453 3625 x

8 3679 10 3716 ᾗ
94 3639 173 3726 apud
195 3640 327 3707 eosdem
341 3640 413 3705 R⁹¹⁰¹
428 3638 554 3727 legatos
574 3641 704 3720 instare,
728 3647 764 3703 ut
784 3637 827 3704 ad
842 3639 1010 3704 minimum
1030 3639 1155 3706 tamdiu
1170 3639 1409 3725 supersedeant

8 3731 10 3748 ’
93 3741 187 3810 donec
209 3753 297 3810 certo
321 3754 447 3812 constet
468 3743 547 3831 quid
570 3741 766 3830 sperandum
787 3741 841 3808 vel
863 3741 1119 3829 exspectandum
1143 3744 1184 3808 sit
1207 3741 1247 3807 de
1267 3742 1409 3810 adventu

93 3867 149 3914 nou
169 3846 273 3914 solum
296 3845 445 3914 ordinum
459 3846 492 3912 S.
508 3847 644 3934 imperii,
666 3847 892 3912 verumetiam
909 3845 1044 3912 aliarum
1059 3848 1234 3930 nationum,
1258 3849 1409 3933 quoniam

93 3951 210 4017 omnino
234 3973 402 4018 censemus
425 3973 552 4017 omnem
574 3971 666 4038 spem
688 3950 848 4016 adventus
869 3948 998 4015 illorum
1020 3951 1053 4016 in
1075 3949 1137 4018 boc
1157 3961 1278 4036 puncto
1301 3952 1409 4037 expri-

94 4055 221 4122 mendae
235 4054 289 4121 vel
304 4055 499 4122 omittendae
521 4056 555 4119 in
571 4055 709 4120 decretis
732 4056 908 4121 sessionum
924 4057 1096 4122 mentionis
1113 4055 1154 4120 de
1170 4055 1409 4120 continuatione

93 4160 269 4226 consistere
291 4159 348 4226 ubi
371 4159 502 4245 quidem
523 4158 588 4224 Ra·
609 4158 725 4245 legatie
746 4160 892 4248 poteritis
915 4183 955 4225 sc
978 4158 1136 4224 debebitis
1159 4159 1267 4224 verbis
1289 4157 1409 4226 noeais

94 4262 221 4349 ingenue
243 4263 390 4352 polliceri
412 4263 515 4352 quod,
549 4263 679 4350 quande
710 4263 827 4330 certius
850 4265 1028 4330 constiterit
1057 4262 1097 4328 de
1118 4261 1203 4328 felici
1231 4281 1408 4348 progressu

8 4415 9 4422 ι
95 4365 177 4432 istius
199 4365 233 4434 S.
257 4367 375 4455 synodi
397 4376 429 4433 st
450 4365 492 4432 de
514 4365 659 4433 adventu
680 4363 815 4432 alianum
836 4368 1013 4450 nationum,
1041 4389 1099 4430 nos
1123 4387 1252 4452 quoque
1274 4373 1351 4430 tune
1370 4386 1408 4429 eo

96 4470 190 4535 minus
206 4469 247 4536 de
258 4469 446 4558 saepedicta
463 4471 702 4537 continuatione
712 4468 899 4554 laboraturi,
914 4470 973 4536 ead
989 4469 1141 4556 prudenti
1164 4468 1283 4534 iudicio
1302 4468 1406 4534 R¹²¹‘’“²m

95 4567 133 4637 D.
151 4571 328 4661 legatorum
350 4576 508 4640 aetolum
531 4573 563 4640 S.
588 4573 707 4661 synodi
729 4573 818 4640 haud
842 4576 1003 4660 gravatim
1025 4574 1203 4659 acquieturi
1228 4573 1337 4640 simus.

185 4677 285 4744 Porro
308 4679 350 4762 si,
375 4677 463 4766 quod
489 4677 589 4762 absit,
612 4699 718 4766 neque
745 4675 796 4742 bis
817 4700 924 4764 neque
945 4675 1105 4765 prioribus
1126 4675 1243 4742 nostris
1266 4674 1408 4740 consiliis

97 4787 125 4842 et
144 4779 309 4866 postulatis
330 4831 338 4846 .
357 4829 365 4848 .
382 4831 390 4845 .
409 4781 500 4848 locus
523 4780 723 4870 relinquatur
744 4802 848 4870 eaque
871 4780 968 4868 plane
989 4781 1185 4856 reiiciantur,
1208 4777 1357 4844 volumus
1373 4787 1408 4847 ut

98 4881 199 4949 iisdem
220 4884 287 4950 Ru·
305 4885 348 4953 D.
369 4885 486 4973 legatie
507 4894 618 4972 aperte
640 4885 826 4972 significetis
854 4908 914 4952 vos
936 4887 970 4952 in
991 4884 1077 4950 hunc
1097 4891 1247 4950 eventum
1274 4881 1407 4949 anobis

97 4979 205 5054 habers
232 4989 266 5054 in
287 4989 458 5073 mandatis,
481 5011 523 5055 ne
544 4987 682 5074 amplius
704 4987 747 5053 ad
768 4987 850 5054 ullas
873 4989 1138 5074 congregationes
1167 4985 1326 5052 sessiones
1348 5006 1407 5050 seu

95 5086 168 5156 alios
186 5115 395 5186 quoscunque
417 5099 509 5165 acum
532 5089 659 5162 concilii
680 5091 854 5162 accedatis.
879 5090 1091 5184 quamobrem
1112 5090 1210 5158 suam
1234 5087 1327 5156 vobis
1348 5109 1407 5180 per
