<?xml version="1.0" encoding="UTF-8"?>
<!DOCTYPE html PUBLIC "-//W3C//DTD XHTML 1.0 Transitional//EN"
    "http://www.w3.org/TR/xhtml1/DTD/xhtml1-transitional.dtd">
<html xmlns="http://www.w3.org/1999/xhtml" xml:lang="en" lang="en">
 <head>
  <title>
</title>
<meta http-equiv="Content-Type" content="text/html;charset=utf-8" />
  <meta name='ocr-system' content='tesseract 3.04.00' />
  <meta name='ocr-capabilities' content='ocr_page ocr_carea ocr_par ocr_line ocrx_word'/>
</head>
<body>
  <div class='ocr_page' id='page_1' title='image "./zurgeschichtede00unkngoog/zurgeschichtede00unkngoog_0413.png"; bbox 0 0 3460 5826; ppageno 0'>
   <div class='ocr_carea' id='block_1_1' title="bbox 342 674 1678 1370">
    <p class='ocr_par' dir='ltr' id='par_1_1' title="bbox 342 674 1678 1370">
     <span class='ocr_line' id='line_1_1' title="bbox 342 674 1675 774; baseline -0.008 -24"><span class='ocrx_word' id='word_1_1' title='bbox 342 709 408 774; x_wconf 87' lang='lat' dir='ltr'><strong>qua</strong></span> <span class='ocrx_word' id='word_1_2' title='bbox 430 708 465 749; x_wconf 92' lang='lat' dir='ltr'><strong>re</strong></span> <span class='ocrx_word' id='word_1_3' title='bbox 488 682 650 749; x_wconf 86' lang='lat' dir='ltr'><strong>intellecta</strong></span> <span class='ocrx_word' id='word_1_4' title='bbox 679 682 755 748; x_wconf 84' lang='lat' dir='ltr'><strong>Itali</strong></span> <span class='ocrx_word' id='word_1_5' title='bbox 778 682 930 769; x_wconf 81' lang='lat' dir='ltr'><strong>episcopi,</strong></span> <span class='ocrx_word' id='word_1_6' title='bbox 953 690 1064 746; x_wconf 88' lang='lat' dir='ltr'><strong>autore</strong></span> <span class='ocrx_word' id='word_1_7' title='bbox 1092 690 1127 745; x_wconf 89' lang='lat' dir='ltr'><strong>ut</strong></span> <span class='ocrx_word' id='word_1_8' title='bbox 1156 680 1252 746; x_wconf 89' lang='lat' dir='ltr'><strong>audio</strong></span> <span class='ocrx_word' id='word_1_9' title='bbox 1280 687 1312 745; x_wconf 90' lang='lat' dir='ltr'><strong>et</strong></span> <span class='ocrx_word' id='word_1_10' title='bbox 1340 679 1527 764; x_wconf 78' lang='lat' dir='ltr'><strong>instigatore</strong></span> <span class='ocrx_word' id='word_1_11' title='bbox 1560 677 1598 742; x_wconf 82' lang='grc' dir='ltr'><strong>Ο.</strong></span> <span class='ocrx_word' id='word_1_12' title='bbox 1628 674 1675 741; x_wconf 87' lang='lat' dir='ltr'><strong>Si·</strong></span> 
     </span>
     <span class='ocr_line' id='line_1_2' title="bbox 343 779 1677 872; baseline -0.006 -19"><span class='ocrx_word' id='word_1_13' title='bbox 343 797 496 871; x_wconf 87' lang='lat' dir='ltr'><strong>monette,</strong></span> <span class='ocrx_word' id='word_1_14' title='bbox 519 787 635 872; x_wconf 77' lang='lat' dir='ltr'><strong>viginti</strong></span> <span class='ocrx_word' id='word_1_15' title='bbox 657 807 790 850; x_wconf 88' lang='lat' dir='ltr'><strong>numero</strong></span> <span class='ocrx_word' id='word_1_16' title='bbox 814 784 921 848; x_wconf 86' lang='lat' dir='ltr'><strong>statim</strong></span> <span class='ocrx_word' id='word_1_17' title='bbox 945 784 1094 871; x_wconf 81' lang='lat' dir='ltr'><strong>sequenti</strong></span> <span class='ocrx_word' id='word_1_18' title='bbox 1110 784 1162 850; x_wconf 88' lang='lat' dir='ltr'><strong>die</strong></span> <span class='ocrx_word' id='word_1_19' title='bbox 1177 785 1239 870; x_wconf 87' lang='lat' dir='ltr'><strong>ipsi</strong></span> <span class='ocrx_word' id='word_1_20' title='bbox 1254 805 1382 870; x_wconf 91' lang='lat' dir='ltr'><strong>quoque</strong></span> <span class='ocrx_word' id='word_1_21' title='bbox 1398 779 1530 848; x_wconf 87' lang='lat' dir='ltr'><strong>eosdem</strong></span> <span class='ocrx_word' id='word_1_22' title='bbox 1545 780 1592 846; x_wconf 92' lang='lat' dir='ltr'><strong>D.</strong></span> <span class='ocrx_word' id='word_1_23' title='bbox 1609 805 1677 846; x_wconf 84' lang='lat' dir='ltr'><strong>car-</strong></span> 
     </span>
     <span class='ocr_line' id='line_1_3' title="bbox 343 885 1677 975; baseline -0.007 -17"><span class='ocrx_word' id='word_1_24' title='bbox 343 890 467 958; x_wconf 86' lang='lat' dir='ltr'><strong>dinales</strong></span> <span class='ocrx_word' id='word_1_25' title='bbox 490 890 638 955; x_wconf 87' lang='lat' dir='ltr'><strong>adierunt</strong></span> <span class='ocrx_word' id='word_1_26' title='bbox 660 898 692 954; x_wconf 89' lang='lat' dir='ltr'><strong>et</strong></span> <span class='ocrx_word' id='word_1_27' title='bbox 714 889 910 954; x_wconf 85' lang='lat' dir='ltr'><strong>contrarium</strong></span> <span class='ocrx_word' id='word_1_28' title='bbox 932 887 973 952; x_wconf 86' lang='lat' dir='ltr'><strong>ab</strong></span> <span class='ocrx_word' id='word_1_29' title='bbox 998 888 1043 954; x_wconf 85' lang='lat' dir='ltr'><strong>eis</strong></span> <span class='ocrx_word' id='word_1_30' title='bbox 1066 888 1236 975; x_wconf 87' lang='lat' dir='ltr'><strong>petierunt</strong></span> <span class='ocrx_word' id='word_1_31' title='bbox 1260 909 1347 952; x_wconf 88' lang='lat' dir='ltr'><strong>nunc</strong></span> <span class='ocrx_word' id='word_1_32' title='bbox 1368 885 1402 950; x_wconf 91' lang='lat' dir='ltr'><strong>in</strong></span> <span class='ocrx_word' id='word_1_33' title='bbox 1423 885 1485 951; x_wconf 93' lang='lat' dir='ltr'><strong>hoc</strong></span> <span class='ocrx_word' id='word_1_34' title='bbox 1504 885 1677 951; x_wconf 84' lang='lat' dir='ltr'><strong>laboratur</strong></span> 
     </span>
     <span class='ocr_line' id='line_1_4' title="bbox 342 987 1678 1082; baseline -0.007 -21"><span class='ocrx_word' id='word_1_35' title='bbox 342 1005 379 1061; x_wconf 92' lang='lat' dir='ltr'><strong>ut</strong></span> <span class='ocrx_word' id='word_1_36' title='bbox 400 994 539 1082; x_wconf 78' lang='lat' dir='ltr'><strong>Hispani</strong></span> <span class='ocrx_word' id='word_1_37' title='bbox 562 1014 635 1058; x_wconf 90' lang='lat' dir='ltr'><strong>cum</strong></span> <span class='ocrx_word' id='word_1_38' title='bbox 655 993 725 1057; x_wconf 88' lang='lat' dir='ltr'><strong>istis</strong></span> <span class='ocrx_word' id='word_1_39' title='bbox 747 991 837 1056; x_wconf 84' lang='lat' dir='ltr'><strong>Italis</strong></span> <span class='ocrx_word' id='word_1_40' title='bbox 860 989 1081 1056; x_wconf 87' lang='lat' dir='ltr'><strong>concilientur.</strong></span> <span class='ocrx_word' id='word_1_41' title='bbox 1105 989 1184 1055; x_wconf 91' lang='lat' dir='ltr'><strong>nihil</strong></span> <span class='ocrx_word' id='word_1_42' title='bbox 1206 989 1312 1056; x_wconf 89' lang='lat' dir='ltr'><strong>adhuc</strong></span> <span class='ocrx_word' id='word_1_43' title='bbox 1334 991 1482 1056; x_wconf 86' lang='lat' dir='ltr'><strong>effectum</strong></span> <span class='ocrx_word' id='word_1_44' title='bbox 1505 999 1569 1054; x_wconf 88' lang='lat' dir='ltr'><strong>cst.</strong></span> <span class='ocrx_word' id='word_1_45' title='bbox 1594 987 1678 1053; x_wconf 90' lang='lat' dir='ltr'><strong>haec</strong></span> 
     </span>
     <span class='ocr_line' id='line_1_5' title="bbox 343 1092 1676 1182; baseline -0.008 -18"><span class='ocrx_word' id='word_1_46' title='bbox 343 1121 394 1164; x_wconf 86' lang='lat' dir='ltr'><strong>res</strong></span> <span class='ocrx_word' id='word_1_47' title='bbox 417 1107 450 1163; x_wconf 89' lang='lat' dir='ltr'><strong>et</strong></span> <span class='ocrx_word' id='word_1_48' title='bbox 470 1095 546 1162; x_wconf 90' lang='lat' dir='ltr'><strong>mali</strong></span> <span class='ocrx_word' id='word_1_49' title='bbox 569 1095 710 1182; x_wconf 86' lang='lat' dir='ltr'><strong>exempli</strong></span> <span class='ocrx_word' id='word_1_50' title='bbox 732 1106 780 1160; x_wconf 88' lang='lat' dir='ltr'><strong>est</strong></span> <span class='ocrx_word' id='word_1_51' title='bbox 804 1104 836 1160; x_wconf 87' lang='lat' dir='ltr'><strong>ct</strong></span> <span class='ocrx_word' id='word_1_52' title='bbox 857 1095 1029 1161; x_wconf 89' lang='lat' dir='ltr'><strong>multorum</strong></span> <span class='ocrx_word' id='word_1_53' title='bbox 1052 1092 1210 1161; x_wconf 89' lang='lat' dir='ltr'><strong>malorum</strong></span> <span class='ocrx_word' id='word_1_54' title='bbox 1232 1096 1438 1160; x_wconf 87' lang='lat' dir='ltr'><strong>seminarium</strong></span> <span class='ocrx_word' id='word_1_55' title='bbox 1461 1116 1532 1160; x_wconf 85' lang='lat' dir='ltr'><strong>esse</strong></span> <span class='ocrx_word' id='word_1_56' title='bbox 1551 1101 1676 1180; x_wconf 87' lang='lat' dir='ltr'><strong>posset,</strong></span> 
     </span>
     <span class='ocr_line' id='line_1_6' title="bbox 344 1197 1676 1288; baseline -0.005 -23"><span class='ocrx_word' id='word_1_57' title='bbox 344 1200 431 1288; x_wconf 90' lang='lat' dir='ltr'><strong>quod</strong></span> <span class='ocrx_word' id='word_1_58' title='bbox 455 1200 534 1265; x_wconf 87' lang='lat' dir='ltr'><strong>deus</strong></span> <span class='ocrx_word' id='word_1_59' title='bbox 556 1199 735 1286; x_wconf 86' lang='lat' dir='ltr'><strong>prohibeat.</strong></span> <span class='ocrx_word' id='word_1_60' title='bbox 760 1221 820 1284; x_wconf 87' lang='lat' dir='ltr'><strong>ego</strong></span> <span class='ocrx_word' id='word_1_61' title='bbox 837 1221 909 1264; x_wconf 90' lang='lat' dir='ltr'><strong>cum</strong></span> <span class='ocrx_word' id='word_1_62' title='bbox 925 1197 1018 1264; x_wconf 68' lang='lat' dir='ltr'><strong>Chrnl</strong></span> <span class='ocrx_word' id='word_1_63' title='bbox 1034 1201 1120 1285; x_wconf 87' lang='lat' dir='ltr'><strong>regis</strong></span> <span class='ocrx_word' id='word_1_64' title='bbox 1135 1197 1314 1265; x_wconf 87' lang='lat' dir='ltr'><strong>oratoribus</strong></span> <span class='ocrx_word' id='word_1_65' title='bbox 1330 1207 1486 1286; x_wconf 88' lang='lat' dir='ltr'><strong>quantum</strong></span> <span class='ocrx_word' id='word_1_66' title='bbox 1497 1217 1676 1285; x_wconf 88' lang='lat' dir='ltr'><strong>possumus</strong></span> 
     </span>
     <span class='ocr_line' id='line_1_7' title="bbox 344 1302 989 1370; baseline -0.002 -2"><span class='ocrx_word' id='word_1_67' title='bbox 344 1303 432 1370; x_wconf 89' lang='lat' dir='ltr'><strong>hisce</strong></span> <span class='ocrx_word' id='word_1_68' title='bbox 454 1302 546 1368; x_wconf 85' lang='lat' dir='ltr'><strong>malis</strong></span> <span class='ocrx_word' id='word_1_69' title='bbox 570 1325 739 1368; x_wconf 87' lang='lat' dir='ltr'><strong>occurrere</strong></span> <span class='ocrx_word' id='word_1_70' title='bbox 762 1325 916 1368; x_wconf 78' lang='lat' dir='ltr'><strong>conamur</strong></span> <span class='ocrx_word' id='word_1_71' title='bbox 931 1351 939 1366; x_wconf 89' lang='lat'><strong>.</strong></span> <span class='ocrx_word' id='word_1_72' title='bbox 956 1349 989 1367; x_wconf 90' lang='lat'><strong>..</strong></span> 
     </span>
    </p>
   </div>
   <div class='ocr_carea' id='block_1_2' title="bbox 326 1490 1676 3370">
    <p class='ocr_par' dir='ltr' id='par_1_2' title="bbox 410 1490 1676 2344">
     <span class='ocr_line' id='line_1_8' title="bbox 479 1490 1676 1559; baseline -0.002 -17"><span class='ocrx_word' id='word_1_73' title='bbox 479 1493 538 1559; x_wconf 85' lang='lat' dir='ltr'><strong>Vgl.</strong></span> <span class='ocrx_word' id='word_1_74' title='bbox 547 1492 688 1542; x_wconf 87' lang='lat' dir='ltr'><strong>Mendham</strong></span> <span class='ocrx_word' id='word_1_75' title='bbox 699 1493 748 1542; x_wconf 77' lang='lat'><strong>302</strong></span> <span class='ocrx_word' id='word_1_76' title='bbox 758 1507 830 1558; x_wconf 90' lang='lat' dir='ltr'><strong>sequ.</strong></span> <span class='ocrx_word' id='word_1_77' title='bbox 846 1519 876 1528; x_wconf 88' lang='grc'>-</span> <span class='ocrx_word' id='word_1_78' title='bbox 886 1493 938 1542; x_wconf 89' lang='lat' dir='ltr'><strong>Die</strong></span> <span class='ocrx_word' id='word_1_79' title='bbox 947 1491 1234 1543; x_wconf 81' lang='lat' dir='ltr'><strong>Reiemrationssrtikel</strong></span> <span class='ocrx_word' id='word_1_80' title='bbox 1246 1491 1281 1541; x_wconf 88' lang='lat' dir='ltr'><strong>im</strong></span> <span class='ocrx_word' id='word_1_81' title='bbox 1293 1491 1391 1542; x_wconf 57' lang='lat' dir='ltr'><strong>⁴Archiv</strong></span> <span class='ocrx_word' id='word_1_82' title='bbox 1403 1491 1421 1545; x_wconf 84' lang='lat' dir='ltr'><strong>f.</strong></span> <span class='ocrx_word' id='word_1_83' title='bbox 1434 1497 1458 1542; x_wconf 84' lang='grc' dir='ltr'><strong>δ.</strong></span> <span class='ocrx_word' id='word_1_84' title='bbox 1472 1490 1497 1542; x_wconf 80' lang='lat' dir='ltr'><strong>G</strong></span> <span class='ocrx_word' id='word_1_85' title='bbox 1516 1491 1560 1548; x_wconf 77' lang='lat' dir='ltr'><strong>tr.</strong></span> <span class='ocrx_word' id='word_1_86' title='bbox 1572 1519 1609 1528; x_wconf 95' lang='lat'><em>-</em></span> <span class='ocrx_word' id='word_1_87' title='bbox 1621 1491 1676 1540; x_wconf 84' lang='lat' dir='ltr'><strong>Der</strong></span> 
     </span>
     <span class='ocr_line' id='line_1_9' title="bbox 411 1577 1674 1643; baseline -0.003 -13"><span class='ocrx_word' id='word_1_88' title='bbox 411 1580 506 1630; x_wconf 81' lang='lat' dir='ltr'><strong>Kaisar</strong></span> <span class='ocrx_word' id='word_1_89' title='bbox 523 1577 636 1630; x_wconf 88' lang='lat' dir='ltr'><strong>welcher</strong></span> <span class='ocrx_word' id='word_1_90' title='bbox 659 1594 701 1628; x_wconf 90' lang='lat' dir='ltr'><strong>am</strong></span> <span class='ocrx_word' id='word_1_91' title='bbox 718 1580 735 1628; x_wconf 84' lang='lat' dir='ltr'><strong>b</strong></span> <span class='ocrx_word' id='word_1_92' title='bbox 755 1577 872 1629; x_wconf 77' lang='lat' dir='ltr'><strong>October</strong></span> <span class='ocrx_word' id='word_1_93' title='bbox 890 1579 960 1643; x_wconf 81' lang='lat' dir='ltr'><strong>Prag</strong></span> <span class='ocrx_word' id='word_1_94' title='bbox 978 1577 1112 1628; x_wconf 83' lang='lat' dir='ltr'><strong>verlassen</strong></span> <span class='ocrx_word' id='word_1_95' title='bbox 1130 1578 1203 1628; x_wconf 88' lang='lat' dir='ltr'><strong>hatte</strong></span> <span class='ocrx_word' id='word_1_96' title='bbox 1221 1577 1276 1630; x_wconf 87' lang='lat' dir='ltr'><strong>und</strong></span> <span class='ocrx_word' id='word_1_97' title='bbox 1293 1592 1337 1628; x_wconf 79' lang='lat' dir='ltr'><strong>am</strong></span> <span class='ocrx_word' id='word_1_98' title='bbox 1357 1579 1390 1628; x_wconf 76' lang='grc'><strong>22</strong></span> <span class='ocrx_word' id='word_1_99' title='bbox 1408 1579 1436 1628; x_wconf 92' lang='lat' dir='ltr'><strong>in</strong></span> <span class='ocrx_word' id='word_1_100' title='bbox 1454 1577 1604 1628; x_wconf 82' lang='lat' dir='ltr'><strong>Franksurt</strong></span> <span class='ocrx_word' id='word_1_101' title='bbox 1623 1579 1674 1626; x_wconf 88' lang='lat' dir='ltr'><strong>ein·</strong></span> 
     </span>
     <span class='ocr_line' id='line_1_10' title="bbox 413 1663 1674 1731; baseline -0.002 -17"><span class='ocrx_word' id='word_1_102' title='bbox 413 1665 542 1731; x_wconf 84' lang='lat' dir='ltr'><strong>getroffen</strong></span> <span class='ocrx_word' id='word_1_103' title='bbox 565 1679 626 1726; x_wconf 85' lang='lat' dir='ltr'><strong>war,</strong></span> <span class='ocrx_word' id='word_1_104' title='bbox 653 1679 708 1714; x_wconf 85' lang='lat' dir='ltr'><strong>war</strong></span> <span class='ocrx_word' id='word_1_105' title='bbox 730 1664 788 1714; x_wconf 90' lang='lat' dir='ltr'><strong>hier</strong></span> <span class='ocrx_word' id='word_1_106' title='bbox 810 1681 839 1716; x_wconf 88' lang='lat' dir='ltr'><strong>so</strong></span> <span class='ocrx_word' id='word_1_107' title='bbox 863 1665 923 1714; x_wconf 87' lang='lat' dir='ltr'><strong>sehr</strong></span> <span class='ocrx_word' id='word_1_108' title='bbox 947 1664 1030 1715; x_wconf 86' lang='lat' dir='ltr'><strong>durch</strong></span> <span class='ocrx_word' id='word_1_109' title='bbox 1047 1663 1381 1731; x_wconf 77' lang='lat' dir='ltr'><strong>Reichsangelegenheiten</strong></span> <span class='ocrx_word' id='word_1_110' title='bbox 1402 1663 1458 1714; x_wconf 88' lang='lat' dir='ltr'><strong>und</strong></span> <span class='ocrx_word' id='word_1_111' title='bbox 1482 1663 1674 1714; x_wconf 86' lang='lat' dir='ltr'><strong>insbesondere</strong></span> 
     </span>
     <span class='ocr_line' id='line_1_11' title="bbox 413 1750 1673 1817; baseline -0.002 -17"><span class='ocrx_word' id='word_1_112' title='bbox 413 1751 495 1801; x_wconf 87' lang='lat' dir='ltr'><strong>durch</strong></span> <span class='ocrx_word' id='word_1_113' title='bbox 509 1751 552 1800; x_wconf 89' lang='lat' dir='ltr'><strong>die</strong></span> <span class='ocrx_word' id='word_1_114' title='bbox 564 1750 860 1817; x_wconf 82' lang='lat' dir='ltr'><strong>Wahlverhandlungen</strong></span> <span class='ocrx_word' id='word_1_115' title='bbox 872 1752 899 1801; x_wconf 92' lang='lat' dir='ltr'><strong>in</strong></span> <span class='ocrx_word' id='word_1_116' title='bbox 911 1751 1049 1816; x_wconf 84' lang='lat' dir='ltr'><strong>Anspruch</strong></span> <span class='ocrx_word' id='word_1_117' title='bbox 1062 1766 1226 1816; x_wconf 84' lang='lat' dir='ltr'><strong>genommen,</strong></span> <span class='ocrx_word' id='word_1_118' title='bbox 1240 1751 1301 1800; x_wconf 84' lang='lat' dir='ltr'><strong>dass</strong></span> <span class='ocrx_word' id='word_1_119' title='bbox 1315 1767 1344 1800; x_wconf 92' lang='lat' dir='ltr'><strong>er</strong></span> <span class='ocrx_word' id='word_1_120' title='bbox 1355 1755 1408 1800; x_wconf 85' lang='lat' dir='ltr'><strong>erat</strong></span> <span class='ocrx_word' id='word_1_121' title='bbox 1419 1765 1462 1800; x_wconf 86' lang='lat' dir='ltr'><strong>am</strong></span> <span class='ocrx_word' id='word_1_122' title='bbox 1475 1753 1508 1801; x_wconf 81' lang='lat'><strong>1⁶</strong></span> <span class='ocrx_word' id='word_1_123' title='bbox 1520 1750 1673 1801; x_wconf 80' lang='lat' dir='ltr'><strong>November</strong></span> 
     </span>
     <span class='ocr_line' id='line_1_12' title="bbox 412 1835 1672 1902; baseline -0.002 -16"><span class='ocrx_word' id='word_1_124' title='bbox 412 1837 455 1886; x_wconf 93' lang='lat' dir='ltr'><strong>die</strong></span> <span class='ocrx_word' id='word_1_125' title='bbox 472 1837 632 1902; x_wconf 88' lang='lat' dir='ltr'><strong>Depeschen</strong></span> <span class='ocrx_word' id='word_1_126' title='bbox 651 1836 698 1886; x_wconf 89' lang='lat' dir='ltr'><strong>der</strong></span> <span class='ocrx_word' id='word_1_127' title='bbox 716 1837 845 1888; x_wconf 86' lang='lat' dir='ltr'><strong>Oratoren</strong></span> <span class='ocrx_word' id='word_1_128' title='bbox 863 1853 924 1886; x_wconf 86' lang='lat' dir='ltr'><strong>vom</strong></span> <span class='ocrx_word' id='word_1_129' title='bbox 944 1841 983 1894; x_wconf 85' lang='lat'><strong>13.</strong></span> <span class='ocrx_word' id='word_1_130' title='bbox 1004 1837 1043 1900; x_wconf 77' lang='lat'><strong>19,</strong></span> <span class='ocrx_word' id='word_1_131' title='bbox 1062 1838 1095 1886; x_wconf 79' lang='grc'><strong>27</strong></span> <span class='ocrx_word' id='word_1_132' title='bbox 1115 1835 1232 1888; x_wconf 85' lang='lat' dir='ltr'><strong>October</strong></span> <span class='ocrx_word' id='word_1_133' title='bbox 1248 1837 1302 1886; x_wconf 90' lang='lat' dir='ltr'><strong>und</strong></span> <span class='ocrx_word' id='word_1_134' title='bbox 1320 1839 1335 1888; x_wconf 84' lang='lat'>3</span> <span class='ocrx_word' id='word_1_135' title='bbox 1354 1837 1505 1888; x_wconf 80' lang='lat' dir='ltr'><strong>November</strong></span> <span class='ocrx_word' id='word_1_136' title='bbox 1527 1853 1560 1886; x_wconf 78' lang='lat' dir='ltr'><strong>su</strong></span> <span class='ocrx_word' id='word_1_137' title='bbox 1581 1837 1672 1886; x_wconf 80' lang='lat' dir='ltr'><strong>beant·</strong></span> 
     </span>
     <span class='ocr_line' id='line_1_13' title="bbox 410 1921 1672 1988; baseline -0.004 -15"><span class='ocrx_word' id='word_1_138' title='bbox 410 1929 510 1973; x_wconf 86' lang='lat' dir='ltr'><strong>werten</strong></span> <span class='ocrx_word' id='word_1_139' title='bbox 528 1923 586 1972; x_wconf 86' lang='lat' dir='ltr'><strong>Zeit</strong></span> <span class='ocrx_word' id='word_1_140' title='bbox 604 1923 674 1972; x_wconf 78' lang='lat' dir='ltr'><strong>land.</strong></span> <span class='ocrx_word' id='word_1_141' title='bbox 710 1923 748 1972; x_wconf 84' lang='lat' dir='ltr'><strong>Er</strong></span> <span class='ocrx_word' id='word_1_142' title='bbox 766 1922 883 1974; x_wconf 87' lang='lat' dir='ltr'><strong>schreibt</strong></span> <span class='ocrx_word' id='word_1_143' title='bbox 901 1924 952 1974; x_wconf 87' lang='lat' dir='ltr'><strong>den</strong></span> <span class='ocrx_word' id='word_1_144' title='bbox 971 1923 1187 1974; x_wconf 84' lang='lat' dir='ltr'><strong>Concilorutoren</strong></span> <span class='ocrx_word' id='word_1_145' title='bbox 1209 1922 1341 1988; x_wconf 72' lang='lat' dir='ltr'><strong>(Concept</strong></span> <span class='ocrx_word' id='word_1_146' title='bbox 1356 1925 1384 1973; x_wconf 92' lang='lat' dir='ltr'><strong>in</strong></span> <span class='ocrx_word' id='word_1_147' title='bbox 1403 1923 1454 1974; x_wconf 88' lang='lat' dir='ltr'><strong>den</strong></span> <span class='ocrx_word' id='word_1_148' title='bbox 1473 1921 1672 1986; x_wconf 70' lang='lat' dir='ltr'><strong>Concilactenl:</strong></span> 
     </span>
     <span class='ocr_line' id='line_1_14' title="bbox 411 2009 1670 2076; baseline -0.002 -16"><span class='ocrx_word' id='word_1_149' title='bbox 411 2009 488 2060; x_wconf 89' lang='lat' dir='ltr'><strong>Nunc</strong></span> <span class='ocrx_word' id='word_1_150' title='bbox 507 2013 595 2059; x_wconf 88' lang='lat' dir='ltr'><strong>autem</strong></span> <span class='ocrx_word' id='word_1_151' title='bbox 612 2025 662 2059; x_wconf 85' lang='lat' dir='ltr'><strong>vos</strong></span> <span class='ocrx_word' id='word_1_152' title='bbox 679 2009 761 2060; x_wconf 87' lang='lat' dir='ltr'><strong>latere</strong></span> <span class='ocrx_word' id='word_1_153' title='bbox 778 2011 900 2061; x_wconf 90' lang='lat' dir='ltr'><strong>nolumus</strong></span> <span class='ocrx_word' id='word_1_154' title='bbox 918 2011 993 2060; x_wconf 86' lang='lat' dir='ltr'><strong>nobis</strong></span> <span class='ocrx_word' id='word_1_155' title='bbox 1012 2025 1178 2076; x_wconf 87' lang='lat' dir='ltr'><strong>nequaquam</strong></span> <span class='ocrx_word' id='word_1_156' title='bbox 1195 2012 1312 2076; x_wconf 83' lang='lat' dir='ltr'><strong>potuisse</strong></span> <span class='ocrx_word' id='word_1_157' title='bbox 1330 2011 1442 2076; x_wconf 87' lang='lat' dir='ltr'><strong>plaeere,</strong></span> <span class='ocrx_word' id='word_1_158' title='bbox 1461 2010 1533 2076; x_wconf 88' lang='lat' dir='ltr'><strong>quod</strong></span> <span class='ocrx_word' id='word_1_159' title='bbox 1547 2024 1563 2060; x_wconf 80' lang='lat' dir='ltr'><strong>a</strong></span> <span class='ocrx_word' id='word_1_160' title='bbox 1577 2010 1670 2074; x_wconf 80' lang='lat' dir='ltr'><strong>legetis</strong></span> 
     </span>
     <span class='ocr_line' id='line_1_15' title="bbox 410 2096 1669 2162; baseline 0.001 -17"><span class='ocrx_word' id='word_1_161' title='bbox 410 2096 543 2161; x_wconf 86' lang='lat' dir='ltr'><strong>impetrari</strong></span> <span class='ocrx_word' id='word_1_162' title='bbox 560 2097 709 2160; x_wconf 83' lang='lat' dir='ltr'><strong>nequiverit</strong></span> <span class='ocrx_word' id='word_1_163' title='bbox 725 2101 755 2146; x_wconf 92' lang='lat' dir='ltr'><strong>ut</strong></span> <span class='ocrx_word' id='word_1_164' title='bbox 770 2099 892 2148; x_wconf 83' lang='lat' dir='ltr'><strong>tractatio</strong></span> <span class='ocrx_word' id='word_1_165' title='bbox 906 2097 1058 2162; x_wconf 83' lang='lat' dir='ltr'><strong>dogmatum</strong></span> <span class='ocrx_word' id='word_1_166' title='bbox 1070 2097 1282 2147; x_wconf 83' lang='lat' dir='ltr'><strong>intermitteretur</strong></span> <span class='ocrx_word' id='word_1_167' title='bbox 1302 2096 1437 2148; x_wconf 77' lang='lat' dir='ltr'><strong>ueletiam</strong></span> <span class='ocrx_word' id='word_1_168' title='bbox 1460 2099 1669 2162; x_wconf 83' lang='lat' dir='ltr'><strong>postponeretur.</strong></span> 
     </span>
     <span class='ocr_line' id='line_1_16' title="bbox 411 2180 1670 2250; baseline -0.003 -18"><span class='ocrx_word' id='word_1_169' title='bbox 411 2181 459 2232; x_wconf 86' lang='lat' dir='ltr'><strong>sed</strong></span> <span class='ocrx_word' id='word_1_170' title='bbox 477 2185 616 2246; x_wconf 89' lang='lat' dir='ltr'><strong>postquam</strong></span> <span class='ocrx_word' id='word_1_171' title='bbox 633 2183 652 2231; x_wconf 97' lang='lat' dir='ltr'><strong>ii</strong></span> <span class='ocrx_word' id='word_1_172' title='bbox 670 2188 724 2233; x_wconf 82' lang='lat' dir='ltr'><strong>tarn</strong></span> <span class='ocrx_word' id='word_1_173' title='bbox 744 2183 880 2234; x_wconf 84' lang='lat' dir='ltr'><strong>obfirmate</strong></span> <span class='ocrx_word' id='word_1_174' title='bbox 897 2185 924 2234; x_wconf 90' lang='lat' dir='ltr'><strong>in</strong></span> <span class='ocrx_word' id='word_1_175' title='bbox 942 2185 1076 2250; x_wconf 84' lang='lat' dir='ltr'><strong>proposito</strong></span> <span class='ocrx_word' id='word_1_176' title='bbox 1096 2186 1246 2248; x_wconf 87' lang='lat' dir='ltr'><strong>persistunt,</strong></span> <span class='ocrx_word' id='word_1_177' title='bbox 1264 2199 1317 2235; x_wconf 89' lang='lat' dir='ltr'><strong>non</strong></span> <span class='ocrx_word' id='word_1_178' title='bbox 1329 2185 1458 2234; x_wconf 85' lang='lat' dir='ltr'><strong>cemimus</strong></span> <span class='ocrx_word' id='word_1_179' title='bbox 1477 2180 1670 2247; x_wconf 86' lang='lat' dir='ltr'><strong>equidemqnid</strong></span> 
     </span>
     <span class='ocr_line' id='line_1_17' title="bbox 412 2267 1669 2344; baseline -0.002 -26"><span class='ocrx_word' id='word_1_180' title='bbox 412 2281 524 2333; x_wconf 89' lang='lat' dir='ltr'><strong>pernes</strong></span> <span class='ocrx_word' id='word_1_181' title='bbox 543 2267 655 2332; x_wconf 88' lang='lat' dir='ltr'><strong>amplius</strong></span> <span class='ocrx_word' id='word_1_182' title='bbox 673 2267 730 2318; x_wconf 84' lang='lat' dir='ltr'><strong>lieri</strong></span> <span class='ocrx_word' id='word_1_183' title='bbox 748 2275 835 2335; x_wconf 82' lang='lat' dir='ltr'><strong>queat,</strong></span> <span class='ocrx_word' id='word_1_184' title='bbox 854 2285 887 2320; x_wconf 83' lang='lat' dir='ltr'><strong>ex</strong></span> <span class='ocrx_word' id='word_1_185' title='bbox 904 2285 956 2336; x_wconf 91' lang='lat' dir='ltr'><strong>quo</strong></span> <span class='ocrx_word' id='word_1_186' title='bbox 969 2269 1097 2320; x_wconf 86' lang='lat' dir='ltr'><strong>hactenus</strong></span> <span class='ocrx_word' id='word_1_187' title='bbox 1114 2269 1245 2321; x_wconf 87' lang='lat' dir='ltr'><strong>monendo</strong></span> <span class='ocrx_word' id='word_1_188' title='bbox 1265 2275 1291 2320; x_wconf 88' lang='lat' dir='ltr'><strong>et</strong></span> <span class='ocrx_word' id='word_1_189' title='bbox 1310 2267 1545 2344; x_wconf 77' lang='lat' dir='ltr'><strong>obtestandonihil</strong></span> <span class='ocrx_word' id='word_1_190' title='bbox 1556 2272 1669 2334; x_wconf 80' lang='lat' dir='ltr'><strong>prseter-</strong></span> 
     </span>
    </p>

    <p class='ocr_par' dir='ltr' id='par_1_3' title="bbox 326 2354 1669 3370">
     <span class='ocr_line' id='line_1_18' title="bbox 326 2354 1669 2421; baseline 0.001 -19"><span class='ocrx_word' id='word_1_191' title='bbox 326 2357 330 2368; x_wconf 92' lang='lat'>&#39;</span> <span class='ocrx_word' id='word_1_192' title='bbox 412 2354 528 2403; x_wconf 86' lang='lat' dir='ltr'><strong>misimus</strong></span> <span class='ocrx_word' id='word_1_193' title='bbox 547 2369 637 2404; x_wconf 88' lang='lat' dir='ltr'><strong>eorum</strong></span> <span class='ocrx_word' id='word_1_194' title='bbox 655 2369 723 2420; x_wconf 85' lang='lat' dir='ltr'><strong>quae</strong></span> <span class='ocrx_word' id='word_1_195' title='bbox 741 2370 788 2420; x_wconf 89' lang='lat' dir='ltr'><strong>pre</strong></span> <span class='ocrx_word' id='word_1_196' title='bbox 807 2357 926 2406; x_wconf 82' lang='lat' dir='ltr'><strong>caesarei</strong></span> <span class='ocrx_word' id='word_1_197' title='bbox 943 2359 1025 2408; x_wconf 85' lang='lat' dir='ltr'><strong>nostri</strong></span> <span class='ocrx_word' id='word_1_198' title='bbox 1043 2358 1157 2408; x_wconf 88' lang='lat' dir='ltr'><strong>muneris</strong></span> <span class='ocrx_word' id='word_1_199' title='bbox 1175 2358 1275 2408; x_wconf 84' lang='lat' dir='ltr'><strong>ratione</strong></span> <span class='ocrx_word' id='word_1_200' title='bbox 1293 2357 1328 2406; x_wconf 86' lang='lat' dir='ltr'><strong>sd</strong></span> <span class='ocrx_word' id='word_1_201' title='bbox 1340 2372 1389 2406; x_wconf 91' lang='lat' dir='ltr'><strong>nes</strong></span> <span class='ocrx_word' id='word_1_202' title='bbox 1401 2361 1523 2421; x_wconf 86' lang='lat' dir='ltr'><strong>spectare</strong></span> <span class='ocrx_word' id='word_1_203' title='bbox 1535 2357 1669 2414; x_wconf 80' lang='lat' dir='ltr'><strong>visasunt,</strong></span> 
     </span>
     <span class='ocr_line' id='line_1_19' title="bbox 412 2438 1669 2508; baseline 0 -20"><span class='ocrx_word' id='word_1_204' title='bbox 412 2438 640 2505; x_wconf 80' lang='lat' dir='ltr'><strong>quemadmodum,</strong></span> <span class='ocrx_word' id='word_1_205' title='bbox 660 2441 709 2490; x_wconf 91' lang='lat' dir='ltr'><strong>deo</strong></span> <span class='ocrx_word' id='word_1_206' title='bbox 729 2441 816 2506; x_wconf 82' lang='lat' dir='ltr'><strong>dante,</strong></span> <span class='ocrx_word' id='word_1_207' title='bbox 837 2441 962 2508; x_wconf 84' lang='lat' dir='ltr'><strong>deinceps</strong></span> <span class='ocrx_word' id='word_1_208' title='bbox 981 2444 1059 2493; x_wconf 86' lang='lat' dir='ltr'><strong>etism</strong></span> <span class='ocrx_word' id='word_1_209' title='bbox 1084 2443 1171 2494; x_wconf 84' lang='lat' dir='ltr'><strong>cilicio</strong></span> <span class='ocrx_word' id='word_1_210' title='bbox 1190 2447 1279 2494; x_wconf 90' lang='lat' dir='ltr'><strong>nostro</strong></span> <span class='ocrx_word' id='word_1_211' title='bbox 1303 2445 1329 2492; x_wconf 91' lang='lat' dir='ltr'><strong>in</strong></span> <span class='ocrx_word' id='word_1_212' title='bbox 1347 2442 1398 2493; x_wconf 88' lang='lat' dir='ltr'><strong>hae</strong></span> <span class='ocrx_word' id='word_1_213' title='bbox 1415 2447 1490 2508; x_wconf 84' lang='lat' dir='ltr'><strong>parte</strong></span> <span class='ocrx_word' id='word_1_214' title='bbox 1513 2459 1566 2492; x_wconf 91' lang='lat' dir='ltr'><strong>non</strong></span> <span class='ocrx_word' id='word_1_215' title='bbox 1585 2455 1669 2491; x_wconf 83' lang='lat' dir='ltr'><strong>sumus</strong></span> 
     </span>
     <span class='ocr_line' id='line_1_20' title="bbox 413 2525 1668 2596; baseline -0.003 -19"><span class='ocrx_word' id='word_1_216' title='bbox 413 2525 536 2586; x_wconf 69' lang='lat' dir='ltr'><strong>dedituri,</strong></span> <span class='ocrx_word' id='word_1_217' title='bbox 556 2539 635 2591; x_wconf 86' lang='lat' dir='ltr'><strong>quam</strong></span> <span class='ocrx_word' id='word_1_218' title='bbox 652 2533 682 2576; x_wconf 89' lang='lat' dir='ltr'><strong>ut</strong></span> <span class='ocrx_word' id='word_1_219' title='bbox 699 2527 778 2578; x_wconf 87' lang='lat' dir='ltr'><strong>deum</strong></span> <span class='ocrx_word' id='word_1_220' title='bbox 796 2529 930 2594; x_wconf 86' lang='lat' dir='ltr'><strong>supplices</strong></span> <span class='ocrx_word' id='word_1_221' title='bbox 949 2544 1060 2592; x_wconf 88' lang='lat' dir='ltr'><strong>oremus,</strong></span> <span class='ocrx_word' id='word_1_222' title='bbox 1078 2533 1109 2579; x_wconf 91' lang='lat' dir='ltr'><strong>ut</strong></span> <span class='ocrx_word' id='word_1_223' title='bbox 1125 2531 1180 2596; x_wconf 78' lang='lat' dir='ltr'><strong>ipse</strong></span> <span class='ocrx_word' id='word_1_224' title='bbox 1200 2529 1282 2580; x_wconf 87' lang='lat' dir='ltr'><strong>corda</strong></span> <span class='ocrx_word' id='word_1_225' title='bbox 1299 2528 1445 2596; x_wconf 83' lang='lat' dir='ltr'><strong>legatorum</strong></span> <span class='ocrx_word' id='word_1_226' title='bbox 1466 2526 1668 2594; x_wconf 80' lang='lat' dir='ltr'><strong>etpatrumillu·</strong></span> 
     </span>
     <span class='ocr_line' id='line_1_21' title="bbox 413 2613 1668 2680; baseline -0.001 -18"><span class='ocrx_word' id='word_1_227' title='bbox 413 2614 502 2676; x_wconf 83' lang='lat' dir='ltr'><strong>nrinet,</strong></span> <span class='ocrx_word' id='word_1_228' title='bbox 525 2616 555 2660; x_wconf 87' lang='lat' dir='ltr'><strong>ut</strong></span> <span class='ocrx_word' id='word_1_229' title='bbox 573 2627 639 2676; x_wconf 88' lang='lat' dir='ltr'><strong>opus</strong></span> <span class='ocrx_word' id='word_1_230' title='bbox 658 2617 710 2663; x_wconf 87' lang='lat' dir='ltr'><strong>tarn</strong></span> <span class='ocrx_word' id='word_1_231' title='bbox 729 2615 908 2665; x_wconf 82' lang='lat' dir='ltr'><strong>necessarium</strong></span> <span class='ocrx_word' id='word_1_232' title='bbox 926 2615 1025 2665; x_wconf 87' lang='lat' dir='ltr'><strong>maiore</strong></span> <span class='ocrx_word' id='word_1_233' title='bbox 1044 2615 1101 2666; x_wconf 81' lang='lat' dir='ltr'><strong>zelo</strong></span> <span class='ocrx_word' id='word_1_234' title='bbox 1126 2621 1152 2666; x_wconf 88' lang='lat' dir='ltr'><strong>et</strong></span> <span class='ocrx_word' id='word_1_235' title='bbox 1170 2617 1315 2666; x_wconf 84' lang='lat' dir='ltr'><strong>animorum</strong></span> <span class='ocrx_word' id='word_1_236' title='bbox 1334 2615 1540 2680; x_wconf 86' lang='lat' dir='ltr'><strong>promptitudine</strong></span> <span class='ocrx_word' id='word_1_237' title='bbox 1558 2613 1668 2678; x_wconf 82' lang='lat' dir='ltr'><strong>amplec-</strong></span> 
     </span>
     <span class='ocr_line' id='line_1_22' title="bbox 413 2698 1668 2768; baseline 0 -20"><span class='ocrx_word' id='word_1_238' title='bbox 413 2703 522 2750; x_wconf 82' lang='lat' dir='ltr'><strong>tantur.</strong></span> <span class='ocrx_word' id='word_1_239' title='bbox 537 2735 564 2751; x_wconf 91' lang='lat'><strong>..</strong></span> <span class='ocrx_word' id='word_1_240' title='bbox 583 2698 697 2764; x_wconf 78' lang='lat' dir='ltr'><strong>benigue</strong></span> <span class='ocrx_word' id='word_1_241' title='bbox 721 2701 797 2751; x_wconf 87' lang='lat' dir='ltr'><strong>vobis</strong></span> <span class='ocrx_word' id='word_1_242' title='bbox 814 2702 973 2765; x_wconf 77' lang='lat' dir='ltr'><strong>iniungimus</strong></span> <span class='ocrx_word' id='word_1_243' title='bbox 1000 2705 1030 2751; x_wconf 88' lang='lat' dir='ltr'><strong>ut</strong></span> <span class='ocrx_word' id='word_1_244' title='bbox 1047 2701 1094 2752; x_wconf 86' lang='lat' dir='ltr'><strong>tali</strong></span> <span class='ocrx_word' id='word_1_245' title='bbox 1118 2717 1183 2752; x_wconf 82' lang='lat' dir='ltr'><strong>casu</strong></span> <span class='ocrx_word' id='word_1_246' title='bbox 1206 2699 1274 2768; x_wconf 83' lang='lat' dir='ltr'><strong>[Ted</strong></span> <span class='ocrx_word' id='word_1_247' title='bbox 1299 2701 1345 2752; x_wconf 87' lang='lat' dir='ltr'><strong>des</strong></span> <span class='ocrx_word' id='word_1_248' title='bbox 1361 2699 1483 2768; x_wconf 84' lang='lat' dir='ltr'><strong>Papstes]</strong></span> <span class='ocrx_word' id='word_1_249' title='bbox 1506 2701 1604 2751; x_wconf 85' lang='lat' dir='ltr'><strong>isthinc</strong></span> <span class='ocrx_word' id='word_1_250' title='bbox 1621 2715 1668 2749; x_wconf 93' lang='lat' dir='ltr'><strong>uon</strong></span> 
     </span>
     <span class='ocr_line' id='line_1_23' title="bbox 413 2784 1668 2854; baseline 0.003 -21"><span class='ocrx_word' id='word_1_251' title='bbox 413 2784 549 2847; x_wconf 65' lang='lat' dir='ltr'><strong>recedatis</strong></span> <span class='ocrx_word' id='word_1_252' title='bbox 568 2785 718 2852; x_wconf 86' lang='lat' dir='ltr'><strong>prinsquam</strong></span> <span class='ocrx_word' id='word_1_253' title='bbox 742 2801 759 2836; x_wconf 86' lang='lat' dir='ltr'><strong>a</strong></span> <span class='ocrx_word' id='word_1_254' title='bbox 781 2787 856 2838; x_wconf 90' lang='lat' dir='ltr'><strong>nobis</strong></span> <span class='ocrx_word' id='word_1_255' title='bbox 874 2803 1025 2852; x_wconf 86' lang='lat' dir='ltr'><strong>expressum</strong></span> <span class='ocrx_word' id='word_1_256' title='bbox 1044 2803 1076 2838; x_wconf 81' lang='lat' dir='ltr'><strong>ea</strong></span> <span class='ocrx_word' id='word_1_257' title='bbox 1094 2788 1128 2838; x_wconf 91' lang='lat' dir='ltr'><strong>de</strong></span> <span class='ocrx_word' id='word_1_258' title='bbox 1145 2787 1339 2839; x_wconf 80' lang='lat' dir='ltr'><strong>remandatum</strong></span> <span class='ocrx_word' id='word_1_259' title='bbox 1353 2788 1517 2854; x_wconf 85' lang='lat' dir='ltr'><strong>acceperitis.</strong></span> <span class='ocrx_word' id='word_1_260' title='bbox 1535 2791 1668 2852; x_wconf 82' lang='lat' dir='ltr'><strong>praeterea</strong></span> 
     </span>
     <span class='ocr_line' id='line_1_24' title="bbox 414 2869 1668 2940; baseline 0.001 -21"><span class='ocrx_word' id='word_1_261' title='bbox 414 2869 480 2920; x_wconf 91' lang='lat' dir='ltr'><strong>illud</strong></span> <span class='ocrx_word' id='word_1_262' title='bbox 502 2869 582 2920; x_wconf 83' lang='lat' dir='ltr'><strong>valde</strong></span> <span class='ocrx_word' id='word_1_263' title='bbox 599 2873 692 2922; x_wconf 89' lang='lat' dir='ltr'><strong>mirum</strong></span> <span class='ocrx_word' id='word_1_264' title='bbox 715 2873 793 2924; x_wconf 89' lang='lat' dir='ltr'><strong>nobis</strong></span> <span class='ocrx_word' id='word_1_265' title='bbox 810 2871 923 2935; x_wconf 83' lang='lat' dir='ltr'><strong>videtur,</strong></span> <span class='ocrx_word' id='word_1_266' title='bbox 950 2873 1021 2938; x_wconf 90' lang='lat' dir='ltr'><strong>quod</strong></span> <span class='ocrx_word' id='word_1_267' title='bbox 1039 2875 1091 2924; x_wconf 85' lang='lat' dir='ltr'><strong>iam</strong></span> <span class='ocrx_word' id='word_1_268' title='bbox 1109 2875 1220 2940; x_wconf 89' lang='lat' dir='ltr'><strong>primum</strong></span> <span class='ocrx_word' id='word_1_269' title='bbox 1243 2873 1272 2924; x_wconf 84' lang='lat' dir='ltr'><strong>in</strong></span> <span class='ocrx_word' id='word_1_270' title='bbox 1290 2876 1494 2926; x_wconf 80' lang='lat' dir='ltr'><strong>controversiam</strong></span> <span class='ocrx_word' id='word_1_271' title='bbox 1517 2873 1668 2930; x_wconf 76' lang='lat' dir='ltr'><strong>adducatur,</strong></span> 
     </span>
     <span class='ocr_line' id='line_1_25' title="bbox 413 2957 1666 3026; baseline 0 -20"><span class='ocrx_word' id='word_1_272' title='bbox 413 2961 500 3006; x_wconf 88' lang='lat' dir='ltr'><strong>utrum</strong></span> <span class='ocrx_word' id='word_1_273' title='bbox 519 2957 637 3023; x_wconf 86' lang='lat' dir='ltr'><strong>episcopi</strong></span> <span class='ocrx_word' id='word_1_274' title='bbox 659 2959 711 3008; x_wconf 88' lang='lat' dir='ltr'><strong>sint</strong></span> <span class='ocrx_word' id='word_1_275' title='bbox 736 2959 794 3009; x_wconf 87' lang='lat' dir='ltr'><strong>iure</strong></span> <span class='ocrx_word' id='word_1_276' title='bbox 813 2958 902 3009; x_wconf 86' lang='lat' dir='ltr'><strong>divino</strong></span> <span class='ocrx_word' id='word_1_277' title='bbox 921 2961 1033 3010; x_wconf 89' lang='lat' dir='ltr'><strong>instituti</strong></span> <span class='ocrx_word' id='word_1_278' title='bbox 1051 2975 1101 3010; x_wconf 90' lang='lat' dir='ltr'><strong>nec</strong></span> <span class='ocrx_word' id='word_1_279' title='bbox 1120 2976 1160 3023; x_wconf 78' lang='lat' dir='ltr'><strong>ne,</strong></span> <span class='ocrx_word' id='word_1_280' title='bbox 1184 2976 1236 3026; x_wconf 77' lang='lat' dir='ltr'><strong>qua</strong></span> <span class='ocrx_word' id='word_1_281' title='bbox 1259 2960 1293 3010; x_wconf 87' lang='lat' dir='ltr'><strong>de</strong></span> <span class='ocrx_word' id='word_1_282' title='bbox 1315 2976 1344 3011; x_wconf 87' lang='lat' dir='ltr'><strong>rs</strong></span> <span class='ocrx_word' id='word_1_283' title='bbox 1367 2975 1500 3026; x_wconf 83' lang='lat' dir='ltr'><strong>nunquam</strong></span> <span class='ocrx_word' id='word_1_284' title='bbox 1524 2961 1666 3026; x_wconf 85' lang='lat' dir='ltr'><strong>putavimus</strong></span> 
     </span>
     <span class='ocr_line' id='line_1_26' title="bbox 414 3044 1665 3114; baseline 0 -22"><span class='ocrx_word' id='word_1_285' title='bbox 414 3057 572 3109; x_wconf 88' lang='lat' dir='ltr'><strong>quemquam</strong></span> <span class='ocrx_word' id='word_1_286' title='bbox 588 3058 667 3108; x_wconf 86' lang='lat' dir='ltr'><strong>posse</strong></span> <span class='ocrx_word' id='word_1_287' title='bbox 685 3044 728 3094; x_wconf 88' lang='lat' dir='ltr'><strong>vel</strong></span> <span class='ocrx_word' id='word_1_288' title='bbox 747 3044 844 3094; x_wconf 87' lang='lat' dir='ltr'><strong>debere</strong></span> <span class='ocrx_word' id='word_1_289' title='bbox 863 3044 992 3109; x_wconf 86' lang='lat' dir='ltr'><strong>dubitare,</strong></span> <span class='ocrx_word' id='word_1_290' title='bbox 1021 3051 1047 3096; x_wconf 90' lang='lat' dir='ltr'><strong>st</strong></span> <span class='ocrx_word' id='word_1_291' title='bbox 1063 3045 1172 3112; x_wconf 84' lang='lat' dir='ltr'><strong>perinde</strong></span> <span class='ocrx_word' id='word_1_292' title='bbox 1190 3061 1222 3096; x_wconf 86' lang='lat' dir='ltr'><strong>ac</strong></span> <span class='ocrx_word' id='word_1_293' title='bbox 1240 3047 1356 3112; x_wconf 84' lang='lat' dir='ltr'><strong>vosipsi</strong></span> <span class='ocrx_word' id='word_1_294' title='bbox 1374 3061 1533 3114; x_wconf 83' lang='lat' dir='ltr'><strong>magnopere</strong></span> <span class='ocrx_word' id='word_1_295' title='bbox 1550 3048 1665 3095; x_wconf 87' lang='lat' dir='ltr'><strong>timemus</strong></span> 
     </span>
     <span class='ocr_line' id='line_1_27' title="bbox 414 3127 1663 3197; baseline 0.004 -20"><span class='ocrx_word' id='word_1_296' title='bbox 414 3144 448 3178; x_wconf 90' lang='lat' dir='ltr'><strong>ne</strong></span> <span class='ocrx_word' id='word_1_297' title='bbox 461 3127 528 3178; x_wconf 86' lang='lat' dir='ltr'><strong>forte</strong></span> <span class='ocrx_word' id='word_1_298' title='bbox 540 3127 607 3179; x_wconf 82' lang='lat' dir='ltr'><strong>haec</strong></span> <span class='ocrx_word' id='word_1_299' title='bbox 619 3131 738 3194; x_wconf 86' lang='lat' dir='ltr'><strong>quaestio</strong></span> <span class='ocrx_word' id='word_1_300' title='bbox 751 3131 915 3196; x_wconf 83' lang='lat' dir='ltr'><strong>gravioribus</strong></span> <span class='ocrx_word' id='word_1_301' title='bbox 927 3131 1099 3182; x_wconf 88' lang='lat' dir='ltr'><strong>incommodis</strong></span> <span class='ocrx_word' id='word_1_302' title='bbox 1111 3133 1248 3182; x_wconf 72' lang='lat' dir='ltr'><strong>matonam</strong></span> <span class='ocrx_word' id='word_1_303' title='bbox 1260 3132 1393 3196; x_wconf 86' lang='lat' dir='ltr'><strong>praebeat.</strong></span> <span class='ocrx_word' id='word_1_304' title='bbox 1413 3133 1475 3197; x_wconf 86' lang='lat' dir='ltr'><strong>quia</strong></span> <span class='ocrx_word' id='word_1_305' title='bbox 1491 3147 1555 3182; x_wconf 80' lang='lat' dir='ltr'><strong>vero</strong></span> <span class='ocrx_word' id='word_1_306' title='bbox 1567 3131 1663 3182; x_wconf 84' lang='lat' dir='ltr'><strong>omnino</strong></span> 
     </span>
     <span class='ocr_line' id='line_1_28' title="bbox 415 3214 1664 3282; baseline -0.001 -18"><span class='ocrx_word' id='word_1_307' title='bbox 415 3214 545 3264; x_wconf 86' lang='lat' dir='ltr'><strong>credimus</strong></span> <span class='ocrx_word' id='word_1_308' title='bbox 574 3215 705 3280; x_wconf 86' lang='lat' dir='ltr'><strong>praelatos</strong></span> <span class='ocrx_word' id='word_1_309' title='bbox 732 3217 864 3281; x_wconf 85' lang='lat' dir='ltr'><strong>Hispanos</strong></span> <span class='ocrx_word' id='word_1_310' title='bbox 884 3255 891 3270; x_wconf 89' lang='lat'><strong>.</strong></span> <span class='ocrx_word' id='word_1_311' title='bbox 908 3254 939 3267; x_wconf 91' lang='lat'><strong>..</strong></span> <span class='ocrx_word' id='word_1_312' title='bbox 965 3219 1096 3269; x_wconf 87' lang='lat' dir='ltr'><strong>saniorem</strong></span> <span class='ocrx_word' id='word_1_313' title='bbox 1119 3219 1276 3268; x_wconf 82' lang='lat' dir='ltr'><strong>sententiam</strong></span> <span class='ocrx_word' id='word_1_314' title='bbox 1301 3219 1378 3281; x_wconf 87' lang='lat' dir='ltr'><strong>tueri,</strong></span> <span class='ocrx_word' id='word_1_315' title='bbox 1405 3218 1584 3269; x_wconf 87' lang='lat' dir='ltr'><strong>existimamus</strong></span> <span class='ocrx_word' id='word_1_316' title='bbox 1602 3214 1664 3282; x_wconf 89' lang='lat' dir='ltr'><strong>qnod</strong></span> 
     </span>
     <span class='ocr_line' id='line_1_29' title="bbox 414 3299 1444 3370; baseline 0.006 -20"><span class='ocrx_word' id='word_1_317' title='bbox 414 3299 466 3350; x_wconf 89' lang='lat' dir='ltr'><strong>illis</strong></span> <span class='ocrx_word' id='word_1_318' title='bbox 479 3337 485 3351; x_wconf 94' lang='lat'>.</span> <span class='ocrx_word' id='word_1_319' title='bbox 500 3335 527 3350; x_wconf 89' lang='lat'><strong>..</strong></span> <span class='ocrx_word' id='word_1_320' title='bbox 545 3315 594 3353; x_wconf 84' lang='lat' dir='ltr'><strong>vos</strong></span> <span class='ocrx_word' id='word_1_321' title='bbox 611 3317 716 3366; x_wconf 88' lang='lat' dir='ltr'><strong>quoque</strong></span> <span class='ocrx_word' id='word_1_322' title='bbox 734 3302 870 3367; x_wconf 84' lang='lat' dir='ltr'><strong>astipulari</strong></span> <span class='ocrx_word' id='word_1_323' title='bbox 888 3309 914 3352; x_wconf 89' lang='lat' dir='ltr'><strong>et</strong></span> <span class='ocrx_word' id='word_1_324' title='bbox 932 3305 1055 3353; x_wconf 87' lang='lat' dir='ltr'><strong>assistere</strong></span> <span class='ocrx_word' id='word_1_325' title='bbox 1072 3305 1191 3368; x_wconf 87' lang='lat' dir='ltr'><strong>poteritis</strong></span> <span class='ocrx_word' id='word_1_326' title='bbox 1208 3309 1287 3370; x_wconf 86' lang='lat' dir='ltr'><strong>atque</strong></span> <span class='ocrx_word' id='word_1_327' title='bbox 1306 3304 1444 3356; x_wconf 85' lang='lat' dir='ltr'><strong>debebitis.</strong></span> 
     </span>
    </p>
   </div>
   <div class='ocr_carea' id='block_1_3' title="bbox 909 3562 1111 3570">
    <p class='ocr_par' dir='ltr' id='par_1_4' title="bbox 909 3562 1111 3570">
     <span class='ocr_line' id='line_1_30' title="bbox 909 3562 1111 3570; baseline 0 -2"><span class='ocrx_word' id='word_1_328' title='bbox 909 3562 1111 3570; x_wconf 80' lang='lat'><strong>———</strong></span> 
     </span>
    </p>
   </div>
   <div class='ocr_carea' id='block_1_4' title="bbox 902 3787 1115 3874">
    <p class='ocr_par' dir='ltr' id='par_1_5' title="bbox 902 3787 1115 3874">
     <span class='ocr_line' id='line_1_31' title="bbox 902 3787 1115 3874; baseline -0.005 0"><span class='ocrx_word' id='word_1_329' title='bbox 902 3787 1115 3874; x_wconf 83' lang='lat' dir='ltr'>CCXVII.</span> 
     </span>
    </p>
   </div>
   <div class='ocr_carea' id='block_1_5' title="bbox 518 3993 1502 4218">
    <p class='ocr_par' dir='ltr' id='par_1_6' title="bbox 518 3993 1502 4218">
     <span class='ocr_line' id='line_1_32' title="bbox 518 3993 1502 4111; baseline 0.006 -31"><span class='ocrx_word' id='word_1_330' title='bbox 518 4005 726 4106; x_wconf 75' lang='lat' dir='ltr'><strong>Vereehlep</strong></span> <span class='ocrx_word' id='word_1_331' title='bbox 756 4007 826 4081; x_wconf 87' lang='lat' dir='ltr'><strong>des</strong></span> <span class='ocrx_word' id='word_1_332' title='bbox 854 3993 1076 4082; x_wconf 78' lang='lat' dir='ltr'><strong>iturtiireten</strong></span> <span class='ocrx_word' id='word_1_333' title='bbox 1105 4031 1179 4084; x_wconf 87' lang='lat' dir='ltr'><strong>ven</strong></span> <span class='ocrx_word' id='word_1_334' title='bbox 1209 4011 1502 4111; x_wconf 64' lang='lat' dir='ltr'><strong>brandenburffi</strong></span> 
     </span>
     <span class='ocr_line' id='line_1_33' title="bbox 858 4161 1162 4218; baseline 0.013 -6"><span class='ocrx_word' id='word_1_335' title='bbox 858 4161 1043 4214; x_wconf 66' lang='lat' dir='ltr'><strong>november</strong></span> <span class='ocrx_word' id='word_1_336' title='bbox 1071 4165 1162 4218; x_wconf 77' lang='lat'><strong>1662.</strong></span> 
     </span>
    </p>
   </div>
   <div class='ocr_carea' id='block_1_6' title="bbox 866 4341 1157 4418">
    <p class='ocr_par' dir='ltr' id='par_1_7' title="bbox 866 4341 1157 4418">
     <span class='ocr_line' id='line_1_34' title="bbox 866 4341 1157 4418; baseline 0.017 -22"><span class='ocrx_word' id='word_1_337' title='bbox 866 4341 1042 4400; x_wconf 63' lang='lat' dir='ltr'><strong>matrueles.</strong></span> <span class='ocrx_word' id='word_1_338' title='bbox 1068 4345 1157 4418; x_wconf 80' lang='lat' dir='ltr'><strong>Copia</strong></span> 
     </span>
    </p>
   </div>
   <div class='ocr_carea' id='block_1_7' title="bbox 345 4519 1653 5134">
    <p class='ocr_par' dir='ltr' id='par_1_8' title="bbox 345 4519 1653 5134">
     <span class='ocr_line' id='line_1_35' title="bbox 399 4519 1653 4613; baseline 0.004 -31"><span class='ocrx_word' id='word_1_339' title='bbox 399 4533 406 4544; x_wconf 87' lang='lat'><strong>·</strong></span> <span class='ocrx_word' id='word_1_340' title='bbox 449 4519 517 4585; x_wconf 90' lang='lat' dir='ltr'><strong>Der</strong></span> <span class='ocrx_word' id='word_1_341' title='bbox 538 4519 656 4586; x_wconf 87' lang='lat' dir='ltr'><strong>Kaisar</strong></span> <span class='ocrx_word' id='word_1_342' title='bbox 676 4522 771 4588; x_wconf 86' lang='lat' dir='ltr'><strong>wisse</strong></span> <span class='ocrx_word' id='word_1_343' title='bbox 795 4522 870 4588; x_wconf 90' lang='lat' dir='ltr'><strong>dass</strong></span> <span class='ocrx_word' id='word_1_344' title='bbox 894 4525 945 4590; x_wconf 89' lang='lat' dir='ltr'><strong>die</strong></span> <span class='ocrx_word' id='word_1_345' title='bbox 967 4524 1181 4613; x_wconf 85' lang='lat' dir='ltr'><strong>Augsburger</strong></span> <span class='ocrx_word' id='word_1_346' title='bbox 1198 4526 1611 4594; x_wconf 79' lang='lat' dir='ltr'><strong>Confessionsverwandten</strong></span> <span class='ocrx_word' id='word_1_347' title='bbox 1629 4523 1653 4586; x_wconf 89' lang='lat' dir='ltr'><strong>in</strong></span> 
     </span>
     <span class='ocr_line' id='line_1_36' title="bbox 348 4619 1653 4716; baseline 0.005 -32"><span class='ocrx_word' id='word_1_348' title='bbox 348 4619 406 4685; x_wconf 85' lang='lat' dir='ltr'><strong>das</strong></span> <span class='ocrx_word' id='word_1_349' title='bbox 423 4622 505 4709; x_wconf 87' lang='lat' dir='ltr'><strong>jetzt</strong></span> <span class='ocrx_word' id='word_1_350' title='bbox 521 4622 659 4708; x_wconf 84' lang='lat' dir='ltr'><strong>tegenda</strong></span> <span class='ocrx_word' id='word_1_351' title='bbox 675 4623 787 4690; x_wconf 82' lang='lat' dir='ltr'><strong>Ooncil</strong></span> <span class='ocrx_word' id='word_1_352' title='bbox 808 4627 898 4692; x_wconf 91' lang='lat' dir='ltr'><strong>nicht</strong></span> <span class='ocrx_word' id='word_1_353' title='bbox 917 4627 1058 4716; x_wconf 81' lang='lat' dir='ltr'><strong>willigeri</strong></span> <span class='ocrx_word' id='word_1_354' title='bbox 1072 4629 1212 4713; x_wconf 81' lang='lat' dir='ltr'><strong>kbnnen,</strong></span> <span class='ocrx_word' id='word_1_355' title='bbox 1237 4630 1313 4696; x_wconf 86' lang='lat' dir='ltr'><strong>dass</strong></span> <span class='ocrx_word' id='word_1_356' title='bbox 1334 4629 1414 4696; x_wconf 87' lang='lat' dir='ltr'><strong>aber</strong></span> <span class='ocrx_word' id='word_1_357' title='bbox 1436 4631 1522 4696; x_wconf 86' lang='lat' dir='ltr'><strong>auch</strong></span> <span class='ocrx_word' id='word_1_358' title='bbox 1543 4628 1653 4695; x_wconf 85' lang='lat' dir='ltr'><strong>andrer</strong></span> 
     </span>
     <span class='ocr_line' id='line_1_37' title="bbox 346 4724 1653 4821; baseline 0.011 -34"><span class='ocrx_word' id='word_1_359' title='bbox 346 4725 422 4788; x_wconf 88' lang='lat' dir='ltr'><strong>seits</strong></span> <span class='ocrx_word' id='word_1_360' title='bbox 451 4724 640 4813; x_wconf 84' lang='lat' dir='ltr'><strong>Colloquien</strong></span> <span class='ocrx_word' id='word_1_361' title='bbox 675 4725 741 4792; x_wconf 91' lang='lat' dir='ltr'><strong>und</strong></span> <span class='ocrx_word' id='word_1_362' title='bbox 764 4730 1164 4820; x_wconf 84' lang='lat' dir='ltr'><strong>Reichsversammlungen</strong></span> <span class='ocrx_word' id='word_1_363' title='bbox 1198 4733 1269 4800; x_wconf 84' lang='lat' dir='ltr'><strong>sine</strong></span> <span class='ocrx_word' id='word_1_364' title='bbox 1292 4733 1474 4799; x_wconf 88' lang='lat' dir='ltr'><strong>christliche</strong></span> <span class='ocrx_word' id='word_1_365' title='bbox 1508 4735 1653 4821; x_wconf 78' lang='lat' dir='ltr'><strong>Einiguug</strong></span> 
     </span>
     <span class='ocr_line' id='line_1_38' title="bbox 346 4824 1651 4903; baseline 0.006 -14"><span class='ocrx_word' id='word_1_366' title='bbox 346 4824 561 4893; x_wconf 82' lang='lat' dir='ltr'><strong>hernustellen</strong></span> <span class='ocrx_word' id='word_1_367' title='bbox 589 4829 678 4894; x_wconf 88' lang='lat' dir='ltr'><strong>nicht</strong></span> <span class='ocrx_word' id='word_1_368' title='bbox 705 4830 749 4895; x_wconf 91' lang='lat' dir='ltr'><strong>im</strong></span> <span class='ocrx_word' id='word_1_369' title='bbox 777 4831 898 4898; x_wconf 86' lang='lat' dir='ltr'><strong>Stande</strong></span> <span class='ocrx_word' id='word_1_370' title='bbox 921 4834 1003 4900; x_wconf 90' lang='lat' dir='ltr'><strong>sind.</strong></span> <span class='ocrx_word' id='word_1_371' title='bbox 1047 4835 1172 4901; x_wconf 81' lang='lat' dir='ltr'><strong>Durum</strong></span> <span class='ocrx_word' id='word_1_372' title='bbox 1194 4835 1308 4902; x_wconf 87' lang='lat' dir='ltr'><strong>mache</strong></span> <span class='ocrx_word' id='word_1_373' title='bbox 1339 4837 1397 4903; x_wconf 89' lang='lat' dir='ltr'><strong>der</strong></span> <span class='ocrx_word' id='word_1_374' title='bbox 1417 4837 1571 4902; x_wconf 83' lang='lat' dir='ltr'><strong>Kurliirst</strong></span> <span class='ocrx_word' id='word_1_375' title='bbox 1595 4835 1651 4900; x_wconf 83' lang='lat' dir='ltr'><strong>den</strong></span> 
     </span>
     <span class='ocr_line' id='line_1_39' title="bbox 346 4929 1651 5027; baseline 0.005 -33"><span class='ocrx_word' id='word_1_376' title='bbox 346 4929 473 5015; x_wconf 80' lang='lat' dir='ltr'><strong>Kaisar,</strong></span> <span class='ocrx_word' id='word_1_377' title='bbox 496 4929 636 4998; x_wconf 81' lang='lat' dir='ltr'><strong>welcher</strong></span> <span class='ocrx_word' id='word_1_378' title='bbox 648 4931 716 4998; x_wconf 87' lang='lat' dir='ltr'><strong>sich</strong></span> <span class='ocrx_word' id='word_1_379' title='bbox 732 4934 921 5023; x_wconf 77' lang='lat' dir='ltr'><strong>unebltssig</strong></span> <span class='ocrx_word' id='word_1_380' title='bbox 934 4937 1074 5004; x_wconf 88' lang='lat' dir='ltr'><strong>bemiihe</strong></span> <span class='ocrx_word' id='word_1_381' title='bbox 1090 4939 1141 5004; x_wconf 90' lang='lat' dir='ltr'><strong>die</strong></span> <span class='ocrx_word' id='word_1_382' title='bbox 1156 4937 1316 5027; x_wconf 82' lang='lat' dir='ltr'><strong>Spaltung</strong></span> <span class='ocrx_word' id='word_1_383' title='bbox 1332 4939 1546 5026; x_wconf 82' lang='lat' dir='ltr'><strong>aufzuheben,</strong></span> <span class='ocrx_word' id='word_1_384' title='bbox 1561 4941 1651 5006; x_wconf 86' lang='lat' dir='ltr'><strong>seinen</strong></span> 
     </span>
     <span class='ocr_line' id='line_1_40' title="bbox 345 5031 1651 5134; baseline 0.005 -36"><span class='ocrx_word' id='word_1_385' title='bbox 345 5031 540 5122; x_wconf 85' lang='lat' dir='ltr'><strong>Vorsehlag:</strong></span> <span class='ocrx_word' id='word_1_386' title='bbox 642 5057 678 5103; x_wconf 92' lang='lat' dir='ltr'><strong>so</strong></span> <span class='ocrx_word' id='word_1_387' title='bbox 692 5039 764 5104; x_wconf 86' lang='lat' dir='ltr'><strong>wirt</strong></span> <span class='ocrx_word' id='word_1_388' title='bbox 779 5061 836 5110; x_wconf 88' lang='lat' dir='ltr'><strong>aue</strong></span> <span class='ocrx_word' id='word_1_389' title='bbox 852 5039 1054 5114; x_wconf 88' lang='lat' dir='ltr'><strong>christlicher</strong></span> <span class='ocrx_word' id='word_1_390' title='bbox 1067 5041 1273 5134; x_wconf 84' lang='lat' dir='ltr'><strong>gutherniger</strong></span> <span class='ocrx_word' id='word_1_391' title='bbox 1289 5043 1356 5110; x_wconf 92' lang='lat' dir='ltr'><strong>und</strong></span> <span class='ocrx_word' id='word_1_392' title='bbox 1370 5052 1522 5132; x_wconf 85' lang='lat' dir='ltr'><strong>getreuer</strong></span> <span class='ocrx_word' id='word_1_393' title='bbox 1534 5041 1651 5110; x_wconf 83' lang='lat' dir='ltr'><strong>wolmei·</strong></span> 
     </span>
    </p>
   </div>
   <div class='ocr_carea' id='block_1_8' title="bbox 0 0 1734 5826">
    <p class='ocr_par' dir='ltr' id='par_1_9' title="bbox 0 0 1734 5826">
     <span class='ocr_line' id='line_1_41' title="bbox 0 0 1734 5826; baseline 0 0"><span class='ocrx_word' id='word_1_394' title='bbox 0 0 1734 5826; x_wconf 95' lang='lat' dir='ltr'><strong> </strong></span> 
     </span>
    </p>
   </div>
  </div>
 </body>
</html>
