3460 5826
401 691 486 744 donec
504 709 593 745 omnes
612 692 842 757 concordaverint;
866 691 972 744 videtur
989 694 1041 744 sibi
1057 687 1128 760 qnod
1151 692 1256 744 interim
1280 693 1314 744 ab
1332 689 1454 759 urgenda
1469 690 1654 743 reformatione

400 780 621 846 supersedendum
639 782 687 844 sit;
713 782 779 846 petit
798 779 937 832 consilinm
963 777 1026 846 qnid
1043 777 1154 845 amplius
1172 781 1199 829 in
1225 779 1342 845 negociis
1368 777 1473 830 concilii
1497 777 1589 828 facere
1613 776 1655 826 de-

400 866 470 918 beat.
483 895 516 905 -
528 869 618 919 Dmen
627 867 695 918 reibt
706 866 762 917 sich
780 867 899 918 offenbar
908 866 956 916 das
970 865 1088 932 concept
1107 867 1179 916 eines
1196 865 1345 916 undatirten
1362 863 1465 915 Briefes
1483 863 1532 914 dea
1549 863 1654 914 Kaisesa
1669 881 1670 884 ¹

401 967 435 1003 an
445 953 530 1004 Luna.
548 954 631 1004 dener
640 953 740 1004 fordert
749 955 827 1005 Luna
834 953 884 1004 aui
898 951 955 1002 sich
969 951 1074 1004 endlich
1092 951 1161 1002 nach
1172 951 1264 1002 'I'rient
1281 967 1315 1002 an
1332 951 1461 1017 hesebon,
1477 949 1611 1001 nachdem
1628 964 1655 998 es

398 1039 500 1106 Vargas
526 1039 557 1106 (s.
576 1040 644 1091 Doc.
662 1037 732 1091 into.
751 1043 775 1106 9,
793 1039 854 1106 307)
872 1039 1004 1106 gelnngen
1027 1039 1074 1088 mit
1097 1038 1158 1089 dem
1181 1037 1279 1104 Papste
1297 1037 1404 1088 betreiis
1427 1036 1473 1088 des
1491 1036 1655 1102 Rangstrcits

400 1127 458 1176 eine
470 1125 669 1192 Vereinbarnng
686 1143 720 1178 aa
731 1127 839 1177 treffcn:
858 1141 926 1192 qnae
945 1123 1030 1194 [ratio]
1049 1125 1125 1177 nobis
1142 1125 1247 1176 ridetur
1259 1125 1370 1176 honesta
1382 1130 1409 1175 et
1420 1139 1506 1191 aequa
1517 1160 1545 1174 ..
1563 1161 1569 1172 .
1589 1121 1654 1171 adeo

398 1218 428 1263 nt
449 1212 609 1264 confidamus
632 1229 690 1264 eam
709 1213 792 1264 Gallis
815 1228 921 1279 qnoque
943 1212 1137 1263 satisfacturam
1150 1251 1156 1266 .
1171 1251 1196 1264 ..
1216 1227 1264 1263 vos
1281 1227 1351 1262 nunc
1369 1227 1457 1262 rursus
1475 1211 1593 1274 benigne
1611 1207 1656 1258 sd·

399 1315 535 1350 monemus
553 1304 580 1350 et
596 1301 751 1365 requirimus
763 1304 800 1364 nt,
818 1298 907 1366 quoad
920 1300 976 1349 eins
987 1313 1102 1364 unquam
1113 1297 1182 1350 fierit
1192 1300 1298 1365 poterit,
1317 1314 1334 1349 a
1342 1298 1516 1365 praeferendo
1529 1296 1654 1346 maridato

399 1388 579 1452 procuratorio
598 1385 668 1452 qnod
692 1402 710 1437 a
726 1387 801 1438 uobis
821 1388 959 1452 accepistis
978 1386 1009 1449 (a.
1028 1385 1097 1437 Note
1114 1385 1160 1437 Ns.
1179 1384 1303 1449 ccvm)
1325 1385 1528 1452 supersedeatis.

466 1525 558 1577 Indem
581 1525 614 1576 K.
638 1524 741 1591 Philipp
765 1525 864 1575 seinem
888 1523 975 1575 Onlrel
1000 1522 1042 1574 die
1067 1523 1226 1576 instruction
1250 1522 1292 1574 fiir
1314 1523 1391 1574 Luna
1413 1522 1561 1574 mittbeilen
1586 1520 1653 1582 lices,

399 1610 502 1661 schrieb
521 1627 549 1660 er
565 1610 620 1661 ihm
640 1610 760 1677 augleioh
784 1626 827 1661 am
845 1612 879 1662 20
897 1609 1014 1662 October
1039 1613 1067 1662 iu
1085 1610 1239 1662 demselben
1257 1611 1337 1662 Sinne
1360 1612 1386 1660 in
1406 1610 1466 1660 dem
1490 1625 1520 1659 er
1537 1607 1654 1659 (ioman

399 1697 530 1748 Beseheid
547 1697 672 1748 ertheilen
689 1695 751 1748 liess
770 1696 824 1763 (Νι.
843 1697 972 1762 ccam).
999 1698 1104 1749 Daranf
1119 1703 1274 1750 antwortete
1290 1695 1443 1748 Fordinaud
1460 1709 1508 1747 ans
1525 1696 1654 1760 Freiburg

399 1799 441 1834 am
460 1786 493 1834 30
510 1785 660 1836 December
679 1787 748 1836 1562.
763 1783 804 1852 (so
823 1785 870 1836 das
888 1785 1045 1836 lateinische
1063 1785 1183 1852 Ooncept
1198 1786 1227 1836 in
1245 1785 1296 1836 den
1315 1784 1503 1848 Concilacten3
1521 1784 1588 1834 aber
1605 1780 1653 1831 alle

398 1885 432 1922 an
450 1870 502 1920 den
518 1871 607 1938 Kttnig
629 1887 683 1924 von
700 1871 815 1936 Spanien
837 1872 892 1922 und
913 1872 1009 1924 dessen
1026 1872 1147 1924 Minister
1169 1872 1315 1939 gerichtete
1332 1871 1477 1922 Sobreiben
1503 1867 1613 1920 worden
1630 1869 1654 1916 in

399 1955 446 2007 das
459 1955 602 2022 Spaniache
615 1957 746 2010 ilbersetzt
762 1957 817 2009 und
834 1960 862 2009 in
876 1957 960 2024 Folge
979 1957 1067 2010 davon
1084 1958 1210 2010 scheinen
1228 1959 1271 2010 die
1288 1958 1510 2024 Auefertigungen
1528 1953 1652 2006 unweileu

400 2044 444 2093 ein
459 2059 504 2093 um
523 2045 608 2110 einige
626 2044 700 2112 'lage
718 2048 835 2111 spitteres
846 2043 946 2096 Datum
964 2045 1083 2097 erhalten
1094 2061 1128 2096 su
1140 2044 1252 2108 haben)=
1355 2043 1432 2107 Quod
1449 2044 1531 2110 igitur
1550 2039 1613 2092 Ser‘¹
1622 2037 1653 2089 V.

399 2129 427 2178 in
444 2131 526 2194 primo
545 2131 650 2182 concilii
673 2130 780 2183 decreto
804 2130 946 2182 difficultas
968 2133 1083 2183 occurrit
1106 2133 1134 2182 in
1151 2133 1239 2183 verbis
1256 2131 1309 2182 illis
1326 2131 1535 2197 proponentibus
1553 2127 1651 2194 legatis,

399 2215 494 2281 quibus
512 2217 655 2269 verendum
672 2223 748 2284 putat
766 2216 847 2268 Serss·
861 2219 893 2270 V.
912 2233 946 2268 ne
963 2217 1014 2269 13³¹
1030 2218 1111 2284 legati
1128 2218 1156 2269 id
1170 2233 1250 2286 agere
1268 2218 1408 2280 voluerint,
1425 2221 1455 2267 ut
1472 2216 1525 2266 boc
1543 2212 1651 2265 affiiicio

400 2303 517 2367 patribus
529 2319 598 2356 novo
612 2305 730 2371 exemplo
743 2303 887 2356 adimerent
905 2304 1058 2356 facultatem
1075 2305 1239 2372 proponendi
1258 2319 1371 2372 eaquae
1383 2303 1548 2370 reipublicae
1561 2299 1648 2351 curu·

399 2390 543 2440 necessitas
561 2390 714 2456 postularet,
732 2391 755 2442 ai
772 2391 867 2456 legatis
884 2392 949 2456 ipsis
966 2391 1152 2456 displicuisset,
1170 2391 1403 2443 animadvertimus
1422 2389 1512 2440 Sermn
1533 2387 1567 2441 V.
1586 2387 1649 2436 idem

399 2475 537 2526 nobiseum
555 2478 662 2548 septim,
688 2479 734 2543 qui
750 2493 799 2528 nos
816 2492 920 2544 semper
936 2477 1032 2528 inimus
1048 2479 1077 2528 in
1094 2493 1127 2529 ea
1144 2479 1275 2530 sententia
1292 2477 1363 2544 qnod
1386 2493 1440 2528 non
1458 2475 1543 2526 solum
1562 2474 1650 2539 legatis
1704 2537 1705 2548 γ

400 2561 516 2626 concilii,
538 2562 586 2614 sed
602 2564 720 2629 patribus
738 2580 851 2631 qnoque,
874 2565 928 2616 imo
946 2566 1025 2616 etiam
1047 2565 1124 2616 nobis
1148 2569 1175 2616 et
1198 2564 1257 2616 aliis
1276 2562 1355 2616 Chr&
1373 2563 1444 2615 orbis
1461 2562 1570 2628 regibus
1587 2561 1649 2626 priu-

402 2647 504 2712 cipibns
526 2651 706 2714 potentatibus
729 2655 757 2702 et
774 2649 895 2703 dominiis
912 2651 1024 2704 liberum
1042 2667 1100 2702 ease
1127 2650 1234 2704 deberet
1250 2653 1279 2702 in
1296 2650 1409 2702 concilio
1424 2663 1572 2716 proponere
1590 2661 1651 2712 quae

400 2733 445 2786 vel
456 2735 564 2800 publica
576 2736 772 2790 nontamen
783 2738 884 2790 utilitas
901 2737 1026 2790 maderet
1041 2737 1085 2789 vel
1100 2739 1228 2805 cuiusque
1244 2738 1319 2804 regni
1337 2742 1365 2788 et
1380 2737 1533 2802 provinciae
1551 2735 1648 2800 privata

401 2824 545 2874 necessitas
562 2824 715 2890 postularet
733 2824 795 2876 hinc
812 2825 913 2876 iactum
931 2829 978 2889 est,
997 2825 1155 2890 campanio
1172 2829 1233 2891 post
1250 2825 1352 2874 initium
1369 2822 1446 2874 huius
1455 2821 1561 2873 concilii
1574 2821 1648 2870 muis-

401 2921 488 2958 semus
501 2911 648 2962 oratoribns
665 2912 760 2964 noenia
779 2912 904 2978 scriptum
914 2911 1046 2977 quoddam
1065 2909 1277 2963 deliberatorium
1290 2909 1323 2961 de
1335 2909 1453 2962 amiculis
1464 2907 1613 2959 nonnullis.
1625 2941 1631 2953 ·
1643 2940 1648 2953 ·

400 2997 427 3044 et
444 2995 494 3059 ipsi
517 3001 633 3048 oratores
650 2999 733 3049 nostri
756 2997 783 3048 id
799 2997 895 3063 legatis
919 3003 946 3050 et
962 2999 1080 3064 patribus
1098 2999 1173 3048 iuxta
1190 2997 1314 3050 mandata
1340 2997 1450 3048 anobis
1468 2998 1581 3060 accepta
1597 3007 1647 3057 pro·
1704 3035 1705 3068 ἶ

400 3095 498 3146 ponere
515 3081 668 3147 voluissent,
694 3081 776 3150 legati
793 3099 857 3134 vero
880 3081 908 3132 id
925 3081 1000 3136 nullo
1023 3083 1102 3136 modo
1127 3083 1327 3136 concedendum
1351 3081 1493 3144 duximent,
1517 3079 1590 3146 qnod
1605 3091 1645 3126 nos

400 3165 429 3216 id
446 3183 612 3235 nequaquam
630 3169 939 3221 dissimulaverimus...
953 3169 1083 3235 siqnidem
1100 3169 1136 3220 ad
1147 3170 1297 3222 libertatem
1310 3168 1415 3220 concilii
1427 3169 1558 3234 pertinere
1570 3166 1644 3214 risum
1704 3169 1705 3200 ³

397 3269 450 3305 non
467 3259 507 3305 est
524 3271 584 3306 cum
601 3259 689 3321 patres
706 3260 762 3306 tum
780 3257 859 3308 etiam
877 3255 970 3308 curs-³
988 3256 1151 3321 reipublicae
1167 3261 1382 3322 potentatus...
1400 3256 1435 3307 ab
1452 3256 1523 3307 omni
1539 3265 1644 3318 prorsus

400 3339 528 3392 facultate
545 3341 708 3408 proponendi
725 3343 753 3392 in
770 3343 883 3394 concilio
902 3343 1014 3398 meludi.
1032 3345 1202 3410 quamobrem
1219 3359 1251 3396 eo
1269 3343 1373 3396 facilins
1391 3344 1533 3394 etiamnum
1552 3343 1644 3390 senten

398 3427 451 3478 tiae
461 3430 628 3494 etproposite
644 3425 720 3479 cert·
733 3427 765 3483 V.
784 3429 961 3495 astipulamur,
979 3430 1051 3497 quod
1068 3430 1172 3482 seilicet
1189 3430 1278 3482 debita
1290 3447 1349 3481 cum
1366 3429 1497 3482 modestia
1512 3443 1529 3477 a
1542 3423 1601 3477 Bri·
1614 3423 1643 3474 le

399 3515 466 3578 gatis
483 3513 599 3579 petenda
611 3515 646 3566 sit
657 3529 781 3580 expressa
796 3515 936 3567 verborum
947 3515 1052 3568 illorum
1064 3515 1217 3580 declaratio,
1235 3533 1288 3570 non
1299 3518 1450 3569 dubitantes
1464 3554 1470 3566 .
1484 3551 1491 3565 .
1505 3552 1511 3566 .
1525 3513 1643 3564 Francius

400 3603 427 3649 et
443 3600 623 3666 Portugalliae
645 3617 721 3668 reges
739 3600 803 3652 Ser*¹
823 3602 856 3652 V.
873 3602 966 3652 itidem
987 3619 1041 3654 neu
1059 3601 1196 3654 defuturos
1214 3619 1280 3669 ease,
1303 3619 1413 3670 quornm
1437 3601 1642 3653 deliberationem

400 3687 607 3750 expectabimus,
633 3687 759 3739 mandata
775 3703 881 3754 quoqne
898 3689 950 3740 iam
969 3690 1058 3740 statim
1076 3689 1162 3741 daturi
1188 3691 1359 3744 adoratores
1375 3695 1486 3754 nosnos,
1504 3693 1534 3738 ut
1550 3701 1606 3738 sees
1620 3685 1643 3731 in

399 3773 515 3836 petenda
532 3773 713 3825 declaratione
740 3779 767 3824 et
784 3775 969 3840 promovendis
986 3776 1020 3826 iis
1037 3789 1106 3842 quae
1129 3776 1164 3827 ad
1181 3776 1328 3828 libertatem
1346 3775 1452 3826 concilii
1477 3780 1503 3825 et
1520 3771 1641 3840 publicam

400 3857 541 3910 utilitatem
557 3865 687 3925 spectant,
706 3876 766 3910 cnm
784 3859 857 3912 aest·
871 3862 903 3912 V.
922 3861 1086 3927 aliorumque
1104 3877 1196 3929 regum
1214 3868 1240 3913 et
1257 3863 1404 3928 principum
1423 3863 1570 3913 oratoribus
1587 3873 1640 3910 eon·

400 3947 510 4013 iungant
523 3985 529 3999 .
542 3983 549 3996 .
561 3982 569 3997 .
588 3951 614 3996 et
626 3949 749 4013 qnoniam
759 3945 839 3998 term
851 3949 883 4003 V.
903 3952 994 4000 censet
1008 3963 1062 3998 non
1073 3949 1150 3998 nimis
1167 3950 1263 4000 acnter
1280 3949 1427 4014 urgendum
1439 3965 1497 4000 ease
1515 3948 1640 4014 negocium

401 4033 601 4096 reformationis,
628 4038 767 4099 propterea
790 4033 861 4100 quod
878 4035 1081 4086 vendicantibus
1098 4033 1193 4100 legatia
1216 4035 1268 4084 sibi
1283 4036 1348 4100 ipsis
1365 4050 1469 4086 omnem
1490 4029 1639 4102 proponendi

401 4118 556 4170 facultatem
579 4120 689 4186 exiguus
711 4121 773 4172 inde
792 4121 971 4186 expectandus
989 4123 1025 4172 sit
1041 4121 1156 4186 noctus,
1179 4137 1232 4172 non
1250 4123 1299 4173 abs
1321 4137 1350 4172 re
1367 4121 1425 4174 fere
1442 4127 1565 4188 putamus
1581 4115 1638 4186 quod

399 4204 463 4256 Serii
478 4207 512 4260 V.
524 4208 639 4256 animum
651 4211 771 4258 noenum
782 4209 896 4274 ingenue
909 4209 1066 4274 aperiamus,
1084 4208 1156 4273 qnod
1167 4207 1272 4260 scilicet
1284 4210 1340 4259 eins
1351 4208 1548 4273 promovendae
1558 4207 1637 4257 hucne

400 4308 450 4358 que
469 4292 595 4344 fuerimus
613 4293 804 4358 studiosissimi,
823 4309 903 4359 quam
922 4299 994 4346 certe
1013 4309 1044 4346 ec
1064 4299 1163 4346 conatu
1179 4293 1324 4360 urgendum
1342 4295 1582 4360 etpromovendam
1593 4305 1634 4340 rna·

400 4381 516 4445 cepimus
533 4385 570 4443 ut,
589 4379 677 4445 quoad
695 4381 750 4431 eius
768 4396 883 4446 unquam
899 4379 957 4432 fieri
973 4386 1072 4446 posset,
1091 4381 1212 4433 omnibns
1229 4382 1385 4433 bactatibns
1396 4385 1635 4446 anteponeretur..-

400 4466 470 4533 quod
488 4482 575 4532 neque
598 4466 677 4517 ser-¹
694 4466 726 4518 V.
750 4484 800 4519 nec
818 4469 957 4534 quisquam
980 4467 1048 4518 alius
1067 4468 1144 4518 nobis
1161 4468 1225 4518 vitio
1243 4472 1336 4532 vertet,
1358 4466 1382 4518 si
1400 4467 1537 4519 evidenter
1554 4463 1636 4517 sinin

400 4553 427 4603 S.
440 4555 548 4619 imperio
566 4569 599 4606 ac
612 4557 699 4621 regnis
718 4559 744 4606 et
762 4555 882 4605 dominiis
894 4555 989 4606 nostris
1001 4553 1183 4605 haereditariis
1195 4555 1380 4605 necessitatem
1393 4555 1622 4608 consideraverit.-

399 4644 581 4690 rerumtamen
604 4647 710 4707 optatus
733 4642 842 4693 aflectus
860 4642 996 4706 bucusque
1019 4641 1069 4706 piis
1087 4642 1156 4692 rotis
1182 4642 1277 4692 nesbis
1299 4657 1353 4692 non
1375 4643 1498 4694 exomni
1523 4647 1592 4709 parte
1604 4649 1633 4686 rt·

401 4724 520 4790 spondet,
539 4728 601 4790 quia
617 4725 690 4778 abad
708 4729 827 4780 obtinere
844 4743 898 4779 non
914 4728 1048 4792 potuimus
1065 4741 1144 4793 quam
1161 4727 1233 4792 qued
1250 4726 1300 4778 ΒΙῐιΙ
1318 4727 1348 4779 O.
1367 4727 1449 4795 legati
1466 4730 1575 4794 polliciti
1589 4725 1632 4780 sint

400 4825 429 4862 se
452 4813 621 4876 epraedicto
644 4815 741 4880 scripto
760 4819 848 4866 nostro
872 4819 1035 4866 extracturos
1057 4813 1234 4878 particulatim
1251 4829 1320 4880 qnae
1344 4815 1382 4867 ibi
1400 4821 1528 4882 congesta
1544 4818 1591 4866 siut
1603 4825 1631 4860 rt·

400 4896 561 4948 formationis
579 4899 667 4964 capita
684 4905 711 4950 et
727 4915 760 4951 ea
778 4900 916 4952 commodo
935 4916 1041 4968 qaoque
1057 4905 1175 4967 tempore
1192 4902 1311 4968 patribus
1324 4903 1514 4976 proposituras,
1531 4899 1594 4969 qnod
1608 4909 1632 4946 ne

399 4988 632 5050 postponatur...
666 4984 746 5036 officii
769 4989 851 5038 nostri
874 4988 991 5039 caesarei
1015 5003 1072 5038 esec
1094 4989 1250 5038 arbitramur
1272 4988 1404 5054 praefatos
1421 4989 1488 5040 Bm·
1506 4988 1534 5040 O.
1552 4988 1633 5053 legatos

400 5068 530 5120 interdum
540 5071 772 5125 commonefacere.
790 5073 838 5124 sed
850 5072 877 5123 id
888 5075 989 5140 egimus
1001 5073 1111 5125 honeste
1125 5079 1152 5124 et
1163 5077 1249 5127 actori
1261 5090 1350 5127 sumus
1362 5077 1475 5142 posthac
1485 5079 1521 5129 ita
1537 5073 1630 5142 placide,
