3468 5820
1349 517 1411 587 ut

90 715 174 774 esset
197 717 336 776 statuere
358 709 399 775 ad
420 719 525 776 utrem
545 721 672 797 partem
693 711 897 789 inclinarent,
922 710 1066 777 seeundo
1095 709 1269 776 sanandas
1295 717 1412 797 rogant

89 820 119 875 et
138 819 176 876 ιιι
196 812 387 899 simpliciter
407 835 466 901 per
486 815 620 880 verbum
642 814 751 902 placet
764 814 999 900 respondeatur
1013 814 1197 880 admonent
1221 823 1349 880 ventum
1362 822 1411 879 est

88 913 130 978 ad
151 937 230 980 rem.
255 915 351 1002 longe
365 919 471 982 minor
484 939 560 1005 pars
575 929 702 1004 patrum
718 941 783 984 non
798 917 926 1004 placere
943 917 1006 984 sibi
1020 917 1103 982 dixit
1123 926 1160 983 ut
1180 916 1411 1000 declararetur3

6 1077 7 1098 ,
85 1016 230 1105 reliquae
254 1018 338 1086 duae
359 1020 487 1086 fuerunt
509 1023 707 1088 sententiae:
745 1020 845 1088 altera
868 1043 978 1088 eornm
1008 1021 1125 1109 quibus
1148 1020 1335 1106 simpliciter
1357 1018 1410 1085 de·

6 1129 8 1176 l
85 1120 203 1187 clarari
223 1122 383 1209 placebat,
406 1122 508 1190 altera
529 1128 581 1191 eui
602 1124 753 1211 placebat
774 1123 912 1212 quidem,
941 1123 998 1190 sed
1019 1125 1065 1188 ita
1086 1132 1123 1188 ut
1144 1145 1287 1189 summus
1308 1123 1410 1210 ponti·

83 1223 138 1289 lex
162 1233 240 1291 ante
264 1225 491 1294 consuleretur.
525 1225 587 1293 boe
610 1226 643 1294 S.
667 1227 703 1294 O.
725 1229 794 1293 M*
816 1251 858 1294 ex
885 1227 1032 1313 catalogo
1061 1228 1285 1314 episcoporum
1315 1247 1410 1314 quem

82 1337 150 1392 tnm
180 1331 370 1394 miseramus
397 1329 576 1416 intelligere
608 1333 719 1417 potuit
752 1329 806 1395 hic
834 1331 1041 1397 vehementer
1067 1331 1221 1394 miramur
1250 1327 1409 1417 quomodo

81 1433 192 1496 ausint
214 1432 385 1516 affirmare,
407 1431 510 1498 multo
532 1432 641 1520 plures
664 1433 762 1498 fuisse
786 1455 841 1499 eos
864 1435 920 1520 qui
943 1432 1089 1500 absolute
1106 1431 1263 1498 declarari
1279 1431 1408 1514 nollent,

82 1556 156 1599 cum
179 1533 313 1622 publico
336 1537 518 1601 testimonio
540 1537 689 1601 convinci
716 1537 849 1623 possint
874 1545 970 1624 atque
998 1539 1043 1601 ita
1072 1557 1145 1602 eum
1166 1536 1208 1601 D.
1232 1535 1330 1621 legati
1352 1557 1411 1600 sua

81 1641 236 1723 opinione
253 1638 401 1715 ,frustrati
422 1648 530 1705 essent
552 1648 583 1705 et
605 1663 673 1705 rem
696 1663 789 1706 secus
812 1663 910 1728 quam
932 1643 993 1727 ipsi
1017 1649 1230 1728 speraverant
1252 1637 1406 1706 cecidisse
1464 1657 1469 1674 ·

6 1807 7 1830 ἶ
79 1741 244 1826 viderent,
267 1751 300 1808 et
322 1745 405 1808 inter
426 1744 580 1829 ipsosmet
592 1741 716 1830 legates
740 1743 955 1810 dissensiones
978 1765 1106 1832 queque
1121 1743 1206 1809 hene
1222 1742 1263 1809 ob
1279 1763 1409 1808 causam

81 1853 175 1910 ortae
199 1855 317 1930 essent,
340 1845 426 1934 quod
448 1849 714 1932 praestantissimi
729 1846 776 1912 illi
791 1847 854 1912 duo
871 1849 932 1913 viri
948 1869 1028 1936 quos
1039 1847 1133 1913 nobis
1149 1846 1227 1912 deus
1243 1845 1284 1912 ob
1300 1854 1410 1910 nestra

6 1969 8 1980 ¹
78 1957 220 2033 peccata
242 1946 429 2015 hisdiebus
452 1949 576 2035 eripuit,
605 1949 648 2014 ad
675 1972 786 2016 eorum
809 1951 999 2017 sententiam
1026 1973 1090 2016 non
1118 1949 1253 2016 obscure
1275 1969 1410 2038 propen-

78 2050 199 2116 derent
221 2052 277 2139 qui
300 2051 400 2118 divini
422 2053 500 2117 iuris
523 2073 593 2118 esse
615 2053 819 2119 residentiam
841 2053 1002 2136 docerent,
1025 2053 1141 2120 multos
1164 2073 1291 2119 mensos
1313 2051 1406 2117 otiosi

6 2237 7 2240 Ἴ
78 2156 313 2241 transegimus.
345 2177 421 2220 nam
444 2155 520 2219 dum
541 2165 652 2222 mutue
676 2179 710 2222 se
732 2157 855 2224 Romae
876 2159 993 2244 partim
1017 2159 1093 2245 ipsi,
1117 2159 1233 2244 partim
1256 2177 1314 2244 per
1336 2175 1411 2219 suos

6 2309 8 2348 ,
80 2267 244 2324 accusant
265 2267 297 2324 et
319 2257 454 2347 quilibet
475 2268 542 2324 tum
565 2260 626 2346 ipsi
642 2283 765 2326 summo
787 2261 930 2347 pontifici
954 2271 1020 2325 turn
1043 2259 1258 2326 cardinalibus
1282 2279 1412 2324 causam

6 2405 8 2458 ,
81 2385 180 2428 suam
203 2362 342 2449 probare
365 2363 538 2448 contendit,
562 2361 722 2429 tabellarii
745 2375 777 2430 et
792 2387 940 2432 cursores
962 2364 1046 2431 ultro
1063 2365 1208 2451 citroque
1225 2363 1411 2446 mittuntur3
1531 2406 1536 2414 ·
1593 2365 1595 2372 ’

82 2487 144 2532 nos
170 2467 299 2532 interim
320 2467 355 2531 in
377 2487 501 2532 summe
524 2469 588 2533 etio
611 2470 759 2534 vivimus.

190 2569 308 2636 Postea
329 2579 460 2636 ventum
483 2579 531 2636 est
553 2570 595 2636 ad
616 2572 839 2636 tractationem
862 2570 904 2636 de
919 2569 1040 2637 ordine.
1063 2569 1116 2636 hie
1136 2570 1252 2636 iterum
1268 2569 1344 2634 dum
1360 2569 1412 2632 isti

6 2661 7 2702 ³
83 2695 174 2760 qnae
197 2671 318 2740 Christi
340 2666 537 2740 instititicne
561 2681 592 2740 et
613 2673 685 2760 lege
709 2675 870 2760 episeopis
893 2672 1050 2739 debentur
1072 2671 1170 2738 veluti
1192 2674 1331 2759 pervim
1347 2671 1412 2737 adi-

6 2855 7 2858 *
82 2785 188 2860 munt,
214 2783 245 2842 et
265 2778 407 2842 vicissim
431 2777 574 2865 episcopi
598 2799 691 2842 suum
713 2775 774 2842 sibi
796 2779 846 2842 ius
862 2785 894 2842 et
909 2777 1080 2862 septimum
1097 2795 1252 2840 canonem
1266 2777 1300 2840 in
1315 2773 1413 2861 priori

84 2878 228 2946 concilio
249 2879 439 2946 Tridentino
462 2879 502 2946 de
526 2883 749 2967 episcoporum
772 2881 970 2946 institutione
994 2879 1184 2962 eonfectrm,
1216 2879 1269 2965 qui
1293 2877 1357 2942 iam
1378 2878 1413 2942 in

84 2986 234 3050 emnium
263 2985 487 3071 episcoporum
516 2984 664 3049 manibus
693 2992 777 3066 erat,
811 2983 903 3048 reddi
934 2991 1048 3071 petunt
1070 3005 1109 3047 ac
1131 3005 1165 3047 se
1196 2981 1237 3046 ab
1260 2979 1412 3067 antiquae

84 3087 256 3174 dignitatis
279 3089 482 3174 possessione
504 3089 620 3154 iniuria
642 3083 760 3174 depelli
782 3086 1033 3175 presbiterisque
1068 3086 1198 3174 aequari
1224 3091 1409 3171 queruntur,

83 3193 208 3256 senaim
230 3193 263 3256 in
284 3189 355 3256 illas
376 3191 492 3257 iterum
515 3190 718 3257 difficultates
743 3188 922 3255 delabimur
944 3211 1028 3277 quae
1048 3187 1141 3255 nobis
1157 3189 1190 3252 in
1216 3187 1409 3253 residentiae

83 3297 282 3362 tractatione
303 3297 467 3380 negotium
488 3295 701 3361 facessebant
726 3294 914 3360 exoriuntur
937 3292 1070 3358 caedem
1091 3291 1256 3374 factiones,
1280 3289 1412 3355 eaedem

6 3455 7 3460 ,
83 3400 262 3486 practicae,
285 3399 397 3465 eadem
414 3399 528 3464 emnia.
552 3399 607 3485 qui
622 3397 776 3484 pontificii
791 3394 901 3460 haberi
917 3393 1079 3476 volebant,
1104 3415 1157 3459 eos
1181 3393 1413 3480 oppugnabant

85 3525 173 3590 quos
197 3505 314 3568 scirent
336 3502 703 3590 episcopalisdignitatis
726 3521 796 3566 esse
818 3507 1009 3581 assertorec3
1034 3506 1145 3562 contra
1166 3495 1199 3560 hi
1221 3495 1282 3560 illie
1296 3517 1413 3582 magno

85 3615 209 3672 conatu
231 3606 423 3672 resistebant
435 3607 490 3694 qui
505 3608 550 3671 ita
563 3603 761 3692 pontificiam
776 3603 978 3667 autoritatem
994 3598 1173 3682 eveherent,
1195 3609 1230 3663 ut
1245 3599 1412 3685 episcopos

85 3708 170 3776 nihil
193 3732 213 3774 a
236 3709 362 3776 Christo
379 3708 532 3788 obtinere,
556 3707 612 3773 sed
628 3705 785 3794 quidquid
801 3703 957 3769 haberent
979 3711 1036 3768 aut
1059 3702 1222 3788 dignitatis
1246 3711 1301 3766 eut
1324 3711 1412 3767 auto·

86 3815 195 3880 ritatie
217 3823 273 3878 aut
283 3813 520 3888 iurisdictionis,
544 3811 577 3876 id
599 3819 700 3876 totum
722 3809 789 3874 lere
806 3805 989 3894 pontificiae
1011 3803 1195 3871 liberalitati
1217 3811 1249 3868 et
1270 3804 1413 3890 benigni·

87 3919 148 3984 tati
173 3925 341 4003 acceptum
364 3937 435 3980 esse
456 3914 625 3980 ferendum
647 3911 863 3979 clamitabant.

196 4019 261 4086 Ubi
283 4027 390 4084 autem
413 4017 529 4084 dieitur
551 4016 649 4082 fuisse
671 4038 770 4080 unum
793 4037 834 4079 ex
861 4011 1007 4100 patribus
1036 4011 1171 4098 quisue
1194 4011 1263 4075 iure
1287 4031 1321 4076 sc
1343 4031 1414 4097 pro-

89 4147 214 4212 ponere
236 4123 422 4206 affirmaret,
452 4120 486 4186 id
515 4121 561 4186 sic
582 4119 688 4185 habet.
717 4141 791 4183 cum
812 4117 951 4204 Hispani
973 4114 1117 4202 episcopi
1140 4135 1182 4180 ex
1204 4114 1339 4198 septimo
1363 4135 1412 4178 ca-

88 4249 176 4295 none
198 4229 252 4316 qui
275 4231 308 4292 in
330 4226 495 4313 superiore
518 4223 653 4290 concilio
677 4221 840 4287 confectus
862 4219 968 4284 dierat
990 4216 1029 4282 dc
1059 4218 1282 4304 episcoporum
1312 4215 1412 4302 digni·

90 4343 170 4414 tate,
193 4333 368 4419 praecipua
390 4327 552 4418 quaedam
565 4327 666 4394 verba
682 4326 826 4392 detracta
841 4345 911 4388 esee
934 4321 1089 4408 elegatis
1111 4319 1412 4386 animadvertissent

91 4438 124 4501 in
159 4456 263 4523 eoque
294 4434 442 4499 iniuriam
476 4433 699 4518 episcoporum
728 4427 891 4494 autoritati
919 4425 990 4492 fieri
1018 4431 1188 4512 putarent,
1218 4421 1259 4487 D.
1287 4421 1412 4510 legatos

93 4539 244 4606 adierunt
264 4548 297 4602 et
319 4537 359 4602 ab
383 4537 429 4601 eis
452 4555 548 4621 saepe
570 4531 780 4621 postularunt,
803 4553 844 4596 ne
865 4528 955 4594 illum
978 4549 1133 4593 canonem
1161 4523 1227 4591 ulla
1250 4527 1298 4592 sui
1320 4537 1413 4614 parte

93 4645 295 4709 immutatum
316 4645 541 4727 preponerent
573 4633 652 4700 nihil
683 4634 724 4701 ab
753 4635 798 4700 eis
821 4634 994 4720 impetrare
1021 4635 1203 4717 potuerunt.
1238 4651 1311 4694 cum
1334 4651 1411 4695 vero

95 4750 159 4814 iam
181 4747 216 4810 in
239 4739 542 4831 congregationibus
565 4739 741 4804 sententiae
755 4736 939 4800 dicerentur
961 4743 993 4798 et
1016 4731 1093 4798 ordo
1107 4730 1342 4798 Granetcnsem
1365 4755 1413 4798 ar·

96 4849 336 4938 ehiepisccpum
358 4845 525 4931 tetigisset,
559 4842 704 4907 narravit
725 4837 871 4926 patribus
899 4859 933 4902 se
957 4859 1030 4903 cum
1052 4833 1123 4900 aliis
1146 4835 1305 4922 episeopis
1327 4832 1414 4920 apud

95 4956 221 5039 legatos
243 4950 343 5015 fnisse
366 4971 470 5035 neque
492 4946 533 5012 ab
556 4946 602 5010 eis
631 4947 800 5030 impetrare
823 4943 980 5028 potuisse,
1010 4950 1046 5005 ut
1074 4961 1145 5003 cum
1174 4949 1330 5003 maenam
1358 4937 1413 5024 qui

96 5064 160 5130 iam
181 5059 215 5124 in
237 5056 299 5122 boc
321 5051 435 5118 eodem
459 5048 593 5116 concilio
616 5046 780 5114 conlectus
803 5054 888 5110 essct
909 5051 1139 5132 proponerent,
1174 5064 1274 5128 quare
1303 5048 1412 5128 petere
