3532 5832
859 791 1064 877 XXXIII.

584 1016 703 1090 Franz
730 1037 805 1090 von
833 1015 974 1088 Thur-m
1003 1033 1049 1087 an
1078 1012 1151 1086 den
1182 1011 1332 1096 Kaleon

800 1168 893 1234 Rom,
910 1170 927 1218 8
945 1167 1025 1220 duni
1044 1167 1135 1216 loeo.

619 1349 799 1406 Concilacteu.
825 1351 972 1424 Oriqinal5
993 1351 1024 1405 ia
1045 1355 1134 1421 ter-90:
1157 1349 1197 1401 17
1219 1346 1298 1402 Jum’.

403 1530 511 1598 Hodie
534 1530 590 1596 ΒΜ
613 1531 646 1598 S.
669 1533 785 1619 legatis
808 1535 957 1600 omnibus
980 1557 1089 1602 coram
1113 1557 1147 1598 se
1162 1533 1286 1597 vocatis
1309 1529 1417 1594 multis
1439 1527 1547 1592 verbis
1562 1525 1633 1590 lon-

299 1658 407 1722 gaque
430 1637 575 1702 oratione
598 1639 764 1724 exposuit,
801 1638 914 1704 videre
942 1661 977 1704 se
1004 1661 1063 1724 pro
1093 1638 1191 1703 totius
1215 1635 1407 1700 christianae
1430 1631 1631 1718 reipublicae

301 1737 404 1804 salute
427 1748 460 1804 et
481 1738 524 1803 ad
545 1737 705 1804 tollendas
733 1739 884 1806 haereses
907 1763 1124 1828 omnesquae
1154 1740 1187 1804 in
1209 1738 1276 1802 fere
1307 1746 1374 1802 tota
1397 1735 1631 1800 christianitate

300 1844 334 1907 in
358 1853 577 1932 contemptum
599 1866 696 1909 verae
719 1843 882 1930 religionis
905 1845 1030 1929 vigent,
1069 1841 1205 1908 concilio
1237 1837 1339 1905 libero
1369 1850 1401 1904 et
1423 1840 1631 1904 oecumenico

303 1969 384 2032 opus
409 1969 480 2012 esse
510 1969 615 2035 eoque
646 1948 804 2031 maxime,
843 1969 917 2013 cum
939 1948 1089 2033 contagio
1117 1945 1199 2010 haec
1222 1965 1333 2010 omnes
1355 1943 1423 2008 fere
1444 1942 1631 2028 provincias

300 2049 464 2130 invaserit,
488 2061 668 2138 putareque
692 2073 726 2114 se
746 2041 921 2136 ¹propterea
943 2051 1098 2135 optimum
1128 2048 1210 2113 dixit
1238 2046 1281 2112 ad
1303 2045 1477 2112 tollendam
1503 2066 1630 2110 omnem

301 2176 423 2218 moram
447 2161 479 2218 et
502 2152 545 2218 ad
568 2153 801 2239 disputationes
825 2152 866 2218 de
892 2152 964 2217 loco
993 2161 1026 2217 ct
1046 2151 1143 2216 modo
1176 2150 1303 2216 concilii
1333 2147 1521 2236 celebrandi
1543 2147 1631 2214 aufe-

300 2255 419 2322 rendas
441 2266 474 2322 et
495 2255 699 2338 avertendas,
723 2265 759 2320 ut
781 2254 955 2320 concilium
977 2255 1151 2342 quodiam
1174 2253 1321 2319 Tridenti
1334 2251 1493 2316 indictum
1516 2260 1585 2316 erat
1600 2261 1634 2315 et

304 2359 346 2425 ab
369 2359 519 2424 omnibus
542 2358 767 2446 approbatum,
792 2359 1006 2442 continuetur,
1030 2379 1104 2422 cum
1126 2359 1316 2444 praecipue,
1340 2357 1367 2420 si
1389 2365 1504 2442 postea
1526 2356 1632 2418 visum

301 2462 406 2545 luerit,
430 2463 463 2527 in
481 2461 622 2549 aliquem
645 2461 742 2526 alium
757 2461 935 2528 idoniorem
956 2459 1064 2527 locum
1085 2461 1252 2526 transferri
1266 2461 1377 2545 possit
1391 2465 1588 2546 quapropter
1602 2467 1634 2522 et

303 2587 403 2638 unum
426 2587 587 2652 quemque
609 2573 754 2631 nostrum
776 2565 929 2649 privatim
952 2562 992 2629 de
1015 2562 1077 2628 hac
1100 2585 1160 2628 sua
1185 2572 1292 2628 mente
1322 2561 1403 2626 alias
1426 2561 1632 2626 admonuisse

302 2679 335 2733 et
355 2690 442 2734 nunc
464 2670 560 2734 etism
583 2691 692 2734 coram
713 2668 800 2733 idem
822 2668 915 2733 nobis
938 2666 1087 2734 omnibus
1109 2665 1239 2752 publice
1260 2688 1393 2731 narrare
1414 2664 1574 2749 voluisse,
1597 2673 1634 2728 ut

301 2772 440 2858 principi
470 2773 607 2859 quisque
630 2792 689 2836 suo
711 2793 771 2858 per
795 2770 998 2838 veredarium
1020 2757 1147 2836 adhoc
1170 2769 1353 2857 specialiter
1374 2771 1462 2836 omni
1485 2791 1559 2834 cum
1582 2791 1631 2833 ce-

302 2873 427 2940 leritate
460 2873 652 2940 mittendum
684 2874 769 2940 hanc
802 2874 855 2940 Sl·
873 2875 905 2940 S.
929 2873 1130 2940 voluntatem
1164 2874 1347 2959 significare
1380 2881 1505 2959 posset;
1543 2881 1576 2937 et
1597 2893 1632 2934 se

302 2978 400 3042 etiam
422 2977 500 3041 Μῐθῐιι
521 2977 562 3042 V.
587 2977 614 3043 O
643 2987 675 3042 et
704 2977 814 3042 Ser¹¹¹⁰⁸
837 2977 1070 3064 Hispaniarum
1092 2977 1339 3064 Galliarumque
1367 3000 1477 3063 regem
1507 2975 1631 3042 dehac

302 3103 337 3146 re
361 3081 529 3147 certiorem
551 3080 731 3146 reddidisse
754 3089 786 3146 et
809 3080 849 3146 de
872 3080 924 3146 die
945 3082 980 3145 in
1002 3080 1089 3146 diem
1109 3103 1300 3168 responsum
1316 3091 1500 3168 expectare,
1524 3101 1633 3166 quam-

303 3184 353 3247 vis
375 3182 439 3250 hoc
460 3185 589 3250 nomine
612 3207 670 3249 suo
692 3184 748 3248 Mu
770 3184 811 3248 V.
835 3183 872 3249 O.
894 3186 1087 3271 proponenti
1109 3187 1316 3250 maturiorem
1346 3183 1632 3250 considerationem

304 3288 473 3374 maiusque
511 3289 664 3374 temporis
698 3286 902 3354 intervallum
935 3290 1152 3354 necessarium
1186 3310 1257 3354 esse
1290 3309 1482 3374 responsum
1514 3294 1570 3351 est
1602 3291 1634 3349 et

304 3390 339 3453 in
362 3388 567 3456 conclusione
591 3391 674 3456 dixit
689 3414 723 3456 se
739 3415 849 3456 omncs
871 3393 1034 3479 principes
1049 3392 1286 3457 admoniturum
1309 3415 1390 3476 erse,
1413 3401 1449 3457 ut
1470 3389 1547 3455 huic
1562 3408 1632 3453 con-

307 3489 379 3556 cilio
412 3491 559 3578 faveant,
592 3504 773 3582 putareque
803 3505 936 3561 cunctos
958 3504 1124 3581 promptos
1159 3518 1231 3560 sese
1255 3495 1476 3578 exhibituros;
1500 3491 1634 3580 quodsi

309 3594 448 3681 aliquem
472 3594 575 3684 (quod
597 3607 707 3662 tamen
728 3599 858 3663 minime
882 3598 998 3683 credit)
1021 3599 1212 3664 renitentem
1235 3599 1402 3681 invenerit,
1426 3619 1491 3662 non
1513 3619 1549 3661 se
1562 3615 1633 3680 pro·

307 3707 422 3783 pterea
444 3699 628 3766 defuturum
651 3700 694 3766 ad
717 3703 825 3767 omnia
847 3723 886 3766 ea
909 3723 993 3788 quae
1008 3701 1051 3766 ad
1073 3700 1136 3766 hoc
1150 3702 1335 3766 necessaria
1357 3711 1459 3782 erunt,
1483 3721 1555 3764 cum
1571 3718 1634 3760 ma·

308 3801 395 3866 xime
417 3801 586 3868 Gallorum
607 3827 667 3870 rex
689 3827 748 3891 pro
771 3804 906 3870 concilio
929 3803 1084 3869 nationali
1106 3806 1170 3868 iam
1186 3803 1343 3869 sollicitet.
1367 3804 1409 3868 ad
1431 3805 1514 3870 haec
1528 3814 1633 3870 autem

310 3927 381 3990 ego,
403 3927 478 3970 nam
500 3909 623 3994 primus
645 3919 720 3995 post
741 3909 923 3996 pontificem
948 3909 1139 3973 sententiam
1162 3931 1268 3972 meam
1291 3908 1368 3991 dixi,
1392 3911 1499 3974 omnia
1520 3911 1553 3973 in
1575 3909 1634 3974 hac

312 4011 447 4074 materia
468 4033 527 4097 per
551 4011 617 4077 8³⁸m
634 4011 667 4076 S.
690 4021 815 4078 mature
839 4012 1043 4078 considerata
1065 4035 1181 4099 meque
1203 4011 1286 4076 haec
1307 4011 1358 4075 M‘'
1375 4011 1417 4078 V.
1441 4013 1632 4099 significatu-

309 4135 380 4176 rum
403 4136 490 4199 esse,
527 4139 651 4204 proque
675 4127 762 4181 certo
792 4116 952 4180 affirmavi
981 4114 1103 4180 nullum
1126 4138 1259 4202 prorsus
1287 4115 1403 4180 laetius
1425 4119 1571 4182 nuntium
1594 4117 1634 4181 ad

308 4216 387 4280 M⁸⁸¹¹¹
397 4217 438 4282 V.
462 4220 631 4304 pervenire
652 4241 748 4306 posse
772 4241 869 4306 quam
891 4217 953 4284 hoe
976 4217 1016 4283 de
1039 4218 1175 4284 concilio
1191 4219 1292 4285 libero
1315 4229 1348 4284 et
1370 4221 1576 4285 oecumenico
1591 4221 1633 4284 fa-

310 4319 424 4386 ciendo
436 4370 445 4404 ,
479 4343 554 4386 nam
588 4322 711 4387 nullum
745 4345 816 4388 esse
838 4322 1017 4407 principem
1039 4323 1073 4385 in
1102 4332 1171 4386 tota
1199 4321 1374 4386 christiana
1395 4321 1562 4408 republica
1586 4324 1634 4387 cui

309 4425 423 4488 maiori
446 4425 542 4490 cedat
571 4424 688 4490 damno
711 4433 743 4490 et
764 4425 968 4490 incommodo
997 4423 1079 4490 haec
1100 4423 1265 4512 religionis
1294 4427 1511 4491 controversia
1541 4448 1633 4513 quam

310 4525 364 4590 M‘¹
379 4527 431 4611 V,
455 4549 556 4615 quare
570 4527 659 4593 nullo
681 4527 778 4593 modo
792 4526 868 4593 huic
889 4529 935 4593 rei
957 4528 1035 4592 Μ“ιιι
1049 4527 1091 4622 Y.
1108 4528 1290 4594 defirturam
1305 4551 1385 4594 esse.
1409 4538 1524 4616 postea
1537 4529 1634 4594 multa

311 4652 369 4716 per
390 4629 432 4695 D.
455 4631 601 4719 Vargam
622 4633 656 4696 in
679 4631 741 4696 hac
762 4633 898 4697 materia
921 4631 1019 4696 allata
1042 4641 1074 4697 ct
1097 4632 1262 4719 disputata
1277 4642 1360 4715 sunt,
1384 4641 1416 4700 et
1438 4631 1567 4698 demum
1583 4655 1633 4697 au-

310 4732 385 4798 ditis
407 4736 542 4800 caeteris
566 4733 636 4799 aliia
659 4735 842 4802 oratoribus
870 4736 981 4822 quiin
1003 4756 1102 4800 unam
1124 4735 1191 4802 fere
1214 4737 1406 4800 sententiam
1433 4735 1532 4801 locuti
1555 4745 1633 4818 sunt,

312 4836 500 4901 conclusum
522 4845 571 4901 est
593 4846 629 4901 ut
650 4839 873 4925 unusquisque
894 4838 1033 4924 principi
1055 4860 1114 4902 suo
1137 4839 1199 4901 ista
1221 4837 1261 4902 de
1284 4859 1383 4903 causa
1411 4860 1508 4925 quam
1531 4837 1634 4904 celler-

310 4940 391 5004 rime
414 4939 579 5005 scriberet.
603 4962 663 5025 ego
686 4963 763 5006 vero
786 4963 860 5007 cum
881 4939 1094 5028 intelligerem
1116 4939 1159 5005 D.
1182 4940 1328 5028 Vargam
1348 4964 1408 5028 per
1428 4941 1635 5027 Tyrolensem

312 5043 511 5128 provinciam
533 5044 680 5107 nuntium
703 5066 796 5109 suum
818 5045 990 5110 missurum
1006 5066 1087 5129 esse,
1110 5043 1169 5108 has
1191 5067 1281 5109 meas
1303 5043 1408 5110 eidem
1423 5044 1498 5110 dedi
1521 5047 1635 5112 adhoc
