3468 5820
1346 495 1406 562 m

99 695 188 760 qnam
211 675 267 762 qui
287 673 350 742 hoc
371 673 491 742 lecerit.
515 699 615 766 quare
636 675 699 744 illis
722 681 776 767 qni
798 679 937 746 hicnon
960 679 1096 750 obscure
1117 689 1269 749 notentur
1292 705 1410 770 magna

95 778 129 844 fit
148 778 270 862 iniuria,
293 801 358 846 non
380 782 464 846 enim
486 782 547 870 ipsi
570 782 743 870 quicquam
764 794 1010 873 proposuerunt,
1034 785 1092 852 sed
1106 785 1149 852 ad
1163 787 1329 874 proposita
1343 807 1409 852 res·

92 881 277 970 ponderent.
302 905 340 948 ac
362 883 390 950 si
412 883 492 974 quid
512 886 546 950 in
569 908 607 952 so
630 895 772 952 erratum
794 896 843 953 est
865 887 954 976 quod
968 887 1114 955 nonnulli
1128 899 1239 978 patres
1253 891 1287 955 in
1303 890 1408 956 dicen·

94 985 140 1052 dis
162 985 200 1052 de
221 985 397 1052 residentia
418 987 584 1054 sententiis
613 987 692 1054 illud
720 990 866 1078 inprimis
896 991 1117 1080 quaerendum
1140 995 1324 1062 censuerint
1346 1015 1409 1084 quo

9 1093 10 1150 l
92 1093 159 1155 inre
181 1089 327 1178 episcopi
347 1089 489 1156 residere
511 1099 696 1171 teneantur,
730 1091 765 1158 id
787 1102 889 1160 totum
917 1092 959 1158 D.
982 1093 1097 1182 legatis
1119 1094 1325 1164 tribuendum
1353 1104 1410 1181 est,

91 1195 136 1258 ita
158 1193 241 1260 enim
264 1204 500 1282 proposuerunt
520 1204 557 1261 nt
577 1193 628 1262 his
651 1194 921 1282 disputationibus
944 1219 1057 1264 ansam
1078 1198 1294 1286 praebuerint.
1325 1199 1412 1290 quod

92 1297 118 1362 si
140 1299 320 1384 quaesiurm
342 1296 384 1363 ab
407 1298 454 1362 ais
476 1297 587 1364 finisset
609 1297 727 1388 quibus
756 1301 907 1384 praemiis
937 1299 1095 1390 quibusve
1124 1303 1236 1388 poenis
1268 1303 1413 1390 episcopi

91 1399 206 1468 adduci
229 1410 371 1488 possent,
393 1410 503 1488 patres
518 1399 559 1466 de
574 1402 686 1487 poenis
702 1409 734 1467 et
747 1404 898 1490 praemiis
911 1403 1162 1490 respondissent,
1186 1403 1411 1494 sedquoniam

90 1505 128 1569 iis
151 1502 258 1571 verbis
292 1504 469 1592 propositio
502 1503 590 1570 facta
624 1514 672 1570 est
705 1526 789 1592 quae
820 1507 917 1572 etiam
938 1506 1018 1574 nihil
1041 1508 1220 1595 cogitantes
1242 1508 1285 1574 ad
1305 1509 1413 1575 varias

90 1607 336 1695 imaginationes
358 1617 582 1696 provocarent,
605 1631 670 1674 non
692 1607 751 1674 fuit
773 1610 887 1676 mirum
911 1611 939 1676 si
961 1611 1062 1700 aliqui
1086 1612 1215 1678 divinae
1229 1611 1310 1700 legis
1326 1635 1413 1678 men·

9 1783 11 1800 ,
89 1713 209 1778 tionem
232 1709 405 1778 intulerint.
439 1735 544 1800 neque
565 1733 643 1778 vcro
668 1711 775 1780 dicere
798 1712 917 1780 debent
938 1714 980 1782 D.
1003 1715 1114 1807 legati,
1142 1715 1222 1781 nihil
1250 1717 1356 1782 minus
1379 1737 1413 1781 sa

8 1879 9 1896 ,
90 1819 122 1882 in
147 1818 254 1882 animo
276 1814 428 1882 habuisse
452 1838 549 1904 quam
571 1824 606 1880 ut
628 1837 666 1880 ea
689 1814 729 1882 de
751 1839 786 1882 re
810 1816 1035 1904 disputaretur,
1059 1841 1132 1886 cum
1153 1820 1336 1888 meminisse
1358 1841 1413 1908 po·

8 1979 10 2040 l

8 2047 10 2110 l

8 1933 10 1950 ,
87 1923 209 1988 tuerint
231 1921 265 1984 in
287 1920 460 2010 praeterito
483 1941 612 2010 quoque
636 1918 771 1986 concilio
794 1920 982 1988 Tridentino
1006 1921 1065 1988 sub
1081 1920 1183 1990 Paulo
1200 1921 1250 1990 111
1265 1945 1336 1990 eam
1352 1923 1414 1990 dis·

88 2024 291 2112 putationem
312 2023 346 2088 in
368 2022 481 2089 eadem
505 2021 735 2090 deliberatione
757 2023 893 2090 multum
916 2025 1035 2112 dinque
1058 2028 1184 2112 magnis
1207 2026 1415 2092 contentioni·

8 2117 10 2166 ²
85 2128 148 2194 bus
172 2137 205 2193 et
220 2129 316 2193 etiam
332 2127 500 2193 contrariis
522 2126 650 2214 scriptis
665 2125 759 2194 editis
775 2129 930 2214 agitatam
944 2128 1055 2195 fuisse.
1077 2127 1159 2195 haec
1173 2140 1282 2196 autem
1297 2130 1357 2196 suit
1371 2128 1413 2194 D.

8 2251 10 2318 t
86 2230 270 2318 legatorum
280 2231 470 2319 propositio:
483 2227 654 2316 diligenter
664 2230 866 2297 considerent
879 2240 985 2320 patres
998 2254 1080 2320 quae
1091 2233 1173 2298 ratio
1181 2233 1254 2298 iniri
1260 2235 1370 2320 possit,
1382 2239 1417 2300 nt

8 2353 9 2368 ¹
88 2335 237 2424 episcopi
249 2343 281 2400 et
291 2333 469 2402 animarum
485 2357 594 2402 curam
607 2332 764 2400 habentes
779 2334 813 2398 in
828 2334 895 2398 suis
908 2334 1052 2400 eeclesiis
1067 2335 1274 2402 residentiam
1286 2336 1415 2402 faciant

88 2441 145 2528 qui
170 2441 217 2504 ita
238 2439 417 2528 generatim
439 2440 599 2527 proponit,
621 2461 728 2504 nonne
744 2436 875 2504 cuilibet
889 2438 1058 2504 materiem
1074 2435 1294 2506 subminisnat
1308 2438 1416 2527 plures

8 2561 9 2574 ¹
88 2545 235 2610 rationes
257 2543 422 2632 cogitandi
437 2543 554 2632 quibus
569 2543 739 2632 episcopos
755 2542 799 2610 ad
813 2541 1020 2608 residentiam
1035 2543 1109 2632 cogi
1123 2564 1219 2630 posse
1233 2543 1417 2611 existimet?

88 2671 128 2714 ac
152 2669 228 2714 eum
258 2646 309 2712 alii
340 2647 419 2713 alias
441 2648 581 2714 rationes
603 2645 799 2732 attulissent,
828 2645 958 2712 fuerunt
986 2645 1083 2735 aliqui
1112 2647 1195 2714 inter
1226 2649 1418 2735 praecipuos

7 2797 8 2820 r
88 2761 203 2838 patres
226 2751 289 2836 qui,
313 2772 386 2818 cum
410 2772 520 2817 omnes
543 2751 701 2816 humanas
725 2752 969 2816 constitutiones
991 2752 1055 2816 iam
1080 2749 1222 2816 amultis
1238 2751 1330 2814 annis
1344 2773 1417 2838 pas·

89 2856 152 2920 sim
176 2861 375 2942 contemptas
387 2855 493 2920 iacere
514 2877 574 2920 nec
587 2863 709 2919 tantum
721 2855 834 2920 virium
846 2851 965 2920 habere
981 2853 1282 2936 animadverterent,
1305 2863 1342 2920 ut
1355 2853 1418 2920 illis

89 2957 237 3048 episcopi
261 2958 443 3046 caeterique
467 2980 577 3024 euram
599 2959 778 3024 animarum
800 2957 957 3024 habentes
982 2958 1015 3022 in
1038 2957 1143 3024 officio
1167 2957 1323 3026 contineri
1344 2979 1418 3044 pos·

89 3069 174 3142 sent,
199 3083 272 3128 cum
294 3071 427 3150 propter
448 3084 559 3128 eorum
583 3062 624 3128 ab
649 3059 792 3128 eeclesiis
815 3064 882 3129 suis
905 3060 1083 3126 absentiam
1106 3070 1234 3148 praeter
1256 3059 1318 3126 alia
1333 3060 1418 3126 mala

89 3169 192 3234 etiam
215 3163 365 3232 haereses
387 3188 498 3232 omnes
520 3167 621 3230 nostri
648 3166 802 3252 temporis
825 3174 954 3232 exortas
978 3187 1047 3230 esse
1070 3164 1267 3248 iudicarent,
1297 3162 1419 3230 nullam

89 3271 154 3338 sibi
177 3269 334 3358 potiorem
356 3269 460 3336 videri
481 3270 638 3336 rationem
660 3269 870 3352 affirmarunt,
893 3291 990 3358 quam
1013 3269 1040 3334 si
1064 3267 1298 3334 demonstretur
1321 3276 1353 3332 at
1374 3266 1416 3333 ab

89 3377 166 3465 ipso
190 3372 325 3440 concilio
348 3371 537 3450 declaretur,
560 3372 767 3438 residentiam
790 3395 855 3438 non
876 3371 1016 3438 humano
1040 3371 1143 3437 solum
1172 3371 1348 3438 sedetiam
1372 3369 1417 3436 di·

89 3481 170 3546 vino
193 3479 262 3544 iure
285 3478 461 3544 institutam
484 3487 516 3542 et
537 3485 743 3565 praeceptam
766 3498 837 3542 esse
860 3475 957 3564 idque
981 3473 1033 3540 vel
1057 3498 1128 3542 eam
1151 3498 1248 3541 unam
1280 3474 1321 3540 ob
1344 3497 1417 3542 cau·

91 3605 165 3648 sam
187 3583 327 3648 maxime
351 3580 459 3648 doceri
481 3579 600 3646 debere
624 3579 841 3663 ostenderunt,
866 3577 953 3667 quod
975 3588 1082 3646 essent
1104 3576 1205 3666 aliqui
1227 3602 1268 3644 ex
1290 3578 1418 3644 iuniori·

92 3687 160 3754 bus
190 3695 222 3752 et
249 3687 439 3774 praesertim
472 3685 645 3750 canonistis
674 3684 835 3771 episcopis
864 3684 920 3771 qui
948 3681 1041 3749 aliter
1068 3683 1226 3750 sentirent,
1250 3703 1355 3770 neque
1384 3703 1419 3747 se

90 3811 233 3879 peccare
256 3791 485 3872 existimarent,
509 3790 578 3854 sive
600 3789 662 3876 ipsi
683 3796 869 3875 praesentes
885 3809 943 3876 per
966 3809 1000 3852 se
1016 3788 1084 3852 sive
1100 3785 1249 3852 absentes
1264 3808 1323 3873 per
1337 3807 1418 3850 mer·

93 3895 243 3962 senarios
265 3915 342 3958 suas
363 3902 473 3980 partes
489 3901 653 3980 utcunque
668 3889 721 3956 vel
736 3891 952 3977 perfunctorie
969 3888 1144 3977 explerent.
1167 3898 1336 3977 praeterea
1350 3889 1419 3956 fore

93 3999 192 4064 etiam
217 4007 265 4076 ut,
294 3997 322 4062 si
343 3995 378 4062 id
400 3995 499 4060 divini
530 3995 609 4060 iuris
639 4018 709 4062 esse
731 3995 851 4082 passim
872 3993 1117 4080 intelligeretur,
1146 3991 1281 4081 posthac
1305 3992 1420 4056 summi

93 4101 264 4190 pontifices
287 4099 330 4166 ad
353 4099 625 4185 dispensationem
649 4098 690 4163 de
711 4121 777 4164 non
799 4096 968 4164 residendo
991 4119 1056 4163 non
1077 4097 1123 4162 ita
1144 4097 1297 4184 propensi
1319 4105 1350 4160 et
1372 4096 1417 4162 fa·

95 4206 175 4274 ciles
206 4214 321 4271 essent.
356 4203 440 4268 hanc
467 4203 657 4268 sententiam
687 4203 741 4290 qui
770 4201 872 4267 secuti
901 4210 974 4266 sunt
1002 4201 1140 4288 Hispani
1171 4210 1203 4267 et
1223 4199 1299 4266 Itali
1322 4210 1419 4287 atque

95 4309 233 4375 aliarum
255 4310 419 4374 nationum
443 4307 595 4394 episcopi,
621 4307 762 4372 omnium
786 4303 906 4371 iudicio
930 4314 962 4372 et
975 4307 1095 4392 pietate
1111 4313 1143 4369 et
1159 4303 1305 4370 doctrina
1321 4306 1419 4370 omni·

94 4413 156 4480 bus
180 4411 250 4478 aliis
273 4409 475 4485 antecellunt
498 4407 560 4475 hoc
583 4419 690 4474 autem
713 4419 886 4496 propterea
909 4407 1011 4475 obiter
1038 4408 1173 4474 dicimus
1201 4406 1289 4495 quod
1305 4407 1337 4473 S.
1352 4408 1419 4474 ΜΨ

100 4517 135 4584 Ο.
161 4539 224 4582 nou
248 4513 346 4580 semel
368 4512 583 4596 mandaverit,
613 4522 649 4578 ut
679 4514 848 4578 certiorem
876 4535 947 4580 eam
975 4511 1154 4578 faceremus
1178 4513 1286 4600 quiet
1309 4511 1420 4602 quales

99 4623 164 4686 sint
186 4619 328 4706 episcopi
351 4619 407 4705 qui
429 4615 513 4682 hanc
529 4615 581 4682 vel
595 4614 683 4682 illam
698 4618 889 4684 sententiam
903 4625 1061 4682 tueantur.
1085 4615 1141 4682 sed
1165 4615 1256 4704 quid!
1279 4616 1357 4682 nihil
1378 4616 1420 4684 D.

96 4725 221 4810 legatos
243 4725 335 4811 peius
358 4721 457 4786 habet
472 4743 567 4810 quarn
583 4720 670 4808 quod
692 4721 737 4785 ita
759 4721 793 4784 in
815 4719 950 4787 concilio
966 4719 1158 4808 praesidere,
1181 4720 1227 4786 ita
1241 4742 1421 4808 proponere

97 4825 228 4910 vellent,
252 4835 287 4891 nt
308 4849 372 4892 non
396 4823 499 4890 solum
521 4823 599 4889 viris
622 4834 654 4892 et
676 4823 779 4890 doctis
803 4833 834 4889 et
855 4823 928 4912 piis,
951 4822 1010 4887 sed
1032 4846 1072 4888 ue
1094 4823 1275 4908 principum
1291 4822 1420 4910 quidem

99 4929 281 4998 oratoribus
310 4931 483 5017 quicquam
510 4929 638 4995 nomine
665 4951 795 4994 suorum
825 4928 1005 5015 principum
1033 4924 1162 5014 publico
1185 4949 1363 5014 proponere
1386 4926 1420 4991 li-

99 5046 197 5120 ceret,
220 5035 277 5102 sed
299 5055 399 5122 penes
421 5033 509 5121 ipsos
531 5042 655 5098 tantum
677 5035 779 5098 omnis
808 5042 840 5098 et
867 5029 1107 5120 praescribendi
1140 5041 1172 5096 et
1200 5029 1360 5096 statuendi
1382 5053 1422 5098 ac
