3532 5832
400 685 444 750 Et
458 687 536 774 quia
550 685 712 753 credimus
722 685 844 752 dictum
860 707 990 774 quoque
1001 685 1119 753 Ser¹¹¹¹²¹³
1131 697 1279 776 nepotem
1295 697 1440 754 nostrum
1451 688 1623 777 Hispania·

298 813 369 856 rum
390 812 500 876 regem
522 789 707 855 habiturum
729 792 762 854 in
777 790 863 856 alma
877 790 958 858 urbe
973 799 1142 876 oratorem,
1166 793 1436 879 operaepretium
1451 794 1520 872 erit,
1535 793 1624 880 quod

299 904 407 960 orator
427 901 537 960 noster
552 917 626 960 cunr
647 893 702 960 illo
725 893 908 960 huiusmodi
924 894 1059 961 consilia
1073 905 1184 962 nostra
1199 897 1420 962 communicet
1442 917 1517 962 nam
1531 919 1622 983 prae·

298 1007 447 1086 terquam
469 996 557 1085 quod
578 996 641 1063 hoc
664 999 862 1064 arctissimae
885 997 931 1062 illi
954 999 1169 1064 coniunctioni
1193 1021 1276 1086 quae
1297 999 1392 1066 nobis
1414 1021 1487 1065 cum
1509 999 1623 1066 eodem

298 1099 393 1167 Ser¹¹¹⁰
414 1123 493 1187 rege
514 1100 693 1185 intercedit,
722 1102 863 1166 maxime
891 1102 1082 1186 conveniat,
1105 1103 1326 1168 existimamus
1354 1103 1450 1168 etiam
1472 1102 1506 1168 id
1527 1102 1625 1170 rebus

298 1204 382 1272 bene
404 1203 540 1291 agendis
561 1202 659 1270 valde
680 1203 893 1291 profuturum.

398 1307 565 1374 Postremo
594 1329 667 1373 cum
688 1306 765 1372 ΒΜ
789 1307 962 1373 cardinalis
983 1307 1152 1392 Moronus‚
1191 1330 1288 1396 quem
1316 1307 1358 1374 ob
1388 1309 1458 1374 eius
1487 1309 1624 1375 virtutes

299 1410 473 1499 plurimum
495 1433 623 1498 semper
645 1410 826 1494 dileximus,
854 1411 919 1476 iam
942 1411 998 1476 diu
1019 1421 1200 1498 temporum
1228 1412 1396 1498 iniquitate
1423 1413 1456 1476 in
1478 1412 1626 1478 custodia

298 1515 434 1581 detineri
456 1515 602 1598 dicatur,
636 1535 695 1580 nos
716 1536 794 1580 vero
816 1536 1012 1601 magnopere
1035 1516 1204 1602 cupiamus
1226 1535 1302 1580 eum
1322 1515 1387 1579 iam
1408 1513 1540 1580 tandem
1561 1517 1624 1602 pri·

296 1620 399 1684 atinae
420 1616 561 1684 libertati
583 1626 616 1684 et
638 1617 786 1704 dignitati
807 1619 1009 1701 restitutum,
1032 1616 1182 1684 volumus
1203 1616 1339 1704 proinde
1362 1625 1394 1682 et
1416 1617 1565 1683 iubemus
1588 1629 1624 1684 ut

295 1731 403 1789 orator
424 1727 534 1788 noster
556 1743 683 1787 omnem
706 1729 856 1786 conatum
879 1719 1049 1803 adhibeat,
1072 1730 1108 1785 ut
1129 1720 1216 1786 idem
1237 1719 1316 1784 RQ·
1338 1719 1494 1786 Morcnus
1519 1721 1623 1788 dimit-

294 1834 381 1891 tatur
413 1834 511 1912 atque
543 1825 642 1890 etiam
675 1825 708 1888 in
730 1815 884 1890 conclave
916 1825 1110 1910 recipiatur,
1139 1832 1298 1910 quatenus
1321 1822 1355 1888 id
1378 1822 1476 1888 salvis
1499 1827 1624 1892 statutis

295 1929 378 1994 sacri
401 1927 528 2014 collegii
549 1926 618 1992 lieri
641 1935 747 2014 queat,
772 1948 880 1993 coram
902 1925 1038 2012 collegio
1061 1935 1093 2021 et
1113 1925 1300 2013 ubieunque
1322 1947 1403 2013 opus
1437 1927 1534 1993 merit
1555 1929 1624 1996 eius

297 2032 513 2098 innocentiam
535 2039 568 2096 et
588 2028 782 2116 probitatem
803 2028 933 2113 tuendo,
956 2037 1068 2116 utpote
1095 2031 1186 2095 cuius
1208 2031 1277 2094 vita
1302 2051 1342 2095 ac
1363 2051 1469 2096 mores
1492 2033 1531 2097 iis
1555 2055 1625 2120 sep·
1684 2061 1692 2072 ·

299 2145 365 2202 tem
392 2136 484 2200 annis
513 2133 631 2221 quibus
652 2133 821 2200 nobiscum
844 2133 877 2197 in
898 2134 1025 2219 magnis
1047 2140 1080 2199 et
1101 2132 1211 2198 arduis
1241 2133 1339 2199 rebus
1361 2135 1394 2198 in
1416 2132 1493 2200 aula
1513 2144 1625 2201 nostra

298 2247 446 2306 versatus
468 2243 532 2321 est,
555 2239 600 2302 its
621 2235 715 2302 nobis
737 2237 873 2323 spectati
895 2238 974 2315 sint,
998 2236 1085 2323 quod
1107 2236 1176 2302 pas
1197 2237 1265 2302 cius
1287 2236 1371 2301 ΒΜ·
1392 2239 1570 2323 patrocinio
1594 2248 1626 2305 et

298 2342 411 2408 lavore
437 2350 547 2406 nostro
570 2339 744 2406 destituere
766 2340 896 2404 minime
924 2359 1090 2426 queamus.
1127 2361 1203 2404 nam
1225 2337 1301 2404 licet
1327 2361 1414 2405 nunc
1437 2339 1563 2407 dicatur
1584 2343 1625 2408 de

299 2445 425 2512 haeresi
446 2451 616 2530 suspectus
638 2465 709 2508 csse
720 2491 730 2526 ,
752 2464 812 2508 nos
833 2451 942 2508 tamen
964 2443 1062 2506 etiam
1090 2463 1221 2529 sperare
1243 2441 1312 2507 Ραιῃῃ
1343 2443 1412 2508 cius
1433 2443 1517 2508 ΒΜ
1540 2447 1624 2510 οιιιιιί

300 2547 396 2635 culpa
416 2569 545 2630 vacare,
567 2546 631 2611 nisi
650 2545 732 2611 forte
747 2546 832 2611 intra
845 2565 968 2631 paucos
983 2566 1085 2610 annos
1100 2545 1241 2610 animum
1256 2553 1421 2630 mutasset,
1445 2547 1532 2634 quod
1548 2571 1625 2615 sane

299 2660 335 2717 ut
357 2651 541 2733 credamus,
564 2672 623 2716 nos
645 2651 787 2714 animum
801 2648 955 2714 inducere
976 2671 1041 2714 non
1062 2669 1173 2734 posse,
1197 2657 1322 2714 tantum
1344 2649 1444 2714 fuisse
1466 2649 1572 2716 zelum
1594 2661 1626 2718 et

299 2753 448 2820 ardorem
470 2776 534 2840 quo
557 2751 749 2819 catholicam
770 2751 958 2838 religionem
980 2759 1124 2816 nostram
1138 2751 1338 2836 defenderit,
1362 2775 1436 2818 cum
1458 2777 1623 2843 nunquam

300 2859 493 2926 senserimus
515 2857 583 2922 pam
603 2858 672 2922 eius
694 2855 778 2920 R⁰³⁸¹²
799 2855 854 2921 vel
869 2855 970 2921 latum
992 2877 1134 2942 unguem
1156 2878 1177 2920 a
1197 2857 1253 2922 via
1266 2858 1411 2923 veritatis
1434 2857 1624 2944 declinasse,

299 2971 335 3028 ut
356 2961 482 3026 interim
504 2958 629 3026 silentio
651 2967 872 3046 praetereatur
885 2960 973 3025 vitae
987 2979 1176 3047 morumque
1191 2959 1343 3026 honestas
1359 2969 1392 3026 et
1413 2963 1625 3028 sanctimonia

300 3088 366 3153 qua
388 3062 537 3130 omnibus
559 3086 594 3129 se
617 3062 876 3129 commendatum
897 3061 1048 3129 reddidit

403 3167 517 3255 Neque
539 3189 617 3233 vero
645 3166 786 3232 sufficiat
812 3168 931 3233 oratori
959 3175 1069 3232 nostro
1099 3188 1229 3232 causam
1264 3167 1342 3233 dicti
1369 3167 1429 3233 R¹¹¹¹
1453 3167 1625 3234 cardinalis

299 3272 362 3338 hoe
384 3271 480 3338 modo
503 3269 757 3358 promovendam
779 3272 964 3356 suscipere,
1003 3265 1061 3335 scd
1092 3269 1224 3336 debebit
1250 3272 1347 3336 etiam
1376 3293 1508 3358 operam
1536 3271 1624 3354 dare,

301 3399 342 3440 an
363 3375 465 3463 possit
487 3373 610 3440 aditttm
632 3373 675 3438 ad
696 3374 765 3438 pan
786 3374 854 3439 eius
876 3372 959 3437 ΒΜ
982 3372 1126 3439 obtinere
1148 3395 1284 3460 eamque
1305 3375 1434 3440 nomine
1456 3385 1565 3440 nostro
1581 3378 1626 3440 vi·

301 3479 398 3544 sitare
419 3486 453 3543 et
474 3476 515 3543 ab
544 3500 584 3544 ea
605 3475 804 3563 intelligere,
843 3475 1036 3562 quibusnam
1058 3476 1153 3542 licitis
1175 3485 1208 3541 et
1228 3476 1371 3542 honestis
1393 3476 1497 3542 modis
1520 3479 1628 3544 existi-

302 3590 368 3646 met
391 3603 425 3646 se
447 3602 468 3643 a
489 3579 582 3645 nobis
604 3581 708 3645 iuvari
730 3601 842 3667 posse,
880 3581 909 3643 ei
931 3578 1131 3645 ostendendo
1154 3579 1242 3667 quod
1268 3581 1339 3666 ipse
1360 3588 1470 3646 orator
1491 3604 1512 3646 a
1532 3580 1627 3648 nobis

300 3685 334 3747 in
355 3681 515 3748 mandatis
539 3683 712 3770 acceperit,
747 3691 782 3746 ut
804 3704 914 3746 omnes
936 3683 1077 3748 rationes
1100 3683 1169 3748 eius
1192 3681 1393 3748 deliberandi
1413 3685 1501 3749 ineat
1522 3694 1555 3750 et
1577 3707 1627 3750 su·

302 3786 432 3873 scipiat,
456 3807 539 3871 quae
561 3785 622 3851 sibi
644 3808 665 3850 a
687 3784 772 3850 dicto
793 3785 863 3849 ΒΜ
872 3785 914 3849 Ι).
932 3784 1095 3852 cardinale
1118 3785 1355 3852 demonstratae
1376 3786 1511 3871 fiterint,
1533 3799 1629 3875 prout

301 3911 337 3955 re
358 3911 438 3955 vera
459 3885 591 3955 easdem
614 3887 856 3975 diligentissime
888 3897 966 3953 tunc
988 3889 1068 3954 inire
1091 3898 1123 3954 et
1144 3893 1294 3977 persequi
1318 3912 1508 3978 omnemque
1532 3913 1627 3957 cona·

301 4001 379 4076 tum,
401 4001 437 4058 ut
458 3993 612 4078 pristinae
633 3990 774 4058 libertati
802 4000 834 4056 ct
862 3991 1010 4078 dignitati
1038 3993 1226 4058 restituatur
1246 4002 1344 4082 atque
1374 3995 1470 4059 etiam
1497 3996 1531 4059 in
1553 4017 1627 4061 con-

302 4095 394 4162 clave
415 4097 598 4182 recipiatur,
622 4094 776 4160 adhibere
800 4091 941 4160 debebit.

401 4197 442 4262 In
464 4197 581 4286 quibus
603 4197 752 4263 omnibus
773 4195 861 4263 idem
883 4207 992 4263 orator
1012 4207 1121 4264 noster
1143 4209 1322 4286 exequetur
1342 4197 1425 4266 bene
1447 4209 1572 4286 gratem
1595 4211 1627 4267 et

302 4321 489 4388 expressam
510 4301 707 4368 voluntatem
729 4309 873 4366 nostram
896 4300 1068 4366 clementer
1089 4325 1168 4388 erga
1189 4304 1294 4389 ipsum
1316 4304 1623 4392 recognoscendam.

402 4405 525 4470 Datum
545 4404 714 4492 Augustae
736 4403 979 4469 Vindelicorum
1004 4405 1044 4470 15
1065 4405 1143 4472 Julii
1168 4407 1261 4472 1559.

865 4705 1066 4713 ᾕ-
