3468 5820
901 823 1020 914 CCL.

434 1043 750 1146 Vertrendtunqen
777 1047 966 1121 rwisctren
995 1047 1082 1122 dem
1112 1045 1245 1120 tisiser
1271 1044 1346 1118 und
1375 1043 1555 1131 tdororr03

740 1216 938 1280 Inusbruclr,
957 1218 1057 1268 7-16
1074 1217 1140 1268 Mai
1160 1218 1250 1268 leet.

439 1407 467 1490 t)
491 1410 691 1496 Responsum
714 1410 746 1476 S.
770 1410 807 1476 O.
830 1409 891 1474 Ml·
914 1407 956 1474 ed
978 1408 1230 1495 propositionem
1246 1407 1300 1472 R¹l
1315 1407 1358 1472 D.
1374 1406 1410 1473 Ο.
1427 1406 1553 1472 Moruni
1567 1427 1653 1491 prae·
1729 1469 1730 1472 ,

332 1521 492 1576 tentatum
516 1513 533 1577 7
558 1514 635 1580 Maii
661 1515 758 1582 1563:
884 1513 1030 1600 concept
1051 1515 1085 1579 in
1108 1512 1172 1578 den
1193 1511 1327 1578 Wiener
1348 1509 1415 1576 und
1438 1509 1603 1576 Absclrrist
1622 1509 1654 1574 in
1729 1507 1730 1512 ’

331 1613 394 1678 den
416 1613 637 1684 Innsbruclrer
659 1616 885 1700 Concilactem
908 1616 1071 1706 gedruclrt
1092 1617 1125 1681 in
1146 1615 1272 1681 Plenclr
1294 1615 1372 1680 laec.
1395 1615 1426 1692 2,
1449 1612 1553 1679 3und
1566 1611 1596 1695 4,
1617 1613 1651 1694 3;
1729 1679 1730 1682 ,

331 1717 474 1784 einzelne
497 1717 619 1787 Stellen
641 1722 674 1786 in
697 1721 801 1807 Reyn.
823 1721 879 1788 Nr.
903 1721 954 1789 88.
978 1721 1028 1788 68.
1052 1721 1094 1790 69
1113 1750 1142 1772 =
1160 1719 1209 1786 Le
1224 1717 1296 1785 Plut
1318 1721 1348 1799 6,
1371 1719 1423 1784 20.
1448 1717 1499 1782 18.
1524 1717 1574 1782 19.

432 1823 468 1908 2)
512 1823 673 1911 Scriptum
717 1827 751 1891 in
793 1825 928 1912 negocio
970 1824 1207 1890 reformationis
1252 1833 1285 1888 et
1327 1821 1493 1889 electionis
1537 1821 1655 1908 episco-

329 1945 459 2012 porum:
589 1927 755 2016 Concepte
778 1929 845 1994 und
865 1927 1103 1995 Reinschristen
1125 1928 1158 1992 in
1181 1925 1246 1992 den
1261 1925 1395 1992 Wiener
1410 1923 1478 1990 und
1492 1923 1657 1990 Abschrilt

329 2033 363 2094 in
386 2030 450 2096 den
471 2031 692 2098 Innsbrucker
714 2031 750 2098 Ο.
772 2030 829 2114 A.;
852 2031 904 2097 die
926 2030 1048 2097 Schrist
1068 2049 1137 2094 wer
1159 2050 1217 2093 sus
1241 2028 1299 2094 der
1320 2031 1353 2092 in
1374 2027 1431 2094 Νι.
1454 2027 1574 2095 ocssL
1595 2028 1655 2092 An-

329 2135 489 2222 merlrung
512 2135 695 2200 erwihnten
717 2133 1054 2202 Commissionsarbeit
1083 2129 1339 2218 ausgeeclrieden
1362 2130 1429 2196 und
1452 2129 1564 2196 wurde
1587 2131 1656 2197 dem

330 2235 483 2305 Cardinel
506 2237 554 2304 als
573 2237 707 2326 Beilege
728 2263 770 2304 au
793 2238 851 2306 der
872 2235 1022 2304 Antwort
1042 2260 1118 2303 vom
1142 2237 1160 2302 7
1184 2236 1250 2302 Mei
1272 2233 1471 2322 ttbergeben.

350 2377 353 2384 ,
431 2341 465 2426 3)
490 2341 526 2408 0.
556 2342 682 2410 Moroni
714 2341 834 2429 replica
864 2341 906 2408 cd
935 2339 968 2408 S.
996 2339 1033 2408 O.
1061 2339 1122 2408 Mn.
1150 2361 1343 2427 responsum
1364 2340 1399 2406 in
1420 2337 1557 2404 materie
1587 2361 1655 2403 con·

330 2443 410 2510 cilii:
543 2445 690 2532 Coneept
716 2448 748 2510 in
777 2446 839 2511 den
864 2445 998 2512 Wiener
1019 2443 1086 2510 und
1108 2443 1278 2511 Abschrift
1298 2444 1332 2510 in
1354 2443 1418 2510 den
1439 2442 1656 2509 lnnsbruclrer

329 2547 366 2614 Ο.
389 2547 447 2630 Α.;
470 2548 633 2636 gedruckt
654 2551 687 2615 in
709 2549 833 2615 Plsnck
855 2549 934 2616 fuso.
957 2550 987 2632 b,
1010 2550 1039 2614 3.

430 2653 463 2735 4)
488 2649 630 2740 Duplicu
664 2652 696 2719 S.
720 2652 756 2721 O.
779 2653 840 2718 ΜΨ
868 2653 910 2718 sd
939 2652 1094 2740 replicem
1121 2651 1157 2719 C.
1186 2651 1329 2717 Moruni:
1459 2648 1656 2735 Conceptin

330 2753 393 2820 den
414 2753 550 2823 Wiener
572 2757 640 2822 und
662 2755 827 2822 Abschrift
849 2759 881 2821 in
905 2755 969 2822 den
989 2755 1211 2822 Iunsbruclrer
1233 2753 1268 2822 C.
1292 2753 1332 2820 A.

466 2895 548 2947 Sacra
565 2897 596 2948 0.
613 2897 674 2948 tir·
692 2899 726 2948 D.
745 2897 776 2948 li.
796 2897 1021 2958 clementissimus,
1039 2897 1172 2963 perceptis
1189 2897 1318 2964 hisquae
1335 2911 1383 2962 per
1400 2895 1477 2946 Bm
1501 2895 1535 2944 D.
1553 2892 1584 2945 c.
1602 2893 1655 2944 uo-

398 2987 489 3046 r'onurn
508 2982 552 3034 ΒΝ
571 2984 605 3034 D.
623 2983 655 3035 N.
675 2983 791 3048 legatum
809 2983 842 3034 ad
861 2982 915 3034 ΙΨ
933 2983 959 3034 S.
978 2997 1063 3048 nuper
1080 2983 1171 3034 datum
1183 2997 1337 3050 responsum
1348 2985 1465 3036 breviter
1482 2990 1510 3035 et
1526 2984 1656 3050 eleganter

398 3069 526 3136 replicata
543 3074 611 3132 sunt,
631 3086 719 3120 rursus
735 3071 901 3136 paucissimis
919 3085 988 3136 quas
1005 3075 1150 3138 sequnntur
1167 3070 1350 3136 respondendo
1369 3071 1485 3122 censuit:

466 3165 562 3226 Quoad
584 3166 597 3215 l
620 3165 768 3217 articulum.
792 3163 864 3231 quod
883 3179 915 3216 ea
938 3179 1007 3232 quae
1026 3181 1085 3216 oum
1109 3165 1250 3218 haereticis
1269 3169 1439 3217 eontmversa
1456 3181 1511 3216 non
1534 3170 1609 3230 sunt,
1630 3169 1654 3215 iu

399 3251 576 3317 disputatione
594 3267 647 3302 non
660 3257 828 3316 revocantur,
841 3252 868 3303 id
885 3253 938 3303 iam
952 3251 1104 3319 expeditum
1123 3257 1171 3316 est,
1183 3253 1324 3302 reservatis
1341 3257 1429 3302 tamen
1444 3253 1477 3302 iis
1494 3267 1565 3318 qnae
1581 3257 1655 3302 antes

398 3353 445 3404 per
462 3338 531 3388 Μιιιιι
553 3337 579 3391 S.
598 3341 625 3388 iu
643 3341 762 3404 proxime
779 3341 900 3405 sequenti
918 3339 1031 3390 articulo
1046 3339 1121 3390 dicta
1137 3343 1206 3390 sunt.
1227 3338 1300 3404 quod
1317 3343 1406 3388 autem
1424 3338 1459 3388 ad
1477 3337 1654 3404 deputationee

399 3426 500 3488 attinet,
513 3425 647 3476 videretur
663 3425 784 3490 protecto
803 3425 848 3476 w*
867 3425 893 3477 8.
912 3427 996 3492 magis
1013 3426 1163 3478 consultum
1176 3425 1248 3491 quod
1259 3439 1391 3491 personae
1408 3423 1559 3474 huiusmodi
1577 3425 1651 3490 depu-

398 3513 542 3564 rationibus
562 3527 595 3563 ex
612 3515 733 3564 omnibus
750 3513 902 3566 redonibus
925 3513 1090 3565 exhibendae
1108 3513 1143 3565 sb
1161 3515 1226 3578 ipsis
1243 3514 1395 3564 nationibus
1412 3513 1610 3563 nominarentur
1626 3525 1653 3561 sc

398 3597 460 3648 Rau
478 3599 511 3649 D.
531 3599 625 3665 legatis
642 3598 785 3664 pontificiis
804 3595 960 3664 etpstribus
978 3601 1012 3650 sb
1030 3599 1124 3650 iisdem
1142 3599 1186 3650 vel
1203 3599 1333 3664 probandi
1346 3599 1390 3649 vel
1408 3598 1565 3664 reprobandi
1582 3612 1651 3662 prae-

398 3675 569 3736 sentarentur.
595 3685 709 3751 ideoque
727 3685 787 3735 pqr..
809 3681 836 3738 S.
862 3684 891 3738 C.
910 3691 1028 3736 snrsnter
1045 3687 1111 3751 petit
1128 3691 1158 3736 ut
1181 3685 1248 3736 Rue·
1272 3683 1307 3736 D.
1327 3683 1431 3751 legatus
1450 3699 1509 3736 esm
1532 3699 1584 3734 rem
1611 3682 1654 3732 utri

400 3785 480 3821 curse
504 3785 562 3822 esse
584 3773 662 3823 sinat.
693 3775 825 3822 caeterum
850 3771 902 3821 hoc
925 3772 985 3822 loco
1012 3785 1085 3822 mens
1108 3767 1163 3822 Mu·
1185 3771 1212 3822 S.
1236 3771 1267 3822 0.
1286 3785 1339 3822 non
1363 3772 1415 3822 fuit
1431 3777 1462 3821 nt
1483 3771 1603 3836 deputati
1624 3769 1652 3820 sb

398 3858 661 3908 exterisnationibus
679 3858 822 3920 mittentur,
841 3854 888 3907 sed
906 3861 936 3907 ut
955 3873 987 3907 ex
1003 3859 1037 3908 iis
1055 3859 1186 3922 episcopis
1205 3863 1232 3907 et
1248 3857 1374 3923 praelatis
1391 3871 1438 3908 seu
1457 3872 1546 3909 eorum
1566 3873 1651 3927 procu·

398 3944 529 3993 tatoribus
547 3944 591 4009 qui
609 3957 679 3994 nuno
697 3945 725 3993 in
742 3945 799 4009 ipso
817 3957 893 3995 storo
913 3943 1027 3995 oonotlio
1046 3959 1078 3994 ex
1095 3943 1176 3994 variis
1194 3944 1346 3995 nationibus
1365 3947 1519 4011 congregati
1537 3951 1599 3997 sunt
1614 3941 1649 3993 vel

398 4029 549 4096 propediem
575 4029 639 4080 illuc
658 4031 791 4082 confluere
810 4037 934 4096 possunt,
958 4031 1180 4096 quemadmodum
1203 4045 1274 4082 nuuc
1292 4029 1326 4081 de
1344 4030 1478 4096 aliquibus
1494 4031 1593 4082 dieitur
1613 4029 1649 4096 qui

400 4131 431 4165 ex
454 4117 577 4167 interiore
601 4117 742 4168 Germania
766 4119 793 4167 in
815 4119 909 4169 itinere
931 4121 1004 4180 sunt,
1023 4116 1141 4183 deputati
1160 4119 1194 4168 ab
1219 4117 1283 4183 ipsis
1306 4118 1459 4168 nationibus
1485 4119 1648 4168 nominentur.

399 4201 469 4267 quod
497 4208 583 4253 sutem
611 4203 645 4253 ad
667 4203 835 4255 vocationem
859 4206 1043 4272 episcoporum
1067 4203 1243 4255 Germanicae
1260 4203 1375 4254 nationis
1401 4207 1518 4269 spectat,
1541 4205 1601 4254 ΜΝ
1620 4201 1648 4260 8.,

398 4290 518 4352 quumvis
542 4289 656 4340 antehac
673 4291 700 4340 in
719 4302 752 4340 ea
768 4307 796 4342 re
815 4289 931 4342 officium
956 4305 1032 4342 auum
1056 4304 1108 4340 non
1127 4291 1209 4342 semel
1226 4290 1400 4355 praestiterit,
1426 4295 1516 4340 tamsa
1539 4289 1648 4340 lubenter

340 4388 344 4396 ·
399 4389 487 4426 rursus
510 4387 616 4441 operam
641 4374 735 4427 dstura
753 4383 840 4427 estut
858 4377 951 4428 saltem
977 4379 996 4428 ii
1019 4378 1065 4442 qui
1088 4377 1144 4427 sine
1162 4376 1276 4427 alicuius
1298 4375 1408 4442 periculi
1432 4375 1474 4425 vel
1499 4370 1646 4426 incommodi

398 4465 469 4510 metu
493 4476 645 4528 comparere
663 4467 786 4528 poterunt
803 4463 985 4530 personaliter,
1002 4462 1096 4530 reliqui
1113 4479 1178 4513 vero
1198 4478 1245 4530 per
1261 4467 1446 4528 procuratores
1464 4477 1526 4514 suos
1553 4473 1644 4526 compa·

400 4553 481 4610 reant,
498 4546 590 4598 sultam
608 4547 654 4598 ubi
672 4549 732 4600 ΜΨ
752 4549 779 4602 S.
799 4550 1014 4602 animsdrertertt
1030 4549 1084 4600 hoo
1101 4565 1206 4600 sacrum
1225 4549 1367 4600 consitium
1386 4547 1474 4600 sdtruo
1492 4564 1539 4614 per
1557 4553 1645 4612 tempu

398 4633 505 4700 aliquod
529 4635 623 4684 durare
642 4635 753 4698 debere,
779 4653 813 4688 ne
831 4636 934 4687 scilicet
951 4637 1057 4688 vocatio
1085 4636 1190 4688 illorum
1214 4634 1260 4687 liat
1277 4635 1430 4686 frustranea.
1450 4661 1483 4672 —
1507 4633 1594 4700 quoad
1616 4629 1644 4680 ll·

399 4721 457 4770 Mu·
480 4721 506 4771 S.
514 4719 544 4770 C.
551 4722 615 4770 eatis
621 4723 673 4772 soit
683 4721 752 4773 hane
758 4721 912 4774 facultatem
919 4722 951 4773 de
965 4722 1088 4774 libertate
1097 4721 1262 4788 proponendi
1274 4736 1328 4772 non
1340 4719 1425 4772 solum
1435 4735 1451 4771 a
1461 4721 1510 4770 itt·
1522 4719 1558 4782 8.,
1569 4729 1643 4768 sunu

399 4807 475 4858 ctiam
496 4807 529 4856 ab
548 4806 606 4857 eliis
625 4806 698 4858 Ghr³¹
721 4809 792 4859 orbis
810 4807 917 4874 regibus
945 4823 978 4859 ac
995 4809 1158 4874 principibus
1175 4807 1256 4874 idque
1275 4806 1357 4858 multo
1376 4805 1511 4857 ardentius
1529 4821 1562 4856 so
1577 4802 1641 4854 vste·

398 4893 510 4943 mentius
528 4893 664 4957 postulari.
688 4900 848 4960 quapropter
866 4893 998 4946 desiderat
1015 4893 1077 4944 ΜΝ
1098 4893 1124 4947 8.
1143 4899 1173 4944 ut
1190 4893 1225 4944 sd
1248 4892 1464 4944 satisfaciendum
1487 4893 1539 4957 piis
1556 4891 1640 4942 illotuflt

398 4980 425 5028 in
443 4979 494 5029 hac
512 4984 587 5045 parte
601 4979 738 5034 desideriis
756 4981 852 5032 diserte
870 4980 964 5032 hocin
982 4982 1038 5047 ipso
1057 4995 1133 5032 sacro
1152 4980 1266 5032 concilio
1286 4979 1443 5040 declaretur,
1454 4983 1485 5029 nt
1501 4995 1555 5030 uon
1571 4975 1639 5027 solun¹

398 5065 563 5132 proponendi
586 5065 699 5122 facultas
721 5066 774 5118 illis
796 5069 898 5134 integra
921 5068 955 5119 sit
973 5068 1017 5134 qui
1039 5081 1097 5118 earn
1121 5067 1154 5118 de
1171 5067 1228 5117 iure
1247 5071 1274 5116 st
1290 5067 1456 5131 antiquorum
1485 5063 1636 5116 conciliorum
