3460 5826
840 789 1125 878 CCXXXIV.

561 1007 641 1082 Der
668 1007 800 1082 Kaisar
827 1027 873 1081 an
901 1009 1035 1083 coinon
1064 1004 1208 1083 Orator
1235 1006 1270 1080 tn
1300 1004 1415 1098 itom3

720 1161 924 1226 lnnsbrnok,
944 1163 982 1214 lt
1000 1160 1154 1214 Februar
1173 1161 1264 1214 1663.

846 1339 1134 1414 neocaesar.
1221 1311 1225 1320 ’

429 1485 588 1552 Nolumus
610 1495 643 1552 te
657 1495 694 1550 ut
707 1483 835 1551 fidelem
850 1484 1031 1550 ministrum
1046 1494 1191 1552 nostrum
1208 1483 1313 1550 celare
1329 1483 1424 1572 quod,
1449 1505 1522 1549 cum
1537 1480 1655 1549 voluis·

326 1609 433 1653 semus
447 1611 534 1654 nunc
548 1597 719 1676 praesente
731 1587 784 1653 hic
796 1586 888 1652 Ser-⁰⁰
902 1587 1122 1654 &manorum
1133 1611 1172 1654 ac
1187 1587 1364 1654 Bohemiae
1376 1608 1454 1673 rege
1466 1584 1532 1654 filio
1544 1595 1655 1650 nostro

325 1689 512 1756 charissimo
530 1713 627 1777 agere
640 1699 672 1756 et
683 1691 865 1756 consultare
880 1690 921 1755 de
941 1690 1145 1778 expediendo
1169 1699 1296 1756 oratore
1310 1688 1399 1754 Dil²¹'
1421 1711 1499 1754 suae
1514 1687 1558 1752 ad
1571 1711 1655 1752 sum·

322 1815 411 1859 mum
425 1794 611 1881 pontificem
626 1817 685 1881 pro
700 1794 841 1881 petenda
857 1803 890 1858 et
904 1794 1107 1882 impetranda
1122 1803 1158 1859 ut
1172 1796 1269 1859 moris
1283 1803 1333 1858 est
1347 1791 1585 1880 approbatione
1600 1813 1655 1856 seu

325 1895 576 1978 confirmatione,
591 1918 785 1985 quocunque
797 1897 927 1963 modern
940 1896 1037 1962 modo
1048 1893 1206 1984 appellari
1217 1895 1323 1980 debet,
1341 1893 1506 1962 electionis
1518 1903 1553 1959 et
1569 1915 1655 1958 coro·

324 1999 461 2064 nationis
484 2021 562 2064 suae
584 2000 695 2085 regiae
710 2000 885 2083 Romanae,
909 2002 1049 2065 occurrit
1069 2000 1164 2066 nobis
1187 1997 1372 2076 difficultas,
1395 1998 1483 2088 quod
1505 2005 1576 2062 tam
1593 1996 1653 2060 cito

321 2121 386 2166 non
415 2113 553 2187 possunt
579 2105 736 2187 repperiri
766 2113 840 2168 acta
867 2102 1110 2190 approbationis
1143 2124 1240 2188 quarn
1263 2123 1348 2168 anno
1373 2101 1454 2168 1531
1477 2099 1585 2166 felicis
1609 2123 1653 2164 re-

322 2203 519 2270 cordationis
542 2203 691 2272 Clemens
713 2205 780 2270 VII
800 2205 895 2271 nobis
918 2227 1014 2293 super
1036 2215 1147 2271 nostra
1169 2205 1327 2270 electione
1343 2215 1376 2270 et
1390 2203 1603 2270 coronatione
1621 2203 1652 2265 in

320 2328 431 2392 regem
453 2307 671 2373 Romanorum
694 2309 862 2373 concessit.
886 2310 995 2395 itaque
1011 2307 1069 2372 tibi
1086 2307 1225 2391 benigne
1241 2327 1281 2370 ac
1295 2306 1429 2371 firmiter
1442 2307 1652 2391 iniungimus,

320 2418 355 2474 ut
376 2410 504 2476 interim
528 2410 605 2478 dum
628 2409 813 2498 diligentius
836 2413 1078 2498 investigamus,
1113 2433 1211 2498 quam
1233 2410 1356 2496 poteris
1379 2409 1596 2474 secretissime
1625 2419 1655 2472 et

319 2532 359 2576 ea
374 2534 440 2598 qua
454 2515 538 2579 scies
560 2513 720 2580 industria
735 2524 767 2580 et
783 2513 974 2580 dexteritate
990 2514 1120 2580 studeas
1135 2511 1229 2580 uobis
1245 2511 1400 2599 consequi
1415 2532 1528 2576 verum
1544 2533 1652 2576 exem·

318 2612 409 2699 plum
430 2615 672 2703 approbationis
695 2617 780 2682 illius
802 2627 947 2694 nostrae,
977 2618 1055 2683 item
1082 2617 1236 2683 orationis
1258 2617 1388 2682 nomine
1410 2623 1520 2680 nostro
1544 2635 1652 2678 coram

319 2713 483 2783 Clemente
505 2718 572 2783 VH
593 2727 669 2784 tuuc
683 2721 838 2806 temporis
853 2718 983 2784 habitae
1006 2741 1045 2784 ac
1059 2721 1231 2784 iuramenti
1247 2720 1274 2782 si
1290 2717 1376 2806 quod
1391 2718 1521 2782 nomine
1541 2727 1651 2782 nostro

317 2819 461 2902 pontifici
484 2830 516 2886 et
538 2820 606 2886 sedi
621 2820 817 2908 apostolieae
839 2823 1029 2907 praestitum
1051 2821 1121 2904 fuit,
1145 2831 1177 2886 et
1199 2821 1341 2885 omnium
1353 2819 1493 2906 denique
1514 2819 1651 2883 instruo·

317 2923 440 2988 tionum
465 2924 707 3011 expeditionum
729 2936 761 2990 et
782 2926 1013 3013 scripturarum
1036 2946 1120 3012 quae
1141 2922 1260 2988 dictam
1281 2921 1555 2987 confirmationem
1577 2943 1650 2986 oon·

317 3042 466 3110 cernunt3
489 3029 538 3092 sin
559 3038 669 3094 autem
691 3050 730 3094 ea
752 3049 834 3115 quae
856 3027 898 3093 ad
921 3036 1063 3092 nostram
1086 3025 1360 3092 confirmationem
1376 3031 1523 3111 spectant
1537 3023 1649 3088 haberi

317 3149 382 3193 non
403 3141 545 3215 possent,
569 3153 662 3196 cures
686 3130 800 3196 saltem
822 3129 880 3194 illa
901 3139 976 3195 acta
997 3129 1140 3195 nancisei
1171 3149 1257 3216 quae
1285 3137 1397 3193 extant
1419 3125 1460 3192 de
1475 3125 1648 3194 ,confirma-

316 3230 403 3295 tione
426 3231 493 3296 divi
515 3233 622 3297 framis
644 3235 747 3297 nostri
769 3233 972 3319 imperatoris
994 3230 1102 3297 Caroli
1124 3231 1155 3296 V
1177 3253 1198 3294 a
1220 3230 1331 3296 Leone
1347 3229 1381 3294 X
1395 3229 1492 3310 sacta,
1517 3227 1646 3316 quando

318 3329 403 3396 Dil2¹⁰
426 3344 457 3399 et
479 3333 546 3400 ΜΨ
569 3335 637 3401 eius
659 3337 798 3422 primum
821 3337 854 3399 in
877 3355 986 3420 regem
1009 3333 1226 3398 Romanorum
1248 3331 1352 3396 electa
1367 3340 1399 3396 et
1414 3341 1567 3396 coronata
1581 3331 1646 3396 fuit.

419 3435 593 3505 Praeterea
620 3439 648 3502 si
676 3438 738 3503 hoc
766 3460 825 3525 per
853 3447 884 3502 te
915 3437 1020 3523 ipsum
1051 3435 1179 3501 efficere
1203 3457 1268 3500 nou
1289 3456 1418 3522 posses,
1440 3433 1592 3498 volumus
1613 3443 1646 3497 ut

315 3559 383 3602 rem
404 3537 541 3606 fidenter
562 3541 741 3627 patefacias
765 3539 960 3606 charissimis
983 3538 1229 3626 amicis-nostris
1251 3535 1318 3602 ΒΝ·
1339 3533 1559 3602 cardinalibus
1580 3536 1645 3600 Mo·

314 3661 404 3724 reno,
427 3641 617 3708 Tridentino
640 3652 673 3707 et
693 3641 887 3728 Augustano
910 3650 942 3707 et
964 3641 1022 3704 ΡΜ
1050 3663 1160 3707 eorum
1182 3641 1253 3704 ΒΜ·
1275 3641 1404 3706 nomine
1426 3649 1537 3704 nostro
1553 3660 1642 3724 roges

313 3753 351 3807 ut
371 3743 430 3809 tibi
451 3743 514 3808 hac
536 3746 569 3808 in
590 3766 625 3809 re
649 3743 770 3809 auxilio
793 3765 865 3809 esse
886 3744 995 3827 velint,
1029 3743 1233 3808 admonendo
1255 3741 1313 3807 hos
1337 3741 1419 3808 duos
1453 3741 1642 3824 posteriores

314 3853 469 3935 tanquam
492 3847 618 3932 imperii
641 3847 814 3934 principes,
849 3845 937 3932 quod
959 3847 1119 3933 pertineat
1152 3845 1196 3910 ad
1218 3844 1408 3929 dignitatem
1431 3851 1464 3906 et
1485 3843 1641 3906 existima-

313 3951 433 4016 tionem
456 3949 582 4036 imperii
604 3951 696 4014 cuius
719 3948 923 4014 conservatio
953 3957 985 4014 et
1013 3946 1157 4014 defensio
1187 3944 1268 4011 psas·
1298 3967 1409 4012 eorum
1436 3944 1504 4011 ΙΨ·
1536 3949 1640 4034 utique

314 4073 411 4118 curae
434 4075 505 4118 esse
527 4051 655 4129 debeat,
678 4051 766 4137 quod
789 4051 847 4116 tibi
872 4053 904 4116 in
925 4049 987 4117 hoo
1009 4049 1145 4136 negocio
1169 4073 1263 4136 opem
1286 4059 1458 4136 praestent

415 4155 567 4240 Inprimis
590 4163 698 4218 autem
722 4175 773 4218 res
796 4154 842 4218 ita
864 4162 958 4220 caute
980 4163 1013 4218 et
1034 4161 1159 4218 secreto
1182 4153 1244 4217 erit
1264 4151 1408 4238 agenda,
1435 4177 1476 4220 ne
1499 4178 1558 4242 per
1577 4153 1638 4219 offi-

313 4256 410 4322 ciales
434 4265 466 4321 et
487 4258 649 4321 ministros
672 4257 855 4342 pontificios
876 4257 1054 4342 scripturae
1068 4254 1143 4320 illae
1160 4255 1378 4340 depraventur
1392 4257 1426 4320 in
1441 4255 1635 4324 commodum

313 4361 422 4424 euriae
444 4359 608 4423 Romanae
631 4367 663 4422 et
684 4359 920 4445 praeiudicium
942 4359 1026 4423 sacri
1048 4358 1232 4443 imperii...

482 4529 557 4580 Nach
576 4531 648 4579 einer
665 4529 866 4596 Aufseichnung
883 4532 910 4580 in
927 4531 980 4580 den
991 4529 1150 4580 Wahlacten
1168 4530 1257 4581 wurde
1276 4545 1310 4581 an
1327 4529 1459 4596 gleiohem
1471 4531 1545 4598 'Paga
1561 4527 1632 4582 noch·

380 4613 446 4664 mals
455 4614 588 4678 befohlen,
601 4615 627 4664 in
637 4614 707 4665 allen
716 4616 914 4682 Registraturen
923 4614 978 4665 und
988 4615 1094 4666 Truhen
1104 4615 1224 4667 diceban
1233 4616 1383 4666 erwt'hntsn
1392 4617 1480 4668 Acten
1488 4633 1549 4668 vom
1559 4615 1631 4668 Jshre

382 4701 446 4750 1⁶³1
467 4715 499 4750 au
517 4699 631 4762 sechem
655 4700 698 4750 dis
721 4699 840 4752 Antwort
863 4716 925 4751 vom
950 4701 980 4751 11
1001 4701 1075 4750 Mttra
1098 4701 1193 4766 besagt
1215 4701 1277 4752 dass
1295 4716 1342 4768 gar
1358 4701 1446 4752 nichts
1463 4703 1630 4769 suipsiuudeu

380 4785 426 4834 sei.
439 4813 473 4822 -
485 4787 533 4836 Am
546 4786 579 4835 22
589 4783 708 4836 Februsr
725 4786 842 4837 schreibt
849 4785 1003 4836 Festinanti
1012 4801 1046 4835 an
1058 4788 1149 4838 seinen
1160 4786 1313 4838 Gesandtsu
1325 4786 1457 4851 (Original
1467 4789 1496 4838 in
1504 4790 1571 4844 Areo
1583 4789 1629 4850 ⁰·i2

379 4869 555 4922 intelleximus
574 4872 719 4924 cuiusmodi
739 4887 871 4923 sermones
889 4885 972 4937 nuper
991 4870 1041 4922 ΒΝ
1065 4871 1136 4922 illius
1159 4877 1247 4922 tecum
1270 4872 1392 4924 habuerit
1414 4889 1495 4940 super
1517 4893 1548 4928 eo
1570 4873 1628 4941 quod

380 4955 547 5007 chaussimus
570 4957 638 5009 lilius
661 4963 750 5010 noster
777 4958 869 5008 Ser-¹¹·
890 4974 937 5008 rex
959 4957 1136 5008 Romanorum
1160 4957 1194 5007 sd
1217 4957 1286 5007 hauc
1308 4957 1339 5009 R.
1363 4962 1464 5026 regiam
1488 4961 1625 5029 digmutsm

379 5045 489 5093 evectus
505 5042 592 5108 fuerit,
610 5045 762 5112 priusquam
784 5059 833 5096 nos
851 5058 868 5095 a
886 5043 925 5095 8²⁸
946 5043 1017 5095 illius
1040 5043 1175 5110 imperiale
1200 5043 1323 5096 diadema
1340 5047 1520 5114 suscepimus,
1544 5061 1589 5117 qus
1602 5046 1625 5093 r'n
