3450 5818
356 733 440 785 praga
456 717 525 768 bene
543 716 571 768 la
581 715 632 768 lii·
649 713 709 766 dell'
719 715 877 782 imperatore
895 728 912 764 a
929 710 1005 764 voler
1022 709 1086 764 dare
1103 710 1196 764 favore
1214 709 1268 762 alle
1281 725 1344 764 cose
1357 706 1395 762 dil
1407 708 1530 772 concilio,
1547 709 1627 761 aceio

356 807 377 854 si
395 819 482 870 venga
500 804 553 855 alla
570 803 745 865 resolutione,
766 801 864 868 perche
883 805 951 851 tutta
969 799 1059 866 quelle
1077 814 1155 865 spese
1173 798 1223 849 che
1241 801 1264 850 ei
1281 799 1310 850 ia
1327 799 1355 848 in
1379 811 1437 848 esso
1463 798 1579 850 concilio
1604 799 1627 850 si

355 896 432 956 potre
448 892 493 956 poi
512 890 561 940 che
579 905 640 942 sara
656 889 730 940 finito
749 890 897 939 convertite
920 889 949 937 in
971 903 1019 937 uso
1044 891 1071 937 et
1094 888 1167 943 aiuto
1188 891 1280 937 contra
1298 887 1332 952 gl'
1345 885 1454 938 infideli.
1490 887 1539 936 Bei
1558 885 1621 935 dem

247 969 249 974 ’
355 979 449 1027 Kaisar
467 976 588 1026 bedurite
608 992 636 1026 es
655 976 719 1025 aber
731 974 835 1024 eolcher
846 973 984 1039 Mahnung
995 973 1069 1022 nicht
1080 973 1160 1023 mehr.
1179 973 1273 1022 Indem
1286 987 1314 1022 er
1326 969 1412 1035 (Briei
1422 987 1470 1022 aue
1483 971 1622 1034 Braudeis,

355 1063 492 1128 20Apr113
512 1063 632 1128 Concept
649 1063 676 1111 in
695 1061 746 1111 den
766 1059 950 1126 Concilacten)
975 1058 1018 1109 die
1040 1074 1094 1109 von
1112 1059 1203 1108 seinen
1222 1057 1352 1108 Oratorem
1366 1058 1422 1108 den
1441 1057 1561 1123 Legaten
1580 1073 1622 1107 er-

358 1149 449 1200 theilte
472 1149 591 1198 Antwort
620 1148 750 1214 guthiese,
780 1146 854 1212 fligte
878 1161 906 1194 er
928 1145 1021 1196 hinnu:
1048 1160 1096 1195 vos
1119 1146 1187 1194 scire
1210 1143 1345 1207 volumus,
1369 1144 1494 1214 quicquid
1517 1145 1622 1194 Rornae

357 1236 539 1286 circumfertur
557 1235 590 1286 de
608 1233 696 1284 studio
715 1237 742 1283 et
759 1247 839 1297 opera
857 1247 936 1297 quam
959 1247 977 1282 a
999 1231 1077 1280 nobis
1099 1233 1226 1296 praestari
1248 1230 1399 1296 perhibent,
1424 1235 1455 1280 ut
1477 1231 1624 1281 concilium

354 1323 523 1374 adraensem
543 1320 723 1386 Septembrem
742 1317 923 1383 suspendatur,
941 1318 970 1368 id
987 1331 1084 1368 vanum
1102 1319 1130 1368 et
1146 1315 1241 1371 falsum
1260 1331 1318 1368 esse
1329 1332 1380 1366 nec
1393 1317 1534 1382 quiequam
1548 1318 1619 1366 eiua·

354 1409 426 1460 modi
443 1425 492 1460 nos
510 1409 562 1460 hoc
580 1413 698 1474 tempore
716 1406 848 1472 requirere
866 1403 911 1454 vel
928 1403 1058 1455 laborare.
1093 1402 1221 1454 lndessen
1239 1402 1331 1454 hatten
1349 1403 1392 1452 die
1405 1403 1558 1454 Geeandten
1571 1418 1622 1452 aua

353 1497 445 1546 Trient
463 1510 507 1546 am
527 1497 559 1544 14
576 1493 650 1559 April
669 1491 861 1558 (Concilacten,
876 1488 1198 1556 Original)gescl1rieben,
1219 1490 1280 1540 dass
1298 1492 1337 1540 sie
1350 1490 1409 1541 dem
1422 1492 1516 1541 Kaieer
1527 1507 1624 1557 wegen

354 1581 401 1632 des
419 1581 473 1632 ihm
491 1580 564 1632 nicht
581 1595 627 1628 zur
644 1579 709 1629 Laet
731 1577 866 1628 fallenden
888 1575 1066 1627 Ausbleibens
1089 1575 1136 1626 der
1160 1575 1305 1626 deutschen
1328 1576 1455 1628 Bischdie
1478 1579 1624 1644 gentlgend

354 1667 533 1732 entechuldigt
551 1664 615 1731 (vgl.
633 1663 776 1714 Mendlram
794 1662 847 1727 91),
866 1663 927 1712 dass
944 1677 1006 1712 man
1023 1661 1080 1712 sich
1099 1663 1165 1712 aber
1180 1662 1251 1714 noch
1262 1664 1356 1713 immor
1371 1661 1624 1715 darilberwnndere

355 1755 417 1805 dare
436 1754 505 1804 auch
523 1765 571 1802 aus
590 1751 641 1802 den
660 1750 814 1802 Erblanden
832 1749 894 1800 keln
911 1748 1024 1799 Bieelroi
1040 1748 1189 1811 erecheine,
1214 1748 1339 1800 wthrend
1357 1749 1427 1800 doolr
1445 1765 1492 1800 aas
1511 1751 1571 1802 dem
1591 1767 1624 1803 ao

352 1840 518 1906 bedrtngtsn
531 1839 640 1905 Uagam
658 1838 715 1888 drei
726 1835 852 1888 Bieclrdle
871 1835 1041 1902 eingetroffen
1060 1837 1139 1886 eciem
1176 1835 1282 1887 Dareui
1297 1836 1452 1888 erwiederte
1463 1837 1622 1891 Ferdinand

353 1925 412 1992 (aus
429 1926 567 1988 Brandeis,
586 1928 620 1976 26
638 1924 735 1989 April):
762 1923 883 1974 Bdhmen
899 1923 969 1974 habe
986 1939 1036 1974 nur
1055 1925 1068 1971 1
1086 1921 1248 1975 Embieohoi
1267 1922 1323 1973 und
1344 1925 1360 1974 2
1378 1922 1518 1986 Bischdie3
1540 1922 1624 1987 jener

353 2015 392 2063 sei
410 2014 437 2062 in
454 2013 554 2074 Trient,
573 2027 625 2061 von
644 2008 696 2060 den
714 2011 743 2060 B.
762 2011 829 2062 abor
847 2011 885 2059 eei
906 2011 978 2059 einer
994 2009 1064 2059 noch
1082 2007 1155 2058 nicht
1168 2007 1317 2062 confirmirt
1335 2010 1401 2058 Wae
1414 2010 1457 2058 die
1469 2009 1625 2060 Bisthlimer

353 2097 534 2150 Oesterreiclre
558 2095 681 2158 betreffe,
709 2112 738 2148 so
763 2097 836 2146 eeien
854 2096 940 2161 einige
957 2100 1068 2158 vacant,
1097 2095 1184 2160 einige
1202 2095 1262 2145 solur
1280 2110 1349 2158 arm,
1377 2095 1464 2161 einige
1482 2093 1553 2145 auch
1571 2097 1623 2146 mit

354 2185 464 2238 solchen
482 2183 626 2235 Biechdien
643 2183 774 2233 vereehen
789 2181 891 2232 welche
909 2197 942 2232 cu
964 2195 995 2231 so
1018 2179 1214 2232 aneehnliclrem
1232 2178 1315 2231 Werlr
1337 2183 1387 2231 wie
1412 2179 1498 2232 dieses
1523 2180 1621 2232 Concil

351 2273 390 2323 sei
407 2271 480 2322 nicht
497 2271 568 2320 wohl
585 2287 618 2321 su
636 2270 812 2336 gebrauchen.
835 2268 924 2320 Andro
935 2267 1085 2318 Blethflmer
1101 2265 1217 2334 lrlengen
1234 2266 1354 2332 anglalclr
1372 2281 1434 2317 vom
1449 2267 1534 2317 Reiclr
1553 2268 1622 2318 oder

351 2373 412 2410 vom
431 2356 761 2424 saleburgerErabisclroi
776 2357 821 2418 ab,
839 2371 868 2406 eo
888 2355 949 2406 dare
968 2354 1014 2406 der
1031 2354 1127 2406 Kaieer
1145 2353 1180 2406 da
1196 2353 1272 2406 nicht
1285 2351 1411 2406 beielrlen
1429 2353 1525 2406 kliune.
1562 2355 1622 2404 Der

352 2443 456 2496 Gurlrcr
480 2443 593 2494 Bischof
620 2443 725 2495 endlich
754 2442 842 2494 werde
872 2441 955 2492 durch
985 2442 1042 2492 sein
1068 2441 1133 2492 Amt
1165 2439 1399 2506 aurilckgehalten,
1442 2439 1517 2491 Nach
1549 2440 1620 2492 Rom

352 2531 415 2580 liese
439 2528 485 2579 der
507 2531 602 2581 Kaieer
626 2544 668 2580 am
690 2529 813 2594 gleiohen
835 2529 910 2594 Tage
934 2531 1078 2578 antworten
1097 2525 1241 2594 (Romana,
1264 2525 1408 2592 Concept):
1440 2523 1518 2586 Quod
1538 2511 1619 2592 porro

355 2614 406 2665 ΒΝ
426 2617 481 2666 eius
500 2630 516 2665 a
533 2614 611 2665 nobis
629 2616 737 2680 requirit
754 2619 784 2664 ut
801 2615 880 2664 rebus
899 2612 1005 2665 concilii
1017 2613 1056 2664 sic
1069 2613 1158 2664 lavere
1172 2613 1316 2679 dignemur,
1333 2615 1364 2662 ut
1375 2611 1404 2661 id
1415 2613 1498 2677 primo
1511 2628 1621 2678 quoque

351 2705 469 2767 tempore
488 2699 592 2752 absolvi
610 2707 705 2767 queat,
731 2701 764 2752 de
782 2717 814 2752 eo
831 2699 906 2750 nulla
923 2701 950 2750 in
976 2701 1053 2750 nobie
1076 2704 1117 2750 est
1137 2683 1293 2762 difficultas,
1316 2697 1491 2762 volumusque
1515 2703 1546 2747 ut
1569 2713 1620 2764 per

351 2790 521 2839 occasionem
544 2785 580 2838 gu
601 2790 658 2838 eius
681 2786 813 2853 significes
836 2801 886 2838 noe
909 2786 1015 2852 quidem
1036 2785 1150 2836 antehae
1173 2800 1222 2851 per
1243 2789 1361 2836 oratores
1379 2789 1407 2834 et
1424 2785 1620 2834 commissarios

350 2880 454 2926 nostroe
471 2874 635 2928 familiariter
652 2880 681 2926 et
697 2889 750 2940 qua
767 2889 816 2938 par
832 2877 873 2924 est
890 2871 1022 2924 modestia
1039 2871 1111 2937 apud
1127 2871 1194 2922 ΒΜ·
1214 2870 1317 2936 legatos
1335 2871 1442 2922 concilii
1461 2871 1561 2936 egisse,
1582 2886 1619 2920 ne

350 2962 428 3012 nimis
445 2965 557 3028 propere
575 2962 610 3013 ad
627 2961 813 3013 mactationem
832 2964 858 3010 et
876 2959 1122 3011 determinationem
1139 2959 1270 3024 potiorum
1288 2956 1459 3008 articulorum
1470 2958 1497 3006 in
1511 2966 1618 3006 contro·

351 3049 464 3098 versiam
487 3047 662 3100 adductorum
685 3046 853 3110 festinarent,
882 3044 929 3094 sed
952 3041 981 3093 id
1002 3045 1048 3108 pia
1071 3049 1098 3093 et
1119 3044 1191 3096 bona
1212 3043 1358 3094 intentione
1381 3059 1398 3094 a
1418 3043 1495 3092 nobie
1512 3041 1617 3092 iactum

352 3148 410 3183 eeso
429 3133 500 3198 quod
519 3133 756 3186 desideraverimus
775 3131 908 3196 expectari
926 3129 992 3180 alios
1011 3130 1090 3179 etiam
1108 3133 1226 3180 oratores
1249 3143 1282 3180 ac
1304 3129 1496 3198 praelatos...
1521 3143 1617 3177 verum

350 3221 496 3283 enimvero,
520 3226 692 3286 posteaquam
709 3217 941 3269 animadvertimus
964 3211 1107 3266 adventum
1130 3214 1236 3266 illorum
1259 3214 1320 3280 plus
1334 3215 1416 3266 nimio
1440 3213 1546 3277 differri,
1564 3229 1616 3264 noe

349 3321 438 3356 rursus
456 3306 596 3358 mandasse
614 3307 690 3356 dictis
709 3305 857 3357 oratoribus
875 3307 902 3352 et
920 3302 1104 3354 commissariie
1121 3303 1231 3366 nostris,
1249 3301 1346 3352 necubi
1364 3315 1397 3350 ea
1415 3314 1482 3365 quae
1500 3299 1536 3349 ad
1554 3316 1615 3365 pro-

349 3390 508 3442 movendum
527 3391 633 3444 concilii
650 3405 817 3458 progressum
833 3390 965 3454 pertinere
982 3385 1142 3438 ridebuntur
1159 3387 1305 3454 impediant
1319 3399 1369 3437 eeu
1380 3389 1551 3448 remorentur,
1565 3384 1614 3435 sed

346 3479 434 3546 potius
451 3477 590 3545 diligenter
606 3477 751 3544 provehere
768 3475 899 3527 studeant

859 3883 1027 3971 CLXV.

586 4105 781 4202 Prospero
809 4103 946 4180 d’Aroo
974 4123 1020 4178 an
1050 4101 1123 4178 den
1151 4098 1299 4192 liaieer3

756 4260 847 4322 Rom,
866 4259 903 4308 22
921 4257 1018 4324 April
1038 4257 1127 4307 1562.

624 4469 760 4524 moena.
789 4466 934 4540 odotem·
955 4466 986 4522 in
1008 4470 1096 4538 toruo:
1120 4443 1256 4522 llMat's

376 4643 551 4710 Dominiea
573 4653 706 4730 passate
727 4645 787 4711 che
809 4645 845 4710 fu
867 4644 922 4710 alli
946 4644 986 4709 19
1015 4643 1048 4708 di
1074 4650 1189 4729 questo
1212 4639 1244 4706 S.
1268 4638 1314 4706 8²⁸
1335 4638 1405 4704 fece
1428 4659 1605 4725 cougrega-

179 4829 186 4842 ⁶
276 4748 363 4813 tione
387 4745 428 4811 de
451 4747 608 4812 cardinali
631 4769 728 4835 sopra
750 4747 780 4813 le
803 4769 878 4814 cose
900 4746 941 4812 de
957 4747 1100 4827 Boemia,
1124 4753 1156 4812 et
1177 4744 1212 4808 iu
1234 4742 1386 4809 concluso
1409 4751 1442 4806 et
1463 4741 1605 4807 resoluto

276 4857 397 4938 quanto
421 4849 485 4914 alla
508 4849 748 4936 dispensatione
772 4849 812 4916 de
833 4850 909 4916 beni
940 4849 1145 4933 eclesiastici,
1177 4844 1238 4912 che
1260 4845 1293 4910 S.
1317 4843 1363 4910 δ’·-
1384 4845 1551 4910 rimetesee
1574 4845 1605 4908 la

276 4977 354 5020 cosa
375 4951 440 5018 alls
462 4957 652 5020 conscienea
679 4955 710 5042 di
733 4955 775 5021 V.
799 4955 856 5020 M¹⁸
879 4965 910 5021 et
938 4953 1032 5022 desse
1062 4952 1224 5018 euthorite
1252 4949 1284 5015 al
1312 4949 1422 5016 nontio
1451 4947 1484 5014 di
1512 4959 1605 5038 poter

275 5058 463 5146 dispensare
492 5058 560 5126 cosi
591 5058 689 5146 quelli
721 5057 780 5124 che
809 5061 837 5123 si
866 5059 1076 5125 comunicano
1106 5053 1167 5124 sub
1196 5064 1350 5143 utraque,
1385 5073 1476 5118 come
1506 5051 1604 5144 quelli
