3532 5832
306 682 342 738 nt
365 672 504 739 ecelesia
527 671 580 737 dei
601 695 666 738 non
688 675 892 762 permittatur
914 674 971 740 diu
991 681 1122 762 pastore
1145 674 1284 758 destitui,
1308 675 1366 740 sed
1388 676 1494 742 cidem
1507 677 1635 767 absque

307 798 399 842 mora
419 776 626 862 praeficiatur
647 776 720 842 talis
740 777 888 864 pontifex
913 777 1042 865 qualem
1057 777 1139 844 haec
1160 786 1342 864 temporum
1356 780 1497 846 conditio
1519 784 1632 868 exigit

305 901 381 944 nam
403 881 430 944 si
451 879 479 944 is
501 879 554 945 dei
568 879 768 967 benignitate
789 879 987 968 reipublicae
1009 881 1170 967 obtingat,
1191 902 1280 946 nuno
1302 879 1413 946 divina
1433 882 1634 971 benignitate

306 981 453 1048 confecta
473 1003 555 1068 pace
577 991 610 1048 et
640 981 855 1048 reconciliatis
877 983 1019 1050 Serum*un
1041 1006 1155 1070 regum
1188 983 1419 1070 Hispaniarum
1450 993 1485 1050 et
1505 985 1635 1054 Galliae

307 1086 436 1168 animis,
459 1107 523 1152 non
541 1085 646 1152 levem
661 1107 751 1174 spem
764 1109 836 1153 csse
852 1087 1073 1174 tranquilliora
1083 1093 1229 1173 tempora
1239 1109 1318 1153 mox
1329 1097 1541 1154 consecutura
1554 1089 1634 1156 fore.

406 1188 501 1255 Licet
521 1211 598 1276 ergo
622 1211 661 1256 ea
688 1193 794 1256 omnia
816 1193 881 1257 sint
908 1213 1000 1257 sacro
1021 1191 1075 1256 isti
1103 1189 1239 1277 collegio
1266 1211 1369 1278 usque
1396 1190 1480 1258 adeo
1502 1199 1580 1259 nota
1601 1201 1637 1258 et

306 1293 485 1377 manifesta,
508 1301 544 1359 ut
566 1315 843 1381 supervacaneum
858 1294 1008 1362 videatur
1029 1317 1069 1360 ea
1082 1294 1128 1360 illi
1150 1295 1184 1360 in
1198 1295 1386 1362 memoriam
1406 1317 1562 1362 revocare
1577 1305 1635 1362 aut

306 1398 402 1462 etiam
417 1398 505 1484 ipsos
519 1397 595 1462 Re·
613 1397 657 1463 D.
681 1398 862 1465 cardinales
884 1401 917 1466 in
932 1399 1088 1466 electione
1110 1399 1187 1465 novi
1209 1397 1369 1485 pontificis
1392 1399 1490 1466 officii
1512 1401 1562 1464 sui
1578 1399 1634 1465 ad-

304 1522 457 1584 monere,
491 1523 556 1566 non
577 1503 721 1588 potuisse
748 1511 857 1568 tamen
889 1525 950 1569 nos
976 1503 1030 1590 pio
1053 1501 1123 1568 zelo
1152 1511 1186 1567 et
1205 1501 1367 1568 iuvandae
1389 1501 1633 1568 christianitatis

306 1603 413 1670 studio
436 1602 550 1670 ductos
565 1606 782 1690 intermittere,
807 1607 886 1694 quin
899 1607 958 1671 ΡΝ
978 1628 1090 1672 eorum
1110 1605 1185 1671 aa·
1204 1604 1362 1672 benevole
1377 1604 1633 1691 adhortaremur,

305 1717 341 1773 ut
361 1707 462 1773 velint
486 1729 601 1774 cavere
623 1731 664 1774 ne
686 1708 843 1776 ecclesiae
866 1709 986 1775 diutius
1009 1731 1108 1796 quam
1130 1708 1309 1775 condeceat
1330 1715 1363 1774 et
1384 1717 1532 1796 oporteat
1553 1732 1632 1796 pon·

305 1810 392 1878 tifioe
413 1822 446 1878 et
465 1821 597 1899 pastore
619 1811 796 1878 carendum
816 1815 868 1898 sit,
891 1835 931 1880 ao
953 1811 1127 1880 inferendis
1150 1811 1310 1898 suffragiis
1332 1813 1476 1900 privatos
1498 1811 1633 1878 affectus

306 1920 339 1980 et
359 1915 527 2002 passiones
548 1923 752 2002 postponere,
775 1917 834 1982 sed
855 1939 967 1982 omnes
990 1937 1066 1982 suas
1082 1916 1294 2001 cog'tationes
1316 1916 1424 1981 omnia
1445 1914 1634 1995 oonsilia.et

305 2039 416 2084 omnes
431 2017 570 2105 denique
583 2027 719 2086 conatus
741 2020 785 2085 ad
799 2019 954 2088 honorem
969 2041 1008 2086 ao
1029 2019 1159 2086 laudem
1174 2019 1400 2106 omnipotentis
1416 2019 1469 2085 dei
1491 2041 1633 2086 necnon

305 2121 483 2188 catholicae
504 2122 668 2209 religionis
689 2133 819 2189 nostrae
848 2145 889 2188 ao
911 2124 1008 2189 totins
1037 2121 1278 2188 christianitatis
1307 2121 1478 2187 utilitatem
1501 2145 1632 2189 conver

305 2235 373 2292 tere
395 2225 557 2313 talemque
578 2225 762 2313 pontificem
785 2225 919 2312 eligere,
956 2227 1011 2314 qui
1033 2224 1181 2290 doctrina
1203 2247 1263 2290 sua
1284 2233 1318 2290 et
1338 2224 1523 2312 inculpatae
1545 2228 1633 2293 vitae

305 2327 453 2415 exemplo
476 2327 645 2394 ecclesiam
668 2328 721 2394 dei
743 2337 830 2394 recte
852 2327 1013 2394 moderari
1035 2349 1074 2393 ao
1095 2349 1208 2415 regere
1224 2329 1307 2393 sciat
1326 2329 1431 2415 iisque
1445 2328 1576 2395 dotibus
1591 2331 1634 2396 sit

304 2431 485 2519 praeditus,
523 2453 605 2519 quas
626 2431 708 2498 haec
730 2441 877 2519 tempora
897 2432 932 2496 in
953 2429 1106 2518 pontifice
1132 2431 1275 2498 maximo
1302 2431 1484 2518 requinmt,
1521 2441 1554 2498 et
1575 2435 1632 2520 qui

305 2557 431 2601 onmem
454 2557 565 2600 curam
588 2544 621 2601 et
641 2535 889 2602 sollicitudinem
912 2534 1089 2600 commodis
1115 2532 1315 2621 reipublicae
1337 2533 1505 2621 impendat
1527 2559 1631 2602 suam-

305 2661 368 2728 que
389 2637 588 2705 voluntatem
609 2640 643 2704 in
664 2638 782 2705 alenda
803 2637 946 2704 fovenda
967 2635 1226 2724 stabiliendoque
1249 2635 1497 2704 christianorum
1518 2661 1631 2726 regum

305 2767 345 2810 ac
366 2745 547 2831 principum
562 2744 703 2808 amicitia
723 2765 806 2830 paee
821 2750 853 2808 et
866 2740 1097 2828 tranquillitate
1117 2763 1180 2806 neo
1200 2763 1267 2806 non
1280 2741 1486 2828 procuranda
1506 2765 1631 2828 promo-

305 2847 476 2936 vendaque
511 2847 659 2913 omnibus
692 2846 797 2912 modis
830 2845 1023 2912 christianae
1055 2843 1220 2931 religionis
1247 2854 1377 2912 nostrae
1405 2845 1580 2911 concordia
1600 2855 1633 2913 et

305 2953 427 3017 unitate
450 2973 524 3016 oum
544 2957 656 3016 nostra
669 2949 836 3016 voluntate
851 2950 1035 3035 coniungat,
1059 2947 1153 3014 sicuti
1175 2946 1277 3035 probe
1300 2949 1419 3014 scimus
1439 2971 1504 3016 non
1518 2949 1632 3018 deesse

306 3051 412 3120 adhuc
437 3054 471 3118 in
497 3055 558 3120 isto
581 3061 788 3120 sacrosancto
811 3052 947 3139 collegio
969 3061 1002 3118 et
1027 3050 1140 3119 ordine
1154 3051 1256 3119 bonos
1278 3052 1350 3140 pios
1372 3051 1516 3118 eruditos
1531 3054 1631 3119 iustos

305 3159 395 3244 pacis
428 3166 461 3224 et
491 3156 731 3245 tranquillitatis
760 3156 973 3242 omnibusque
994 3156 1150 3222 virtutum
1175 3157 1318 3221 numeris
1346 3154 1512 3222 absolutos
1533 3157 1630 3240 viros,

302 3283 439 3350 quorsum
461 3283 543 3325 unus
565 3259 727 3326 inlocum
750 3259 892 3326 defuncti
915 3281 989 3325 cum
1017 3281 1136 3344 magna
1164 3257 1410 3325 christianorum
1436 3259 1631 3346 populorum

299 3365 436 3430 utilitate
458 3372 491 3430 et
513 3364 681 3431 commodo
704 3363 810 3430 suffici
831 3373 863 3429 et
884 3363 928 3428 ad
949 3363 1012 3430 hoo
1031 3361 1195 3451 pastorale
1208 3385 1325 3430 munus
1341 3363 1417 3450 eligi
1433 3373 1540 3452 queat.
1579 3365 1631 3430 eui

299 3469 375 3534 Bm·
394 3489 504 3534 eorum
525 3467 585 3532 1³¹⁶·
611 3466 810 3534 consultores
839 3476 871 3532 et
901 3465 1052 3533 authores
1078 3487 1150 3532 esse
1179 3466 1300 3550 velint,
1339 3476 1377 3534 ut
1397 3468 1633 3555 quamprimum

305 3581 450 3659 optatum
476 3571 613 3638 liberum
635 3581 668 3637 et
690 3572 929 3638 oecumenicum
953 3569 1123 3636 concilium
1138 3569 1300 3636 indicatur
1314 3593 1354 3637 ac
1375 3593 1499 3638 summe
1520 3593 1631 3638 neces-

300 3677 386 3741 saria
407 3673 591 3742 reformatio
612 3673 803 3740 universalis
825 3674 1010 3741 instituatur
1030 3683 1064 3739 et
1083 3673 1128 3739 ad
1150 3673 1299 3740 effectum
1321 3673 1535 3761 perducatur,
1558 3695 1631 3740 eum

299 3778 380 3846 hacc
403 3779 444 3843 sit
463 3779 518 3844 via
541 3777 861 3864 compendiosissima
875 3776 1082 3842 christianam
1102 3775 1336 3864 rempublicam
1357 3785 1406 3844 tot
1426 3779 1460 3842 in
1474 3776 1629 3863 religione

300 3882 505 3970 opinionibus
521 3880 693 3948 dissectam
716 3880 758 3946 ad
773 3901 872 3945 unum
887 3901 1001 3946 verum
1016 3902 1145 3945 sonsum
1160 3879 1213 3946 dei
1227 3879 1427 3968 benignitate
1441 3878 1628 3946 reducendi.

301 4009 385 4075 quae
408 4009 485 4052 sane
508 3987 616 4051 omnia
637 3983 759 4051 eisdem
781 3984 852 4049 Rei·
867 3984 909 4049 D.
932 3982 1167 4067 cardinalibus,
1197 4005 1335 4072 qnorum
1356 3992 1434 4051 nota
1456 3993 1506 4050 est
1526 3984 1632 4071 pietas

301 4099 333 4156 et
360 4089 499 4156 afflictae
520 4086 718 4176 reipublicae
741 4087 933 4154 christianae
955 4087 1165 4154 succurrendi
1188 4087 1402 4169 desiderium,
1440 4109 1537 4152 curae
1564 4086 1633 4153 fore

301 4195 431 4259 minime
454 4192 662 4279 ambigimus,
691 4213 763 4257 oum
786 4213 851 4256 non
873 4192 1022 4277 ignorent
1043 4190 1076 4256 id
1097 4190 1240 4256 flaturum
1263 4211 1345 4277 opus
1367 4189 1429 4256 deo
1451 4197 1579 4276 gramm
1601 4199 1633 4256 et

303 4305 487 4383 acceptum,
524 4294 722 4382 reipublicae
750 4294 944 4360 christianae
977 4293 1151 4360 admodum
1178 4293 1396 4360 necessarium
1430 4303 1462 4360 et
1489 4292 1631 4359 salutare

305 4409 482 4487 sanctaque
497 4399 574 4465 sede
590 4398 766 4486 apostoliea
789 4397 1032 4485 dignissimum
1056 4397 1144 4485 quod
1166 4397 1209 4462 ad
1231 4419 1291 4463 nos
1313 4397 1436 4480 attinet,
1459 4397 1571 4462 datum
1593 4397 1631 4462 in·

306 4528 326 4570 a
348 4503 441 4570 nobis
465 4523 606 4590 operam,
628 4503 718 4567 utin
741 4502 882 4567 iuvando
903 4510 969 4566 tam
992 4503 1123 4589 egregio
1145 4510 1179 4567 et
1197 4501 1252 4588 pio
1274 4500 1469 4566 R'¹¹¹¹¹¹¹¹³Ptum
1489 4498 1524 4567 S.
1546 4501 1632 4566 insti·

302 4615 371 4673 tuto
392 4606 487 4672 nobis
508 4627 569 4672 nec
590 4605 788 4672 voluntatem
810 4627 871 4671 nec
893 4604 1035 4670 sardium
1058 4604 1197 4671 defirisse
1220 4606 1367 4670 sentiant.
1410 4605 1533 4670 interea
1553 4627 1631 4670 vero

304 4733 364 4776 nos
376 4733 418 4775 ex
434 4711 540 4775 animo
556 4717 702 4775 oraturos
719 4707 823 4792 deum,
836 4717 873 4772 ut
887 4715 1010 4774 mentes
1023 4707 1166 4794 ipsorum
1177 4707 1289 4773 ΒΙΜΠΙΙΙΙ
1303 4707 1514 4774 cardinalium
1529 4709 1631 4773 saneti

307 4815 355 4879 sui
379 4814 509 4901 spiritus
524 4813 629 4898 gratia
649 4811 829 4878 illuminare
844 4820 876 4878 et
886 4833 999 4898 regere
1013 4809 1100 4895 velit,
1123 4833 1164 4876 ne
1179 4812 1212 4875 in
1227 4809 1290 4876 hac
1304 4809 1461 4878 eloctione
1475 4809 1627 4875 aliorsum

303 4939 401 5005 quam
429 4914 471 4982 ad
494 4917 563 4981 eius
586 4915 729 4981 divinam
759 4913 887 4979 laudam
917 4936 957 4979 ao
985 4913 1141 4980 ccclesiae
1167 4913 1237 4980 eius
1264 4912 1430 5000 publicam
1457 4912 1625 4979 utilitatem

303 5026 458 5108 spectent.
