3468 5820
1335 468 1340 477 ’
1378 497 1444 578 trs

116 679 258 749 concilio
281 679 324 748 ad
345 693 533 776 perpetuam
555 687 602 752 rei
624 691 811 759 memoriam
827 687 954 759 disertis
976 685 1083 756 verbis
1105 681 1273 772 declarari,
1297 686 1356 755 sed
1370 699 1447 775 post

115 792 252 882 longam
274 801 499 866 tractationem
520 800 650 868 tandem
666 798 890 866 descendimus
906 796 949 864 ad
963 795 1026 864 boc
1039 793 1180 862 medium
1196 792 1284 881 quod
1297 794 1332 860 in
1346 795 1446 883 scrip

114 904 196 968 turis
219 904 340 970 nostris
371 913 475 984 extat,
504 907 555 972 oui
582 914 692 972 tamen
719 927 783 970 non
811 905 857 970 ita
884 925 943 970 nos
970 900 1179 968 asbinximus
1207 907 1244 964 ut
1272 907 1445 985 propterea

114 1003 213 1070 nobis
238 1006 377 1096 amplius
399 1031 465 1074 non
486 1011 529 1076 sit
550 1010 711 1095 integrum
737 1011 888 1076 assistere
917 1005 990 1074 aliis
1013 1004 1146 1092 regibus
1175 1025 1215 1072 ac
1241 1003 1444 1092 principibus
1501 1029 1506 1053 =

113 1107 359 1178 christianitatis
382 1123 416 1180 et
435 1116 637 1201 potissimum
658 1113 805 1202 patribus
828 1113 970 1196 concilii,
999 1111 1130 1200 quaudo
1159 1111 1193 1176 in
1224 1132 1263 1178 ea
1286 1110 1448 1178 sententia

113 1223 226 1280 essent
248 1219 487 1302 perseveraturi
509 1217 597 1306 quod
617 1218 718 1286 verba
739 1217 796 1284 illa
822 1216 1075 1305 proponentibus
1103 1215 1219 1302 legatis
1248 1215 1282 1280 in
1306 1213 1442 1282 concilio

111 1317 250 1404 publica
282 1318 393 1409 eliqua
427 1320 691 1409 interpretatione
715 1321 875 1388 declarari
904 1319 1068 1390 deberent
1106 1317 1244 1384 libenter
1273 1327 1444 1405 praeterea

113 1421 339 1490 intelleximus
361 1426 470 1492 comiti
492 1424 532 1491 de
554 1425 649 1492 Luna
672 1425 915 1493 convenientem
930 1425 962 1488 in
979 1423 1115 1490 concilio
1129 1422 1238 1493 locum
1253 1421 1442 1490 attributum

111 1525 229 1612 fuisse,
253 1536 285 1593 et
307 1529 395 1615 quod
417 1529 613 1617 sperandum
642 1529 684 1596 sit
704 1530 847 1595 fubrrum
874 1537 910 1594 ut
938 1529 1036 1593 etiam
1062 1528 1095 1593 in
1122 1527 1273 1614 proxima
1301 1528 1444 1591 sessione

111 1630 322 1698 commodum
350 1631 457 1700 locum
486 1632 645 1717 obtineat,
673 1655 715 1699 ne
742 1642 875 1720 propter
903 1631 1156 1699 controversiam
1187 1631 1339 1695 sessionis
1360 1630 1444 1694 inter

108 1735 221 1821 ipsum
236 1744 269 1802 et
284 1747 427 1803 oratores
442 1737 636 1825 regisltlhr'*¹¹
649 1735 771 1824 aliquid
794 1734 990 1802 difficultatis
1011 1736 1045 1802 in
1060 1732 1196 1801 concilio
1213 1734 1342 1798 oriatur.
1359 1730 1441 1798 illud
1508 1739 1509 1742 ’

109 1849 226 1908 autem
251 1843 338 1931 quod
361 1841 499 1910 scribitis
523 1843 564 1910 15
586 1847 732 1930 proxime
754 1843 854 1910 futuri
875 1843 993 1908 mensis
1013 1841 1065 1908 die
1079 1849 1189 1928 patres
1208 1835 1443 1904 deliberaturos

109 1946 255 2028 primum
278 1945 319 2012 de
342 1955 429 2015 certo
452 1947 561 2037 aliquo
583 1947 710 2015 futurae
733 1946 885 2014 sessionis
909 1946 970 2026 die,
993 1945 1220 2033 permolestum
1243 1941 1337 2008 nobis
1360 1943 1444 2007 acci-

109 2047 174 2134 dit;
199 2073 308 2137 neque
331 2054 416 2120 enim
438 2075 609 2138 possumus
635 2061 684 2120 tot
706 2051 877 2120 dilationes
898 2061 935 2118 ut
956 2074 1042 2140 quae
1062 2049 1160 2118 rebus
1190 2049 1261 2116 istis
1290 2046 1445 2114 concilia·

108 2151 203 2218 rubus
226 2153 363 2220 multum
386 2155 567 2222 detrimenti
590 2155 717 2222 adferre
740 2153 845 2222 solent
866 2154 1016 2246 probare.
1045 2154 1087 2221 ad
1113 2153 1196 2220 haec
1225 2176 1291 2220 non
1319 2150 1443 2239 absque

109 2279 213 2323 cansa
252 2261 408 2326 miramur
447 2269 569 2325 tantam
612 2281 735 2325 moram
777 2281 836 2347 per
873 2260 1029 2346 ipsosmet
1074 2259 1145 2324 1³³⁰·
1182 2256 1307 2344 legatos
1345 2254 1443 2322 rebus

107 2362 240 2428 concilii
280 2363 388 2443 iniici,
434 2387 507 2431 cum
542 2373 652 2430 tamen
691 2364 764 2429 RN·
807 2363 961 2430 Moronus
981 2429 985 2438 ,
1003 2361 1039 2430 id
1083 2385 1206 2430 summo
1246 2359 1335 2448 apud
1378 2381 1439 2424 nos

108 2464 221 2532 studio
257 2469 390 2552 urserit,
427 2475 465 2533 ut
501 2467 671 2534 concilium
707 2476 864 2555 quantum
899 2465 969 2531 lieri
1004 2476 1115 2554 posset
1137 2464 1374 2534 acceleraretur
1410 2471 1443 2530 et

107 2569 153 2636 ad
186 2571 287 2636 finem
318 2570 568 2658 perduceretur,
612 2571 700 2660 quod
722 2580 824 2653 certe,
860 2573 887 2637 si
921 2569 1079 2640 eiusmodi
1111 2593 1222 2640 morae
1252 2593 1311 2660 per
1339 2569 1441 2656 ipsos·

108 2682 176 2740 met
199 2673 326 2761 legatos
346 2676 531 2760 inferentur,
561 2674 721 2764 quomodo
749 2676 892 2742 futurum
919 2677 1054 2744 sitnon
1085 2676 1255 2744 cernimus.
1299 2681 1443 2740 ceterum

111 2775 153 2844 de
175 2777 373 2846 residentiae
394 2778 526 2848 decreto
554 2779 802 2866 expectabimus
830 2778 908 2866 quid
934 2779 1066 2848 undem
1094 2778 1271 2868 aliquando
1298 2777 1443 2843 futurum

110 2882 160 2946 sit
185 2882 276 2970 quod
297 2891 405 2950 autem
428 2886 542 2952 attinet
563 2883 606 2952 ad
627 2905 791 2951 sermones
807 2883 1043 2972 archiepiscopi
1056 2883 1300 2966 Lancianensis,
1325 2879 1443 2970 quibus

109 2993 142 3050 te
165 2986 550 3074 Quinqueecolssiensem
584 2986 792 3075 compellavit
812 2988 891 3054 satis
913 2986 1030 3054 acerbe
1057 2987 1241 3054 accusando
1270 2988 1443 3074 episcopos

110 3087 323 3170 Germaniae,
355 3091 444 3178 quod
466 3091 509 3160 ad
531 3091 703 3158 concilium
730 3113 838 3179 neque
863 3091 997 3158 veniant
1025 3092 1088 3177 ipsi
1115 3113 1177 3160 neo
1203 3093 1332 3158 mittant
1361 3109 1440 3157 suos

108 3203 347 3278 procuratores,
369 3217 429 3262 nos
453 3195 583 3282 quidem
606 3195 775 3262 laudemus
791 3204 825 3261 et
845 3193 1019 3262 clementer
1045 3194 1221 3281 probamus
1248 3217 1439 3282 responsum

109 3303 213 3381 mum,
237 3300 389 3385 quoniam
412 3302 575 3386 sapienter
590 3308 622 3366 et
643 3300 795 3387 apposite
810 3297 856 3366 illi
870 3297 1080 3384 respondisti3
1103 3299 1316 3386 inposterum
1331 3309 1440 3366 muron

110 3399 209 3466 robis
232 3401 411 3468 curandum
433 3405 494 3470 crit
516 3413 552 3470 ut
574 3411 734 3491 quatenns
756 3424 900 3490 unquam
921 3401 991 3468 lieri
1013 3403 1131 3488 poterit
1151 3401 1236 3467 hauc
1252 3401 1439 3489 disputatio·

109 3525 184 3570 nem
209 3506 346 3574 evitetis
371 3529 444 3572 num
467 3508 552 3574 enim
573 3507 668 3574 nobis
690 3527 757 3572 nou
771 3513 970 3593 compertum
986 3507 1027 3572 sit
1044 3504 1085 3573 de
1100 3503 1266 3573 voluntate
1281 3505 1439 3574 dictorum

110 3611 337 3697 episcopcrum
361 3608 564 3694 Germaniae,
588 3612 667 3699 quin
687 3612 796 3698 potius
817 3631 996 3693 vereamur,
1020 3617 1183 3692 utcunque
1205 3611 1320 3676 iterum
1342 3618 1440 3696 atque

109 3713 227 3780 iterum
249 3724 454 3795 moneantur,
482 3737 602 3802 magna
628 3714 700 3782 illos
727 3713 901 3780 adductum
927 3713 966 3778 iri
996 3711 1202 3797 difficultate,
1233 3723 1271 3779 ut
1296 3711 1349 3780 vel
1377 3714 1441 3798 ipsi

109 3815 326 3904 personaliter
346 3821 380 3885 in
403 3819 540 3889 concilio
563 3839 750 3905 comparare
771 3816 825 3884 vel
847 3815 962 3884 saltem
976 3825 1201 3903 procuratores
1220 3839 1295 3884 suos
1310 3819 1437 3884 mittere

110 3924 220 4003 velint,
243 3945 451 4010 nequaquam
474 3945 551 3991 sane
572 3931 677 3990 tutum
699 3931 756 3988 ant
777 3921 958 3988 consultum
972 3919 1166 3986 arbitramur
1180 3921 1346 4007 graviores
1363 3945 1439 3988 oon-

111 4029 272 4094 tentioues
295 4027 459 4113 suscipere
480 4024 522 4090 de
544 4025 699 4092 facultate
721 4033 754 4090 et
775 4032 934 4112 potestate
957 4021 1087 4092 dicendi
1103 4045 1141 4090 ac
1157 4024 1298 4110 suffragii
1315 4022 1440 4091 ferendi

111 4129 375 4215 procuratoribus
398 4128 527 4199 illorum
548 4127 731 4208 tribuenda,
762 4127 888 4216 quiesi
910 4126 1090 4192 istiusmodi
1111 4126 1295 4194 sacultmmn
1317 4126 1439 4195 obtine·

110 4255 218 4300 remus
252 4242 286 4302 et
316 4243 422 4304 tamen
455 4231 663 4300 nihilominus
696 4252 790 4298 nemo
827 4251 870 4296 ex
897 4239 988 4316 parte
1010 4228 1184 4296 eomndem
1214 4232 1439 4318 episcoporum

111 4337 241 4404 adesset
268 4339 324 4424 qui
351 4335 535 4404 huimmodi
561 4337 735 4424 impetrata
761 4332 915 4402 facultate
944 4341 1100 4407 uersum,
1133 4332 1169 4400 id
1198 4333 1438 4419 proculdubio

111 4440 203 4508 multi
224 4441 302 4507 vitio
324 4439 418 4506 nobis
442 4439 548 4508 daturi
570 4449 686 4510 essent.
721 4437 931 4527 quamobrem
959 4443 996 4500 ut
1024 4435 1144 4503 dictum
1172 4446 1223 4503 est
1251 4438 1352 4504 satius
1380 4439 1440 4506 erit

111 4545 191 4610 tales
214 4542 447 4630 disputationes
470 4554 626 4632 quantum
647 4545 718 4610 fieri
738 4542 848 4630 potest
870 4539 1080 4627 supprimere.
1110 4540 1161 4604 sin
1183 4547 1291 4608 autem
1312 4539 1368 4608 ΒυΙΙ
1389 4541 1437 4606 le-

33 4703 34 4708 ,
113 4648 179 4732 gati
202 4645 275 4714 illos
297 4669 409 4714 rursus
430 4647 596 4716 vocandos
619 4670 690 4716 esse
719 4651 901 4726 censerent,
932 4643 1078 4729 poteritis
1105 4640 1168 4708 illis
1196 4643 1229 4708 in
1256 4641 1439 4731 hasprae

113 4771 244 4837 operam
267 4759 299 4816 ct
320 4750 634 4818 auxiliumnostrum
651 4750 784 4824 defmre.
808 4769 905 4836 porro
926 4745 1076 4833 quoniam
1090 4756 1254 4832 postremo
1275 4745 1349 4814 loeo
1364 4747 1438 4814 sub·

112 4852 250 4940 iungitis,
274 4856 302 4920 si
325 4853 404 4942 quid
425 4835 561 4940 postlrac
582 4853 720 4919 velimus
742 4873 840 4938 agere
863 4849 904 4916 de
927 4843 1036 4930 catice,
1061 4845 1245 4935 colliganda
1266 4849 1335 4916 fore
1350 4852 1437 4918 testi·

112 4958 219 5024 monia
241 4957 435 5027 sufficientia
450 4959 483 5024 in
496 4959 624 5045 scriptis
639 4957 863 5044 episcoporum
879 4951 1082 5034 Germaniae,
1104 4975 1168 5018 uon
1190 4973 1362 5039 possumus
1377 4976 1437 5018 vos

113 5065 275 5149 tamqnam
297 5059 496 5128 consiliarios
519 5071 552 5130 st
573 5069 716 5141 oratores
737 5067 865 5131 nostros
887 5052 1002 5134 celare,
1023 5053 1119 5124 nobis
1132 5056 1323 5143 iampridem
1337 5057 1437 5134 tirisse
