3498 5830
96 629 119 695 id
137 629 235 698 valde
260 633 413 720 propensi
434 653 505 698 sese
527 655 638 720 regem
659 631 799 698 Tusciae
821 632 957 716 laceret,
988 630 1098 720 ibique
1127 629 1186 698 tibi
1215 631 1412 698 iniunximus

94 757 162 821 quae
183 733 305 801 abste
326 737 360 800 in
383 758 422 802 eo
444 736 579 822 negocio
601 735 671 802 fieri
706 734 873 802 vellemus.
907 744 1021 822 postea
1053 757 1130 802 vero
1164 757 1280 821 nempe
1314 733 1357 801 ad
1391 735 1412 800 6

93 839 266 924 praesentis
277 837 578 906 commonefecimus
587 848 629 922 te,
646 847 681 906 ut
694 862 753 904 nos
769 841 920 906 certiores
935 839 1089 905 redderes
1105 839 1183 927 quid
1198 837 1411 905 intellexisses

92 953 137 1005 rut
157 943 304 1028 egisses,
331 951 505 1030 postquam
527 941 681 1010 mandata
707 951 817 1008 nostra
843 943 1006 1029 accepisti.
1032 965 1118 1008 mmo
1145 965 1222 1028 ergo
1250 951 1350 1008 restat
1377 951 1414 1008 ut

90 1044 137 1109 tbi
157 1044 341 1112 elementer
363 1045 595 1132 significemus,
624 1047 680 1134 qui
703 1067 866 1112 sermones
890 1044 1006 1112 deinde
1034 1047 1197 1111 internos
1225 1054 1257 1111 et
1278 1045 1316 1110 R.
1347 1046 1412 1132 epi·

90 1169 216 1234 scopum
232 1147 430 1214 Pherensem
452 1151 605 1215 nuncium
628 1147 841 1238 apostolicum
864 1147 925 1214 hac
948 1150 1019 1237 ipsa
1031 1148 1072 1215 de
1093 1171 1129 1214 re
1151 1147 1252 1214 habiti
1274 1147 1412 1232 firerunt,

90 1261 223 1340 etquae
248 1252 401 1340 deinceps
424 1251 536 1319 abste
559 1251 628 1318 fieri
650 1250 795 1318 velimus.
818 1253 927 1339 itaque
949 1253 1031 1318 scire
1054 1251 1163 1335 debes,
1187 1273 1260 1318 cum
1282 1254 1352 1338 ipse
1374 1252 1412 1318 R.
1495 1285 1499 1294 ·

89 1355 257 1444 episcopus
272 1355 446 1423 Phoroneis
468 1357 501 1420 in
523 1353 691 1443 colloquiis
714 1355 909 1444 quibusdam
931 1357 999 1421 eius
1021 1356 1069 1420 rei
1090 1354 1269 1422 incidenter
1282 1356 1413 1424 fecisset

89 1462 282 1526 mentionem
304 1469 337 1526 et
364 1459 501 1524 dixisset
527 1457 645 1525 ducem
666 1458 850 1524 Florentiae
877 1457 962 1524 hano
995 1457 1183 1545 dignitatem
1195 1507 1204 1542 ,
1239 1458 1282 1524 ad
1315 1481 1413 1547 quam

90 1560 150 1626 8¹¹·
167 1561 214 1626 D.
231 1562 271 1627 N.
287 1563 316 1629 ei
339 1560 568 1628 conferendam
589 1561 768 1646 inclinaret,
791 1584 857 1628 non
879 1561 1017 1645 ambire,
1041 1561 1129 1650 quod
1150 1562 1411 1648 responderimus

91 1665 290 1732 dilectionem
312 1666 382 1732 eius
405 1673 492 1731 recte
506 1663 632 1748 fecisse,
656 1665 734 1752 quia
747 1687 862 1752 parum
875 1687 917 1730 ex
929 1663 992 1730 boc
1002 1665 1095 1730 titulo
1108 1664 1151 1730 ad
1163 1665 1412 1732 dominationem

90 1771 149 1836 eius
171 1769 356 1836 rediturum
378 1771 422 1834 sit
443 1769 648 1836 emolumenti
670 1792 731 1836 nec
754 1778 1026 1857 consequuturam
1049 1769 1130 1832 D¹¹⁰¹¹¹
1157 1771 1225 1836 eius
1248 1770 1412 1837 uberiores

89 1883 261 1958 proventus
284 1895 326 1939 ex
348 1871 412 1938 illis
434 1874 623 1960 provinciis,
658 1872 788 1960 quando
812 1872 1002 1938 obtinebunt
1030 1872 1157 1937 titulum
1185 1875 1286 1960 regni,
1315 1897 1414 1962 quam

90 1975 186 2042 donec
209 1978 244 2040 in
266 1974 329 2041 boc
351 1984 437 2042 statu
459 1977 491 2040 in
518 1999 582 2064 quo
612 1975 829 2063 adpraesens
858 1985 933 2042 sunt
960 1977 1210 2063 permanserint;
1238 2000 1256 2042 e
1286 1978 1414 2045 diverso

89 2103 158 2146 vero
182 2079 286 2146 multo
309 2080 476 2166 graviores
505 2089 652 2166 sumptus
683 2079 729 2144 illi
756 2081 789 2145 in
819 2080 975 2166 dignitate
1003 2081 1095 2165 regia
1123 2077 1308 2147 subeundos
1335 2081 1413 2167 fore,

90 2182 201 2250 deinde
213 2191 453 2250 contracturam
465 2181 546 2246 D¹¹⁰m
574 2184 642 2248 eius
664 2205 817 2270 magnam
839 2183 1012 2248 multorum
1035 2184 1216 2270 principum
1244 2183 1414 2270 invidiam3

89 2287 232 2354 adhaec
256 2285 470 2353 dubitandum
492 2286 562 2352 fore
584 2309 627 2352 an
648 2285 748 2353 futuri
770 2286 938 2374 pontifices
966 2285 1150 2352 huiusmodi
1178 2288 1302 2373 regiam
1330 2309 1415 2353 erec·

88 2392 204 2458 tionem
226 2400 261 2455 et
282 2387 542 2454 sublimationem
564 2398 668 2454 ratem
691 2412 821 2477 quoque
843 2388 984 2456 habituri
1007 2391 1071 2454 sint
1091 2412 1152 2456 nec
1173 2413 1224 2456 nc.
1248 2413 1321 2456 oum
1336 2413 1414 2457 vero

89 2495 171 2560 idern
193 2493 232 2560 R
257 2494 429 2582 episcopus
450 2491 624 2560 Pharensis
647 2493 696 2560 his
718 2493 888 2560 intellectis
912 2491 1035 2583 aliquot
1064 2492 1178 2560 diebus
1205 2503 1280 2580 post
1307 2505 1415 2562 osten-

91 2597 185 2664 disset
207 2621 244 2664 se
267 2621 287 2664 a
310 2595 368 2662 8¹⁸⁰
391 2597 432 2662 D.
454 2597 495 2664 N.
517 2598 683 2683 accepisse
706 2599 738 2662 in
760 2597 932 2681 mandatis,
954 2607 991 2664 ut
1014 2597 1176 2685 quaedam
1190 2597 1360 2664 nobiscum
1376 2598 1416 2668 de

90 2701 291 2790 bocnegooio
301 2701 471 2784 conferret,
477 2699 704 2788 replicavimus
715 2723 774 2766 nos
786 2701 850 2766 iam
861 2709 958 2768 antea
969 2700 1012 2766 ad
1023 2711 1055 2767 te
1068 2702 1235 2788 scripsisse
1247 2700 1287 2767 de
1297 2701 1360 2768 hac
1370 2725 1416 2787 re,

91 2806 194 2895 ibique
212 2806 435 2874 recensuimus
453 2827 611 2870 summam
629 2813 879 2871 memoratorum
890 2803 1319 2890 mandatorumnostrorum,
1332 2827 1417 2894 quae

92 2909 148 2976 boc
167 2911 300 2976 nomine
322 2909 487 2996 superiore
508 2930 619 2974 mense
640 2906 790 2994 Augusto
813 2907 856 2974 ad
870 2917 903 2974 te
919 2907 1076 2991 dedimus,
1100 2908 1148 2972 sic
1163 2915 1273 2974 tamen
1289 2907 1418 2975 conclu·

95 3013 195 3081 dendo
217 3021 256 3078 ut
276 3021 431 3080 testatum
452 3013 707 3101 relinqueremus
730 3035 789 3078 nos
811 3034 876 3077 non
898 3035 994 3099 posse
1017 3013 1192 3099 quicquam
1224 3012 1257 3076 in
1278 3011 1342 3079 hoc
1363 3035 1417 3078 ne·

93 3119 180 3202 gocio
204 3140 304 3204 agere
326 3124 384 3183 aut
405 3115 610 3204 respondere,
635 3117 723 3203 quod
746 3141 766 3182 a
787 3115 948 3182 mandatis
970 3117 1034 3181 tuis
1050 3117 1092 3181 sit
1106 3113 1256 3200 alienum,
1280 3138 1321 3183 ne
1336 3115 1418 3181 forte

93 3244 146 3286 nos
167 3221 232 3305 hio,
255 3231 290 3286 tn
309 3242 388 3286 vero
410 3221 505 3287 isthic
528 3221 664 3287 eandem
686 3243 754 3288 rem
771 3219 898 3286 diverso
914 3229 947 3284 et
969 3219 1129 3286 contrario
1144 3218 1241 3285 modo
1264 3227 1417 3284 mactare-

93 3347 168 3391 nus.
205 3347 320 3390 verum
349 3326 513 3390 enimvero
543 3347 608 3390 non
640 3325 804 3412 acquievit
836 3323 886 3388 his
920 3323 1013 3388 dietis
1041 3323 1159 3388 nostris
1193 3322 1357 3410 praefatus
1379 3322 1417 3388 R.

93 3431 271 3516 episcopus,
294 3427 351 3494 sed
374 3429 540 3494 interiecto
562 3451 741 3515 paucorum
774 3427 897 3494 dierum
932 3427 1036 3513 spatio
1065 3448 1175 3492 rursus
1207 3434 1342 3492 conetus
1370 3433 1420 3491 est

95 3531 225 3598 diversis
248 3530 426 3597 rationibus
459 3530 553 3597 nobis
586 3531 783 3617 persuadere
816 3541 852 3597 ut
885 3532 918 3595 in
951 3529 1087 3596 eandem
1121 3529 1312 3596 sententiam
1346 3551 1420 3594 cum

94 3633 148 3700 S¹¹¹⁰
169 3635 214 3700 D.
235 3633 276 3700 N.
299 3633 570 3716 descenderemus
593 3643 626 3702 et
649 3634 765 3700 ducem
786 3635 893 3720 ipsum
915 3641 981 3698 torn
1009 3641 1122 3718 aperte
1150 3655 1217 3698 non
1244 3630 1419 3698 offendere-

94 3763 170 3808 mus.
209 3743 321 3830 itaque
360 3739 423 3804 hac
464 3761 523 3804 sua
556 3739 702 3826 diligenti
735 3761 835 3825 opera
868 3746 901 3804 et
933 3736 1136 3803 solicitudine
1169 3759 1228 3803 nos
1261 3736 1421 3823 permovit

96 3845 177 3932 quod
220 3843 479 3912 constituerimus
523 3852 663 3910 mentem
699 3851 843 3910 nostram
876 3842 1005 3930 ipsimet
1041 3840 1101 3907 S¹¹¹⁰
1138 3840 1181 3906 D.
1217 3839 1256 3904 N.
1293 3861 1354 3926 per
1389 3847 1421 3904 te

95 3947 186 4015 letius
209 3947 391 4031 declarare,
429 3968 512 4034 quae
545 3947 693 4011 nimirum
726 3944 801 4010 telis
835 3953 883 4010 est
916 3944 1005 4031 quod
1036 3944 1099 4010 hoc
1132 3942 1185 4010 8²¹·
1222 3964 1301 4009 suae
1333 3942 1421 4006 insti·

95 4061 193 4118 tutum
226 4050 371 4138 erigendi
408 4050 604 4116 eiuscemodi
640 4071 759 4116 novum
782 4048 955 4114 Hetruriae
985 4071 1122 4136 regnum
1157 4055 1268 4113 nostra
1304 4067 1422 4133 appro-

96 4153 219 4223 batione
253 4166 286 4221 ct
316 4156 504 4222 assensione
534 4155 646 4220 invare
673 4175 738 4218 non
769 4154 940 4240 possimus,
973 4152 1032 4218 sed
1063 4153 1169 4239 potius
1199 4149 1265 4216 S²⁴¹²¹
1289 4150 1357 4216 eius
1380 4146 1421 4214 ab

97 4282 131 4325 eo
153 4258 386 4328 dehortandam
408 4280 480 4324 esse
501 4256 597 4345 plane
627 4277 825 4324 censeamus.
854 4266 890 4322 ut
918 4265 1026 4322 eutem
1056 4253 1113 4322 S²⁸¹
1142 4254 1211 4320 eius
1238 4275 1304 4319 non
1331 4252 1421 4318 vide·

99 4371 165 4428 stin
186 4363 286 4430 celeri
312 4360 492 4430 rationibus
518 4359 582 4424 illis
610 4383 694 4446 quae
722 4360 757 4425 in
783 4358 847 4426 hoc
875 4361 981 4426 animo
1009 4367 1042 4425 et
1070 4357 1228 4424 sententia
1256 4377 1315 4422 nos
1346 4379 1423 4424 con·

99 4465 234 4550 firmant,
263 4465 438 4532 clementer
460 4473 492 4532 et
514 4485 669 4551 expresse
690 4462 882 4530 mandamus
909 4462 968 4529 tibi
996 4472 1046 4546 ut,
1080 4462 1318 4550 quamprimum
1346 4459 1423 4528 allo·

101 4571 211 4657 quendi
234 4567 302 4636 Sos
330 4571 400 4637 eius
422 4567 609 4636 lacrrltatem
632 4575 747 4634 nactus
770 4566 879 4650 fueris,
902 4563 944 4632 Sl
965 4567 1034 4632 eius
1052 4587 1117 4654 qua
1134 4563 1228 4631 decet
1242 4563 1424 4630 reverentis

101 4682 189 4762 atqrw
213 4673 373 4740 modestia
395 4694 551 4762 exponas,
573 4693 633 4738 nos
655 4680 801 4736 amenter
823 4679 856 4736 et
877 4669 1020 4736 officiose
1046 4668 1233 4756 percepisse
1256 4689 1342 4756 quae
1364 4665 1424 4732 8³¹·

101 4777 162 4842 eins
184 4775 280 4845 nobis
302 4777 343 4844 de
367 4775 429 4844 boc
449 4775 585 4863 negocio
608 4795 668 4863 per
691 4773 815 4840 dictum
836 4775 990 4840 nuncium
1011 4773 1049 4838 R.
1073 4773 1262 4861 episcopum
1283 4769 1424 4836 Pharan·

102 4900 163 4946 sem
185 4881 399 4947 nunciaverit
423 4889 565 4948 ceterum
586 4901 646 4945 nos
669 4876 708 4943 Sss
729 4878 798 4943 eius
821 4887 908 4944 certo
931 4876 1093 4944 affirmare
1116 4875 1205 4964 quod
1226 4873 1306 4940 nihil
1328 4875 1369 4938 sit
1390 4874 1424 4938 in

103 5003 158 5068 quo
179 5006 238 5050 nos
261 4982 304 5050 S²¹
320 4985 391 5050 eius
412 5007 478 5050 non
499 4982 721 5050 lubentissime
737 4981 966 5068 gratificemur,
989 4979 1099 5068 quoad
1113 4981 1183 5046 eius
1198 4999 1341 5069 unquam
1355 4976 1425 5044 fieri
