<?xml version="1.0" encoding="UTF-8"?>
<!DOCTYPE html PUBLIC "-//W3C//DTD XHTML 1.0 Transitional//EN"
    "http://www.w3.org/TR/xhtml1/DTD/xhtml1-transitional.dtd">
<html xmlns="http://www.w3.org/1999/xhtml" xml:lang="en" lang="en">
 <head>
  <title>
</title>
<meta http-equiv="Content-Type" content="text/html;charset=utf-8" />
  <meta name='ocr-system' content='tesseract 3.04.00' />
  <meta name='ocr-capabilities' content='ocr_page ocr_carea ocr_par ocr_line ocrx_word'/>
</head>
<body>
  <div class='ocr_page' id='page_1' title='image "./zurgeschichtede00unkngoog/zurgeschichtede00unkngoog_0228.png"; bbox 0 0 3498 5818; ppageno 0'>
   <div class='ocr_carea' id='block_1_1' title="bbox 90 699 1427 1524">
    <p class='ocr_par' dir='ltr' id='par_1_1' title="bbox 90 699 1427 1524">
     <span class='ocr_line' id='line_1_1' title="bbox 96 699 1425 798; baseline 0.007 -29"><span class='ocrx_word' id='word_1_1' title='bbox 96 699 253 791; x_wconf 79' lang='lat' dir='ltr'>religione</span> <span class='ocrx_word' id='word_1_2' title='bbox 275 729 295 770; x_wconf 89' lang='lat' dir='ltr'><strong>a</strong></span> <span class='ocrx_word' id='word_1_3' title='bbox 325 702 423 772; x_wconf 90' lang='lat' dir='ltr'><strong>modo</strong></span> <span class='ocrx_word' id='word_1_4' title='bbox 445 727 520 785; x_wconf 90' lang='grc' dir='ltr'><strong>ιιιο,</strong></span> <span class='ocrx_word' id='word_1_5' title='bbox 555 713 588 772; x_wconf 89' lang='lat' dir='ltr'><strong>et</strong></span> <span class='ocrx_word' id='word_1_6' title='bbox 609 706 637 771; x_wconf 88' lang='lat' dir='ltr'><strong>si</strong></span> <span class='ocrx_word' id='word_1_7' title='bbox 665 705 857 793; x_wconf 84' lang='lat' dir='ltr'><strong>maraviglia</strong></span> <span class='ocrx_word' id='word_1_8' title='bbox 886 706 970 774; x_wconf 90' lang='lat' dir='ltr'><strong>ch’il</strong></span> <span class='ocrx_word' id='word_1_9' title='bbox 998 729 1035 774; x_wconf 91' lang='lat' dir='ltr'><strong>re</strong></span> <span class='ocrx_word' id='word_1_10' title='bbox 1057 707 1193 776; x_wconf 88' lang='lat' dir='ltr'><strong>catolico</strong></span> <span class='ocrx_word' id='word_1_11' title='bbox 1215 708 1247 776; x_wconf 93' lang='lat' dir='ltr'><strong>lo</strong></span> <span class='ocrx_word' id='word_1_12' title='bbox 1270 713 1425 798; x_wconf 89' lang='lat' dir='ltr'><strong>sopporti.</strong></span> 
     </span>
     <span class='ocr_line' id='line_1_2' title="bbox 94 809 1427 882; baseline 0.006 -9"><span class='ocrx_word' id='word_1_13' title='bbox 94 811 129 873; x_wconf 88' lang='lat' dir='ltr'><strong>m&#39;</strong></span> <span class='ocrx_word' id='word_1_14' title='bbox 143 809 191 875; x_wconf 86' lang='lat' dir='ltr'><strong>lm</strong></span> <span class='ocrx_word' id='word_1_15' title='bbox 216 810 309 878; x_wconf 84' lang='lat' dir='ltr'><strong>detta</strong></span> <span class='ocrx_word' id='word_1_16' title='bbox 331 832 453 876; x_wconf 88' lang='lat' dir='ltr'><strong>ancora</strong></span> <span class='ocrx_word' id='word_1_17' title='bbox 474 809 523 876; x_wconf 91' lang='lat' dir='ltr'><strong>ch&#39;</strong></span> <span class='ocrx_word' id='word_1_18' title='bbox 545 809 568 877; x_wconf 94' lang='lat' dir='ltr'><strong>il</strong></span> <span class='ocrx_word' id='word_1_19' title='bbox 590 809 639 877; x_wconf 73' lang='lat' dir='ltr'><strong>S⁰¹</strong></span> <span class='ocrx_word' id='word_1_20' title='bbox 654 809 738 877; x_wconf 89' lang='lat' dir='ltr'><strong>duca</strong></span> <span class='ocrx_word' id='word_1_21' title='bbox 761 810 795 877; x_wconf 89' lang='lat' dir='ltr'><strong>di</strong></span> <span class='ocrx_word' id='word_1_22' title='bbox 818 809 933 878; x_wconf 86' lang='lat' dir='ltr'><strong>Oleves</strong></span> <span class='ocrx_word' id='word_1_23' title='bbox 956 833 1020 878; x_wconf 89' lang='lat' dir='ltr'><strong>nou</strong></span> <span class='ocrx_word' id='word_1_24' title='bbox 1043 810 1171 880; x_wconf 81' lang='lat' dir='ltr'><strong>dovera</strong></span> <span class='ocrx_word' id='word_1_25' title='bbox 1193 813 1372 882; x_wconf 76' lang='lat' dir='ltr'><strong>concedere</strong></span> <span class='ocrx_word' id='word_1_26' title='bbox 1393 813 1427 881; x_wconf 87' lang='lat' dir='ltr'><strong>la</strong></span> 
     </span>
     <span class='ocr_line' id='line_1_3' title="bbox 93 913 1425 1005; baseline 0.005 -27"><span class='ocrx_word' id='word_1_27' title='bbox 93 919 322 982; x_wconf 86' lang='lat' dir='ltr'><strong>communione</strong></span> <span class='ocrx_word' id='word_1_28' title='bbox 356 913 417 980; x_wconf 90' lang='lat' dir='ltr'><strong>sub</strong></span> <span class='ocrx_word' id='word_1_29' title='bbox 446 924 584 1004; x_wconf 89' lang='lat' dir='ltr'><strong>utraque</strong></span> <span class='ocrx_word' id='word_1_30' title='bbox 612 915 688 982; x_wconf 89' lang='lat' dir='ltr'><strong>etil</strong></span> <span class='ocrx_word' id='word_1_31' title='bbox 715 917 918 983; x_wconf 86' lang='lat' dir='ltr'><strong>matrimonio</strong></span> <span class='ocrx_word' id='word_1_32' title='bbox 942 915 975 982; x_wconf 89' lang='lat' dir='ltr'><strong>di</strong></span> <span class='ocrx_word' id='word_1_33' title='bbox 1002 918 1086 1005; x_wconf 90' lang='lat' dir='ltr'><strong>preti</strong></span> <span class='ocrx_word' id='word_1_34' title='bbox 1120 915 1175 983; x_wconf 91' lang='lat' dir='ltr'><strong>alli</strong></span> <span class='ocrx_word' id='word_1_35' title='bbox 1206 916 1254 984; x_wconf 88' lang='lat' dir='ltr'><strong>sol</strong></span> <span class='ocrx_word' id='word_1_36' title='bbox 1283 918 1425 1004; x_wconf 79' lang='lat' dir='ltr'><strong>vassalli,</strong></span> 
     </span>
     <span class='ocr_line' id='line_1_4' title="bbox 91 1013 1426 1108; baseline 0.004 -25"><span class='ocrx_word' id='word_1_37' title='bbox 91 1018 235 1084; x_wconf 82' lang='lat' dir='ltr'><strong>essendo</strong></span> <span class='ocrx_word' id='word_1_38' title='bbox 256 1021 312 1105; x_wconf 91' lang='lat' dir='ltr'><strong>gia</strong></span> <span class='ocrx_word' id='word_1_39' title='bbox 334 1027 446 1108; x_wconf 87' lang='lat' dir='ltr'><strong>aperto</strong></span> <span class='ocrx_word' id='word_1_40' title='bbox 474 1019 496 1084; x_wconf 93' lang='lat' dir='ltr'><strong>il</strong></span> <span class='ocrx_word' id='word_1_41' title='bbox 519 1013 654 1086; x_wconf 84' lang='lat' dir='ltr'><strong>concilio</strong></span> <span class='ocrx_word' id='word_1_42' title='bbox 675 1019 767 1087; x_wconf 58' lang='lat' dir='ltr'><strong>‘dove</strong></span> <span class='ocrx_word' id='word_1_43' title='bbox 796 1031 916 1108; x_wconf 81' lang='lat' dir='ltr'><strong>potera</strong></span> <span class='ocrx_word' id='word_1_44' title='bbox 944 1019 1113 1087; x_wconf 90' lang='lat' dir='ltr'><strong>dimandar</strong></span> <span class='ocrx_word' id='word_1_45' title='bbox 1140 1020 1164 1088; x_wconf 94' lang='lat' dir='ltr'><strong>il</strong></span> <span class='ocrx_word' id='word_1_46' title='bbox 1189 1019 1327 1108; x_wconf 89' lang='lat' dir='ltr'><strong>bisogno</strong></span> <span class='ocrx_word' id='word_1_47' title='bbox 1349 1021 1426 1100; x_wconf 87' lang='lat' dir='ltr'><strong>delli</strong></span> 
     </span>
     <span class='ocr_line' id='line_1_5' title="bbox 90 1121 1427 1213; baseline 0.004 -26"><span class='ocrx_word' id='word_1_48' title='bbox 90 1123 136 1186; x_wconf 86' lang='lat' dir='ltr'><strong>soi</strong></span> <span class='ocrx_word' id='word_1_49' title='bbox 158 1121 299 1205; x_wconf 85' lang='lat' dir='ltr'><strong>subditi,</strong></span> <span class='ocrx_word' id='word_1_50' title='bbox 321 1125 349 1188; x_wconf 92' lang='lat' dir='ltr'><strong>si</strong></span> <span class='ocrx_word' id='word_1_51' title='bbox 373 1145 465 1189; x_wconf 90' lang='lat' dir='ltr'><strong>come</strong></span> <span class='ocrx_word' id='word_1_52' title='bbox 486 1145 607 1190; x_wconf 91' lang='lat' dir='ltr'><strong>ancora</strong></span> <span class='ocrx_word' id='word_1_53' title='bbox 628 1123 660 1190; x_wconf 83' lang='lat' dir='ltr'><strong>la</strong></span> <span class='ocrx_word' id='word_1_54' title='bbox 682 1124 740 1190; x_wconf 75' lang='grc' dir='ltr'><strong>Μ’·</strong></span> <span class='ocrx_word' id='word_1_55' title='bbox 767 1124 808 1190; x_wconf 90' lang='lat' dir='ltr'><strong>V.</strong></span> <span class='ocrx_word' id='word_1_56' title='bbox 832 1132 925 1210; x_wconf 89' lang='lat' dir='ltr'><strong>potra</strong></span> <span class='ocrx_word' id='word_1_57' title='bbox 940 1123 1017 1208; x_wconf 82' lang='lat' dir='ltr'><strong>fare,</strong></span> <span class='ocrx_word' id='word_1_58' title='bbox 1040 1124 1160 1213; x_wconf 90' lang='lat' dir='ltr'><strong>perche</strong></span> <span class='ocrx_word' id='word_1_59' title='bbox 1175 1147 1352 1212; x_wconf 81' lang='lat' dir='ltr'><strong>procurare</strong></span> <span class='ocrx_word' id='word_1_60' title='bbox 1367 1125 1427 1192; x_wconf 89' lang='lat' dir='ltr'><strong>che</strong></span> 
     </span>
     <span class='ocr_line' id='line_1_6' title="bbox 90 1226 1426 1316; baseline 0.003 -24"><span class='ocrx_word' id='word_1_61' title='bbox 90 1228 200 1310; x_wconf 80' lang='lat' dir='ltr'><strong>questi</strong></span> <span class='ocrx_word' id='word_1_62' title='bbox 225 1226 281 1293; x_wconf 91' lang='lat' dir='ltr'><strong>doi</strong></span> <span class='ocrx_word' id='word_1_63' title='bbox 303 1228 376 1316; x_wconf 89' lang='lat' dir='ltr'><strong>capi</strong></span> <span class='ocrx_word' id='word_1_64' title='bbox 398 1227 452 1294; x_wconf 91' lang='lat' dir='ltr'><strong>uel</strong></span> <span class='ocrx_word' id='word_1_65' title='bbox 473 1226 610 1294; x_wconf 86' lang='lat' dir='ltr'><strong>concilio</strong></span> <span class='ocrx_word' id='word_1_66' title='bbox 642 1229 724 1294; x_wconf 91' lang='lat' dir='ltr'><strong>siino</strong></span> <span class='ocrx_word' id='word_1_67' title='bbox 747 1226 770 1293; x_wconf 92' lang='lat' dir='ltr'><strong>li</strong></span> <span class='ocrx_word' id='word_1_68' title='bbox 791 1229 886 1316; x_wconf 89' lang='lat' dir='ltr'><strong>primi</strong></span> <span class='ocrx_word' id='word_1_69' title='bbox 909 1227 1102 1294; x_wconf 88' lang='lat' dir='ltr'><strong>considerati</strong></span> <span class='ocrx_word' id='word_1_70' title='bbox 1132 1251 1174 1296; x_wconf 90' lang='lat' dir='ltr'><strong>ne</strong></span> <span class='ocrx_word' id='word_1_71' title='bbox 1196 1231 1224 1294; x_wconf 87' lang='lat' dir='ltr'><strong>si</strong></span> <span class='ocrx_word' id='word_1_72' title='bbox 1246 1228 1370 1294; x_wconf 87' lang='lat' dir='ltr'><strong>andara</strong></span> <span class='ocrx_word' id='word_1_73' title='bbox 1392 1230 1426 1296; x_wconf 89' lang='lat' dir='ltr'><strong>iu</strong></span> 
     </span>
     <span class='ocr_line' id='line_1_7' title="bbox 90 1330 1234 1420; baseline 0.003 -25"><span class='ocrx_word' id='word_1_74' title='bbox 90 1331 137 1395; x_wconf 89' lang='lat' dir='ltr'><strong>cic</strong></span> <span class='ocrx_word' id='word_1_75' title='bbox 159 1332 435 1418; x_wconf 85' lang='lat' dir='ltr'><strong>rigorosamente,</strong></span> <span class='ocrx_word' id='word_1_76' title='bbox 458 1330 595 1398; x_wconf 83' lang='lat' dir='ltr'><strong>essendo</strong></span> <span class='ocrx_word' id='word_1_77' title='bbox 618 1339 731 1420; x_wconf 83' lang='lat' dir='ltr'><strong>queste</strong></span> <span class='ocrx_word' id='word_1_78' title='bbox 753 1330 817 1398; x_wconf 90' lang='lat' dir='ltr'><strong>due</strong></span> <span class='ocrx_word' id='word_1_79' title='bbox 841 1353 915 1398; x_wconf 89' lang='lat' dir='ltr'><strong>cose</strong></span> <span class='ocrx_word' id='word_1_80' title='bbox 939 1331 973 1397; x_wconf 87' lang='lat' dir='ltr'><strong>di</strong></span> <span class='ocrx_word' id='word_1_81' title='bbox 994 1333 1065 1398; x_wconf 91' lang='lat' dir='ltr'><strong>iure</strong></span> <span class='ocrx_word' id='word_1_82' title='bbox 1087 1333 1234 1420; x_wconf 89' lang='lat' dir='ltr'><strong>positivo.</strong></span> 
     </span>
     <span class='ocr_line' id='line_1_8' title="bbox 194 1433 1426 1524; baseline 0.005 -25"><span class='ocrx_word' id='word_1_83' title='bbox 194 1433 446 1502; x_wconf 89' lang='lat' dir='ltr'><strong>L&#39;inbasciator</strong></span> <span class='ocrx_word' id='word_1_84' title='bbox 472 1435 616 1522; x_wconf 85' lang='lat' dir='ltr'><strong>Vargae,</strong></span> <span class='ocrx_word' id='word_1_85' title='bbox 651 1436 699 1501; x_wconf 89' lang='lat' dir='ltr'><strong>sei</strong></span> <span class='ocrx_word' id='word_1_86' title='bbox 720 1436 825 1523; x_wconf 83' lang='lat' dir='ltr'><strong>giorni</strong></span> <span class='ocrx_word' id='word_1_87' title='bbox 848 1459 938 1519; x_wconf 88' lang='lat' dir='ltr'><strong>sono,</strong></span> <span class='ocrx_word' id='word_1_88' title='bbox 962 1435 1048 1524; x_wconf 91' lang='lat' dir='ltr'><strong>dopo</strong></span> <span class='ocrx_word' id='word_1_89' title='bbox 1069 1435 1172 1503; x_wconf 83' lang='lat' dir='ltr'><strong>haver</strong></span> <span class='ocrx_word' id='word_1_90' title='bbox 1193 1436 1381 1505; x_wconf 76' lang='lat' dir='ltr'><strong>dimostrato</strong></span> <span class='ocrx_word' id='word_1_91' title='bbox 1404 1461 1426 1505; x_wconf 92' lang='lat' dir='ltr'><strong>a</strong></span> 
     </span>
    </p>
   </div>
   <div class='ocr_carea' id='block_1_2' title="bbox 11 1535 1418 1640">
    <p class='ocr_par' dir='ltr' id='par_1_2' title="bbox 11 1535 1418 1640">
     <span class='ocr_line' id='line_1_9' title="bbox 11 1535 1418 1640; baseline 0.004 -37"><span class='ocrx_word' id='word_1_92' title='bbox 11 1593 13 1640; x_wconf 48' lang='lat'><strong>,</strong></span> <span class='ocrx_word' id='word_1_93' title='bbox 92 1535 122 1603; x_wconf 71' lang='lat' dir='ltr'><strong>a</strong></span> <span class='ocrx_word' id='word_1_94' title='bbox 146 1535 198 1604; x_wconf 71' lang='lat' dir='ltr'><strong>Su</strong></span> <span class='ocrx_word' id='word_1_95' title='bbox 231 1537 291 1604; x_wconf 88' lang='lat' dir='ltr'><strong>che</strong></span> <span class='ocrx_word' id='word_1_96' title='bbox 318 1537 493 1605; x_wconf 85' lang='lat' dir='ltr'><strong>l&#39;aooettar</strong></span> <span class='ocrx_word' id='word_1_97' title='bbox 523 1538 752 1607; x_wconf 86' lang='lat' dir='ltr'><strong>l&#39;inbaeeiator</strong></span> <span class='ocrx_word' id='word_1_98' title='bbox 774 1539 806 1605; x_wconf 85' lang='lat' dir='ltr'><strong>di</strong></span> <span class='ocrx_word' id='word_1_99' title='bbox 829 1539 888 1605; x_wconf 72' lang='grc' dir='ltr'><strong>Μ’·</strong></span> <span class='ocrx_word' id='word_1_100' title='bbox 916 1539 949 1606; x_wconf 88' lang='lat' dir='ltr'><strong>di</strong></span> <span class='ocrx_word' id='word_1_101' title='bbox 971 1540 1142 1607; x_wconf 87' lang='lat' dir='ltr'><strong>Vandomo</strong></span> <span class='ocrx_word' id='word_1_102' title='bbox 1171 1549 1204 1607; x_wconf 90' lang='lat' dir='ltr'><strong>et</strong></span> <span class='ocrx_word' id='word_1_103' title='bbox 1225 1540 1293 1607; x_wconf 88' lang='lat' dir='ltr'><strong>fare</strong></span> <span class='ocrx_word' id='word_1_104' title='bbox 1315 1539 1347 1608; x_wconf 88' lang='lat' dir='ltr'><strong>S.</strong></span> <span class='ocrx_word' id='word_1_105' title='bbox 1371 1539 1418 1608; x_wconf 77' lang='lat' dir='ltr'><strong>S‘¹</strong></span> 
     </span>
    </p>
   </div>
   <div class='ocr_carea' id='block_1_3' title="bbox 90 1641 1485 4012">
    <p class='ocr_par' dir='ltr' id='par_1_3' title="bbox 90 1641 1485 4012">
     <span class='ocr_line' id='line_1_10' title="bbox 91 1641 1422 1731; baseline 0.003 -25"><span class='ocrx_word' id='word_1_106' title='bbox 91 1663 148 1726; x_wconf 88' lang='lat' dir='ltr'><strong>per</strong></span> <span class='ocrx_word' id='word_1_107' title='bbox 170 1641 224 1706; x_wconf 92' lang='lat' dir='ltr'><strong>lui</strong></span> <span class='ocrx_word' id='word_1_108' title='bbox 246 1641 352 1710; x_wconf 90' lang='lat' dir='ltr'><strong>officio</strong></span> <span class='ocrx_word' id='word_1_109' title='bbox 375 1641 507 1726; x_wconf 89' lang='lat' dir='ltr'><strong>alcuno,</strong></span> <span class='ocrx_word' id='word_1_110' title='bbox 536 1665 593 1709; x_wconf 86' lang='lat' dir='ltr'><strong>era</strong></span> <span class='ocrx_word' id='word_1_111' title='bbox 613 1643 664 1709; x_wconf 87' lang='lat' dir='ltr'><strong>l&#39;ar</strong></span> <span class='ocrx_word' id='word_1_112' title='bbox 685 1645 824 1729; x_wconf 87' lang='lat' dir='ltr'><strong>ingiuria</strong></span> <span class='ocrx_word' id='word_1_113' title='bbox 846 1644 934 1710; x_wconf 85' lang='lat' dir='ltr'><strong>alre</strong></span> <span class='ocrx_word' id='word_1_114' title='bbox 956 1644 1103 1729; x_wconf 86' lang='lat' dir='ltr'><strong>catolieo,</strong></span> <span class='ocrx_word' id='word_1_115' title='bbox 1126 1646 1282 1731; x_wconf 86' lang='lat' dir='ltr'><strong>aggionse</strong></span> <span class='ocrx_word' id='word_1_116' title='bbox 1305 1643 1365 1710; x_wconf 81' lang='lat' dir='ltr'><strong>elic</strong></span> <span class='ocrx_word' id='word_1_117' title='bbox 1387 1643 1422 1710; x_wconf 81' lang='lat' dir='ltr'><strong>S.</strong></span> 
     </span>
     <span class='ocr_line' id='line_1_11' title="bbox 91 1743 1425 1834; baseline 0.003 -24"><span class='ocrx_word' id='word_1_118' title='bbox 91 1743 133 1809; x_wconf 79' lang='lat'><strong>8²¹</strong></span> <span class='ocrx_word' id='word_1_119' title='bbox 163 1745 299 1812; x_wconf 77' lang='lat' dir='ltr'><strong>dovera</strong></span> <span class='ocrx_word' id='word_1_120' title='bbox 320 1745 498 1834; x_wconf 88' lang='lat' dir='ltr'><strong>provederc</strong></span> <span class='ocrx_word' id='word_1_121' title='bbox 526 1747 590 1812; x_wconf 84' lang='lat' dir='ltr'><strong>alla</strong></span> <span class='ocrx_word' id='word_1_122' title='bbox 612 1749 861 1834; x_wconf 68' lang='lat' dir='ltr'><strong>congegatione</strong></span> <span class='ocrx_word' id='word_1_123' title='bbox 890 1747 930 1814; x_wconf 90' lang='lat' dir='ltr'><strong>de</strong></span> <span class='ocrx_word' id='word_1_124' title='bbox 958 1746 1075 1834; x_wconf 85' lang='lat' dir='ltr'><strong>prelati</strong></span> <span class='ocrx_word' id='word_1_125' title='bbox 1103 1747 1162 1814; x_wconf 90' lang='lat' dir='ltr'><strong>che</strong></span> <span class='ocrx_word' id='word_1_126' title='bbox 1191 1749 1218 1812; x_wconf 88' lang='lat' dir='ltr'><strong>si</strong></span> <span class='ocrx_word' id='word_1_127' title='bbox 1245 1747 1360 1814; x_wconf 86' lang='lat' dir='ltr'><strong>faceva</strong></span> <span class='ocrx_word' id='word_1_128' title='bbox 1391 1749 1425 1814; x_wconf 92' lang='lat' dir='ltr'><strong>in</strong></span> 
     </span>
     <span class='ocr_line' id='line_1_12' title="bbox 90 1847 1424 1938; baseline 0.006 -27"><span class='ocrx_word' id='word_1_129' title='bbox 90 1847 238 1917; x_wconf 78' lang='lat' dir='ltr'><strong>Francia</strong></span> <span class='ocrx_word' id='word_1_130' title='bbox 259 1858 291 1916; x_wconf 91' lang='lat' dir='ltr'><strong>et</strong></span> <span class='ocrx_word' id='word_1_131' title='bbox 311 1872 376 1916; x_wconf 91' lang='lat' dir='ltr'><strong>non</strong></span> <span class='ocrx_word' id='word_1_132' title='bbox 400 1849 527 1917; x_wconf 79' lang='lat' dir='ltr'><strong>dovera</strong></span> <span class='ocrx_word' id='word_1_133' title='bbox 548 1852 652 1938; x_wconf 85' lang='lat' dir='ltr'><strong>patira</strong></span> <span class='ocrx_word' id='word_1_134' title='bbox 675 1850 735 1918; x_wconf 89' lang='lat' dir='ltr'><strong>che</strong></span> <span class='ocrx_word' id='word_1_135' title='bbox 758 1851 812 1918; x_wconf 88' lang='lat' dir='ltr'><strong>dci</strong></span> <span class='ocrx_word' id='word_1_136' title='bbox 833 1849 933 1938; x_wconf 89' lang='lat' dir='ltr'><strong>legati</strong></span> <span class='ocrx_word' id='word_1_137' title='bbox 954 1850 1105 1916; x_wconf 84' lang='lat' dir='ltr'><strong>Tornone</strong></span> <span class='ocrx_word' id='word_1_138' title='bbox 1134 1860 1167 1915; x_wconf 93' lang='lat' dir='ltr'><strong>et</strong></span> <span class='ocrx_word' id='word_1_139' title='bbox 1187 1848 1364 1937; x_wconf 87' lang='lat' dir='ltr'><strong>Armignac</strong></span> <span class='ocrx_word' id='word_1_140' title='bbox 1387 1875 1424 1918; x_wconf 91' lang='lat' dir='ltr'><strong>ce</strong></span> 
     </span>
     <span class='ocr_line' id='line_1_13' title="bbox 92 1953 1422 2043; baseline 0.005 -26"><span class='ocrx_word' id='word_1_141' title='bbox 92 1953 222 2020; x_wconf 83' lang='lat' dir='ltr'><strong>loesero</strong></span> <span class='ocrx_word' id='word_1_142' title='bbox 244 1965 402 2043; x_wconf 79' lang='lat' dir='ltr'><strong>presente,</strong></span> <span class='ocrx_word' id='word_1_143' title='bbox 421 1953 545 2042; x_wconf 83' lang='lat' dir='ltr'><strong>perche</strong></span> <span class='ocrx_word' id='word_1_144' title='bbox 567 1957 601 2020; x_wconf 91' lang='lat' dir='ltr'><strong>in</strong></span> <span class='ocrx_word' id='word_1_145' title='bbox 623 1955 731 2022; x_wconf 85' lang='lat' dir='ltr'><strong>effetto</strong></span> <span class='ocrx_word' id='word_1_146' title='bbox 751 1978 818 2022; x_wconf 91' lang='lat' dir='ltr'><strong>non</strong></span> <span class='ocrx_word' id='word_1_147' title='bbox 841 1956 867 2021; x_wconf 92' lang='lat' dir='ltr'><strong>si</strong></span> <span class='ocrx_word' id='word_1_148' title='bbox 889 1963 1009 2043; x_wconf 80' lang='lat' dir='ltr'><strong>potera</strong></span> <span class='ocrx_word' id='word_1_149' title='bbox 1041 1976 1171 2042; x_wconf 87' lang='lat' dir='ltr'><strong>sperare</strong></span> <span class='ocrx_word' id='word_1_150' title='bbox 1193 1977 1253 2041; x_wconf 91' lang='lat' dir='ltr'><strong>per</strong></span> <span class='ocrx_word' id='word_1_151' title='bbox 1273 1954 1296 2020; x_wconf 93' lang='lat' dir='ltr'><strong>il</strong></span> <span class='ocrx_word' id='word_1_152' title='bbox 1318 1954 1422 2023; x_wconf 87' lang='lat' dir='ltr'><strong>salvo-</strong></span> 
     </span>
     <span class='ocr_line' id='line_1_14' title="bbox 91 2057 1425 2146; baseline 0.004 -23"><span class='ocrx_word' id='word_1_153' title='bbox 91 2059 252 2125; x_wconf 86' lang='lat' dir='ltr'><strong>condutto</strong></span> <span class='ocrx_word' id='word_1_154' title='bbox 268 2058 317 2124; x_wconf 89' lang='lat' dir='ltr'><strong>ch&#39;</strong></span> <span class='ocrx_word' id='word_1_155' title='bbox 329 2059 498 2126; x_wconf 80' lang='lat' dir='ltr'><strong>herevano</strong></span> <span class='ocrx_word' id='word_1_156' title='bbox 514 2081 668 2126; x_wconf 85' lang='lat' dir='ltr'><strong>concesso</strong></span> <span class='ocrx_word' id='word_1_157' title='bbox 691 2059 733 2125; x_wconf 76' lang='lat' dir='ltr'><strong>acl</strong></span> <span class='ocrx_word' id='word_1_158' title='bbox 749 2059 897 2143; x_wconf 88' lang='lat' dir='ltr'><strong>heretici,</strong></span> <span class='ocrx_word' id='word_1_159' title='bbox 921 2068 953 2125; x_wconf 88' lang='lat' dir='ltr'><strong>et</strong></span> <span class='ocrx_word' id='word_1_160' title='bbox 967 2081 1026 2146; x_wconf 90' lang='lat' dir='ltr'><strong>per</strong></span> <span class='ocrx_word' id='word_1_161' title='bbox 1039 2057 1071 2124; x_wconf 89' lang='lat' dir='ltr'><strong>le</strong></span> <span class='ocrx_word' id='word_1_162' title='bbox 1086 2080 1161 2124; x_wconf 88' lang='lat' dir='ltr'><strong>cose</strong></span> <span class='ocrx_word' id='word_1_163' title='bbox 1177 2058 1237 2124; x_wconf 90' lang='lat' dir='ltr'><strong>che</strong></span> <span class='ocrx_word' id='word_1_164' title='bbox 1253 2062 1425 2128; x_wconf 87' lang='lat' dir='ltr'><strong>couteniva</strong></span> 
     </span>
     <span class='ocr_line' id='line_1_15' title="bbox 91 2161 1421 2251; baseline 0.005 -25"><span class='ocrx_word' id='word_1_165' title='bbox 91 2161 239 2247; x_wconf 83' lang='lat' dir='ltr'><strong>l&#39;editto,</strong></span> <span class='ocrx_word' id='word_1_166' title='bbox 264 2186 385 2229; x_wconf 88' lang='lat' dir='ltr'><strong>senon</strong></span> <span class='ocrx_word' id='word_1_167' title='bbox 408 2161 545 2251; x_wconf 90' lang='lat' dir='ltr'><strong>qualche</strong></span> <span class='ocrx_word' id='word_1_168' title='bbox 568 2162 654 2229; x_wconf 92' lang='lat' dir='ltr'><strong>mala</strong></span> <span class='ocrx_word' id='word_1_169' title='bbox 675 2163 879 2231; x_wconf 86' lang='lat' dir='ltr'><strong>rissolutione</strong></span> <span class='ocrx_word' id='word_1_170' title='bbox 891 2214 900 2247; x_wconf 95' lang='lat'><strong>,</strong></span> <span class='ocrx_word' id='word_1_171' title='bbox 929 2173 962 2229; x_wconf 90' lang='lat' dir='ltr'><strong>et</strong></span> <span class='ocrx_word' id='word_1_172' title='bbox 989 2163 1048 2230; x_wconf 90' lang='lat' dir='ltr'><strong>che</strong></span> <span class='ocrx_word' id='word_1_173' title='bbox 1076 2164 1161 2230; x_wconf 87' lang='lat' dir='ltr'><strong>seria</strong></span> <span class='ocrx_word' id='word_1_174' title='bbox 1189 2171 1272 2230; x_wconf 84' lang='lat' dir='ltr'><strong>stato</strong></span> <span class='ocrx_word' id='word_1_175' title='bbox 1294 2163 1421 2251; x_wconf 84' lang='lat' dir='ltr'><strong>meglio,</strong></span> 
     </span>
     <span class='ocr_line' id='line_1_16' title="bbox 90 2265 1424 2356; baseline 0.004 -26"><span class='ocrx_word' id='word_1_176' title='bbox 90 2266 225 2352; x_wconf 87' lang='lat' dir='ltr'><strong>quando</strong></span> <span class='ocrx_word' id='word_1_177' title='bbox 251 2265 480 2334; x_wconf 86' lang='lat' dir='ltr'><strong>deliberassino</strong></span> <span class='ocrx_word' id='word_1_178' title='bbox 510 2267 648 2356; x_wconf 87' lang='lat' dir='ltr'><strong>qualche</strong></span> <span class='ocrx_word' id='word_1_179' title='bbox 671 2289 748 2334; x_wconf 87' lang='lat' dir='ltr'><strong>cosa</strong></span> <span class='ocrx_word' id='word_1_180' title='bbox 769 2291 834 2336; x_wconf 89' lang='lat' dir='ltr'><strong>non</strong></span> <span class='ocrx_word' id='word_1_181' title='bbox 856 2267 979 2351; x_wconf 90' lang='lat' dir='ltr'><strong>buona,</strong></span> <span class='ocrx_word' id='word_1_182' title='bbox 1014 2265 1073 2334; x_wconf 89' lang='lat' dir='ltr'><strong>che</strong></span> <span class='ocrx_word' id='word_1_183' title='bbox 1106 2269 1163 2355; x_wconf 90' lang='lat' dir='ltr'><strong>piu</strong></span> <span class='ocrx_word' id='word_1_184' title='bbox 1184 2277 1267 2334; x_wconf 89' lang='lat' dir='ltr'><strong>tosto</strong></span> <span class='ocrx_word' id='word_1_185' title='bbox 1291 2267 1333 2333; x_wconf 90' lang='lat' dir='ltr'><strong>da</strong></span> <span class='ocrx_word' id='word_1_186' title='bbox 1354 2267 1424 2336; x_wconf 90' lang='lat' dir='ltr'><strong>loro</strong></span> 
     </span>
     <span class='ocr_line' id='line_1_17' title="bbox 93 2370 1423 2460; baseline 0.003 -26"><span class='ocrx_word' id='word_1_187' title='bbox 93 2371 152 2435; x_wconf 85' lang='lat' dir='ltr'><strong>soli</strong></span> <span class='ocrx_word' id='word_1_188' title='bbox 168 2371 344 2437; x_wconf 87' lang='lat' dir='ltr'><strong>havcssino</strong></span> <span class='ocrx_word' id='word_1_189' title='bbox 367 2373 416 2438; x_wconf 92' lang='lat' dir='ltr'><strong>cio</strong></span> <span class='ocrx_word' id='word_1_190' title='bbox 438 2372 528 2456; x_wconf 85' lang='lat' dir='ltr'><strong>fatto,</strong></span> <span class='ocrx_word' id='word_1_191' title='bbox 552 2371 601 2438; x_wconf 87' lang='lat' dir='ltr'><strong>ch’</strong></span> <span class='ocrx_word' id='word_1_192' title='bbox 614 2372 751 2439; x_wconf 88' lang='lat' dir='ltr'><strong>essendo</strong></span> <span class='ocrx_word' id='word_1_193' title='bbox 774 2374 916 2460; x_wconf 85' lang='lat' dir='ltr'><strong>presenti</strong></span> <span class='ocrx_word' id='word_1_194' title='bbox 930 2371 953 2437; x_wconf 91' lang='lat' dir='ltr'><strong>li</strong></span> <span class='ocrx_word' id='word_1_195' title='bbox 968 2371 1076 2458; x_wconf 88' lang='lat' dir='ltr'><strong>legati.</strong></span> <span class='ocrx_word' id='word_1_196' title='bbox 1099 2371 1216 2438; x_wconf 87' lang='lat' dir='ltr'><strong>voleva</strong></span> <span class='ocrx_word' id='word_1_197' title='bbox 1230 2394 1351 2438; x_wconf 88' lang='lat' dir='ltr'><strong>ancora</strong></span> <span class='ocrx_word' id='word_1_198' title='bbox 1363 2370 1423 2438; x_wconf 90' lang='lat' dir='ltr'><strong>che</strong></span> 
     </span>
     <span class='ocr_line' id='line_1_18' title="bbox 92 2471 1485 2564; baseline 0.003 -26"><span class='ocrx_word' id='word_1_199' title='bbox 92 2471 124 2538; x_wconf 83' lang='lat' dir='ltr'><strong>S.</strong></span> <span class='ocrx_word' id='word_1_200' title='bbox 147 2471 197 2539; x_wconf 75' lang='lat' dir='ltr'><strong>S¹⁸</strong></span> <span class='ocrx_word' id='word_1_201' title='bbox 225 2475 349 2542; x_wconf 79' lang='lat' dir='ltr'><strong>facesse</strong></span> <span class='ocrx_word' id='word_1_202' title='bbox 372 2474 478 2542; x_wconf 86' lang='lat' dir='ltr'><strong>subito</strong></span> <span class='ocrx_word' id='word_1_203' title='bbox 501 2477 752 2563; x_wconf 81' lang='lat' dir='ltr'><strong>congregatione</strong></span> <span class='ocrx_word' id='word_1_204' title='bbox 774 2484 807 2542; x_wconf 91' lang='lat' dir='ltr'><strong>et</strong></span> <span class='ocrx_word' id='word_1_205' title='bbox 828 2499 892 2542; x_wconf 92' lang='lat' dir='ltr'><strong>non</strong></span> <span class='ocrx_word' id='word_1_206' title='bbox 924 2475 1080 2563; x_wconf 75' lang='lat' dir='ltr'><strong>differisse</strong></span> <span class='ocrx_word' id='word_1_207' title='bbox 1102 2476 1159 2564; x_wconf 91' lang='lat' dir='ltr'><strong>piu</strong></span> <span class='ocrx_word' id='word_1_208' title='bbox 1192 2473 1329 2563; x_wconf 90' lang='lat' dir='ltr'><strong>qualche</strong></span> <span class='ocrx_word' id='word_1_209' title='bbox 1351 2498 1423 2563; x_wconf 92' lang='lat' dir='ltr'><strong>pro·</strong></span> <span class='ocrx_word' id='word_1_210' title='bbox 1484 2521 1485 2525; x_wconf 57' lang='lat'><em>=</em></span> 
     </span>
     <span class='ocr_line' id='line_1_19' title="bbox 97 2573 1424 2666; baseline 0.005 -26"><span class='ocrx_word' id='word_1_211' title='bbox 97 2579 230 2644; x_wconf 81' lang='lat' dir='ltr'><strong>risione.</strong></span> <span class='ocrx_word' id='word_1_212' title='bbox 252 2602 306 2645; x_wconf 90' lang='lat' dir='ltr'><strong>ma</strong></span> <span class='ocrx_word' id='word_1_213' title='bbox 326 2575 437 2658; x_wconf 64' lang='lat'><strong>8:8²¹,</strong></span> <span class='ocrx_word' id='word_1_214' title='bbox 461 2580 488 2644; x_wconf 91' lang='lat' dir='ltr'><strong>si</strong></span> <span class='ocrx_word' id='word_1_215' title='bbox 511 2601 602 2646; x_wconf 89' lang='lat' dir='ltr'><strong>come</strong></span> <span class='ocrx_word' id='word_1_216' title='bbox 623 2578 665 2645; x_wconf 93' lang='lat' dir='ltr'><strong>lci</strong></span> <span class='ocrx_word' id='word_1_217' title='bbox 687 2580 729 2644; x_wconf 86' lang='lat' dir='ltr'><strong>m&#39;</strong></span> <span class='ocrx_word' id='word_1_218' title='bbox 740 2578 784 2645; x_wconf 90' lang='lat' dir='ltr'><strong>ha</strong></span> <span class='ocrx_word' id='word_1_219' title='bbox 806 2573 903 2664; x_wconf 87' lang='lat' dir='ltr'><strong>de&#39;ttc,</strong></span> <span class='ocrx_word' id='word_1_220' title='bbox 926 2579 949 2644; x_wconf 92' lang='lat' dir='ltr'><strong>li</strong></span> <span class='ocrx_word' id='word_1_221' title='bbox 963 2581 1089 2666; x_wconf 86' lang='lat' dir='ltr'><strong>rispose</strong></span> <span class='ocrx_word' id='word_1_222' title='bbox 1104 2578 1164 2645; x_wconf 89' lang='lat' dir='ltr'><strong>che</strong></span> <span class='ocrx_word' id='word_1_223' title='bbox 1178 2577 1210 2645; x_wconf 94' lang='lat' dir='ltr'><strong>lo</strong></span> <span class='ocrx_word' id='word_1_224' title='bbox 1225 2579 1424 2666; x_wconf 86' lang='lat' dir='ltr'><strong>ringratiava</strong></span> 
     </span>
     <span class='ocr_line' id='line_1_20' title="bbox 96 2679 1424 2772; baseline 0.003 -26"><span class='ocrx_word' id='word_1_225' title='bbox 96 2680 137 2746; x_wconf 84' lang='lat' dir='ltr'><strong>dil</strong></span> <span class='ocrx_word' id='word_1_226' title='bbox 160 2682 317 2768; x_wconf 86' lang='lat' dir='ltr'><strong>consiglio</strong></span> <span class='ocrx_word' id='word_1_227' title='bbox 340 2680 399 2750; x_wconf 89' lang='lat' dir='ltr'><strong>che</strong></span> <span class='ocrx_word' id='word_1_228' title='bbox 421 2681 444 2746; x_wconf 92' lang='lat' dir='ltr'><strong>li</strong></span> <span class='ocrx_word' id='word_1_229' title='bbox 466 2679 561 2765; x_wconf 84' lang='lat' dir='ltr'><strong>dave,</strong></span> <span class='ocrx_word' id='word_1_230' title='bbox 583 2706 637 2748; x_wconf 90' lang='lat' dir='ltr'><strong>ma</strong></span> <span class='ocrx_word' id='word_1_231' title='bbox 660 2683 719 2748; x_wconf 90' lang='lat' dir='ltr'><strong>che</strong></span> <span class='ocrx_word' id='word_1_232' title='bbox 742 2681 785 2748; x_wconf 90' lang='lat' dir='ltr'><strong>lui</strong></span> <span class='ocrx_word' id='word_1_233' title='bbox 803 2682 930 2750; x_wconf 79' lang='lat' dir='ltr'><strong>dovera</strong></span> <span class='ocrx_word' id='word_1_234' title='bbox 944 2705 1058 2772; x_wconf 84' lang='lat' dir='ltr'><strong>sapere</strong></span> <span class='ocrx_word' id='word_1_235' title='bbox 1074 2681 1133 2748; x_wconf 90' lang='lat' dir='ltr'><strong>eho</strong></span> <span class='ocrx_word' id='word_1_236' title='bbox 1147 2705 1213 2748; x_wconf 90' lang='lat' dir='ltr'><strong>non</strong></span> <span class='ocrx_word' id='word_1_237' title='bbox 1227 2681 1355 2748; x_wconf 81' lang='lat' dir='ltr'><strong>havera</strong></span> <span class='ocrx_word' id='word_1_238' title='bbox 1369 2685 1424 2770; x_wconf 89' lang='lat' dir='ltr'><strong>gia</strong></span> 
     </span>
     <span class='ocr_line' id='line_1_21' title="bbox 97 2784 1423 2870; baseline 0.003 -20"><span class='ocrx_word' id='word_1_239' title='bbox 97 2795 183 2854; x_wconf 86' lang='lat' dir='ltr'><strong>tante</strong></span> <span class='ocrx_word' id='word_1_240' title='bbox 199 2787 280 2854; x_wconf 89' lang='lat' dir='ltr'><strong>mesi</strong></span> <span class='ocrx_word' id='word_1_241' title='bbox 294 2793 444 2870; x_wconf 83' lang='lat' dir='ltr'><strong>mancato</strong></span> <span class='ocrx_word' id='word_1_242' title='bbox 461 2809 522 2851; x_wconf 93' lang='lat' dir='ltr'><strong>con</strong></span> <span class='ocrx_word' id='word_1_243' title='bbox 537 2785 610 2851; x_wconf 85' lang='lat' dir='ltr'><strong>tutti</strong></span> <span class='ocrx_word' id='word_1_244' title='bbox 626 2784 649 2851; x_wconf 92' lang='lat' dir='ltr'><strong>li</strong></span> <span class='ocrx_word' id='word_1_245' title='bbox 663 2785 751 2853; x_wconf 85' lang='lat' dir='ltr'><strong>modi</strong></span> <span class='ocrx_word' id='word_1_246' title='bbox 767 2786 799 2852; x_wconf 89' lang='lat' dir='ltr'><strong>di</strong></span> <span class='ocrx_word' id='word_1_247' title='bbox 816 2785 1027 2853; x_wconf 87' lang='lat' dir='ltr'><strong>dimonstrare</strong></span> <span class='ocrx_word' id='word_1_248' title='bbox 1043 2809 1063 2852; x_wconf 90' lang='lat' dir='ltr'><strong>a</strong></span> <span class='ocrx_word' id='word_1_249' title='bbox 1077 2785 1241 2870; x_wconf 80' lang='lat' dir='ltr'><strong>Francesi,</strong></span> <span class='ocrx_word' id='word_1_250' title='bbox 1259 2786 1307 2852; x_wconf 87' lang='lat' dir='ltr'><strong>ch’</strong></span> <span class='ocrx_word' id='word_1_251' title='bbox 1320 2809 1340 2851; x_wconf 93' lang='lat' dir='ltr'><strong>a</strong></span> <span class='ocrx_word' id='word_1_252' title='bbox 1353 2786 1423 2854; x_wconf 90' lang='lat' dir='ltr'><strong>loro</strong></span> 
     </span>
     <span class='ocr_line' id='line_1_22' title="bbox 97 2887 1421 2978; baseline 0.004 -26"><span class='ocrx_word' id='word_1_253' title='bbox 97 2911 158 2955; x_wconf 88' lang='lat' dir='ltr'><strong>non</strong></span> <span class='ocrx_word' id='word_1_254' title='bbox 179 2890 359 2956; x_wconf 87' lang='lat' dir='ltr'><strong>conveniva</strong></span> <span class='ocrx_word' id='word_1_255' title='bbox 382 2887 417 2954; x_wconf 89' lang='lat' dir='ltr'><strong>di·</strong></span> <span class='ocrx_word' id='word_1_256' title='bbox 436 2898 543 2956; x_wconf 89' lang='lat' dir='ltr'><strong>mutar</strong></span> <span class='ocrx_word' id='word_1_257' title='bbox 563 2889 728 2976; x_wconf 80' lang='lat' dir='ltr'><strong>religione,</strong></span> <span class='ocrx_word' id='word_1_258' title='bbox 750 2887 869 2978; x_wconf 88' lang='lat' dir='ltr'><strong>perche</strong></span> <span class='ocrx_word' id='word_1_259' title='bbox 889 2889 1066 2956; x_wconf 77' lang='lat' dir='ltr'><strong>hever-iano</strong></span> <span class='ocrx_word' id='word_1_260' title='bbox 1096 2911 1202 2956; x_wconf 85' lang='lat' dir='ltr'><strong>meeso</strong></span> <span class='ocrx_word' id='word_1_261' title='bbox 1224 2890 1258 2954; x_wconf 92' lang='lat' dir='ltr'><strong>in</strong></span> <span class='ocrx_word' id='word_1_262' title='bbox 1279 2889 1421 2976; x_wconf 88' lang='lat' dir='ltr'><strong>pericolo</strong></span> 
     </span>
     <span class='ocr_line' id='line_1_23' title="bbox 97 2991 1421 3082; baseline 0.001 -23"><span class='ocrx_word' id='word_1_263' title='bbox 97 2993 168 3079; x_wconf 89' lang='lat' dir='ltr'><strong>quel</strong></span> <span class='ocrx_word' id='word_1_264' title='bbox 190 3017 300 3082; x_wconf 86' lang='lat' dir='ltr'><strong>regno,</strong></span> <span class='ocrx_word' id='word_1_265' title='bbox 324 2991 473 3062; x_wconf 82' lang='lat' dir='ltr'><strong>dovendo</strong></span> <span class='ocrx_word' id='word_1_266' title='bbox 495 2992 564 3061; x_wconf 92' lang='lat' dir='ltr'><strong>loro</strong></span> <span class='ocrx_word' id='word_1_267' title='bbox 587 3017 693 3060; x_wconf 88' lang='lat' dir='ltr'><strong>essere</strong></span> <span class='ocrx_word' id='word_1_268' title='bbox 722 3003 808 3060; x_wconf 90' lang='lat' dir='ltr'><strong>certe</strong></span> <span class='ocrx_word' id='word_1_269' title='bbox 831 2993 889 3060; x_wconf 90' lang='lat' dir='ltr'><strong>che</strong></span> <span class='ocrx_word' id='word_1_270' title='bbox 912 2997 985 3060; x_wconf 88' lang='lat' dir='ltr'><strong>tutti</strong></span> <span class='ocrx_word' id='word_1_271' title='bbox 1013 3017 1078 3061; x_wconf 91' lang='lat' dir='ltr'><strong>nou</strong></span> <span class='ocrx_word' id='word_1_272' title='bbox 1106 3016 1204 3060; x_wconf 86' lang='lat' dir='ltr'><strong>erano</strong></span> <span class='ocrx_word' id='word_1_273' title='bbox 1231 2993 1365 3060; x_wconf 89' lang='lat' dir='ltr'><strong>heretici</strong></span> <span class='ocrx_word' id='word_1_274' title='bbox 1387 2995 1421 3060; x_wconf 94' lang='lat' dir='ltr'><strong>in</strong></span> 
     </span>
     <span class='ocr_line' id='line_1_24' title="bbox 97 3093 1423 3186; baseline 0.002 -26"><span class='ocrx_word' id='word_1_275' title='bbox 97 3095 242 3181; x_wconf 78' lang='lat' dir='ltr'><strong>Francia,</strong></span> <span class='ocrx_word' id='word_1_276' title='bbox 265 3100 334 3162; x_wconf 88' lang='lat' dir='ltr'><strong>ansi</strong></span> <span class='ocrx_word' id='word_1_277' title='bbox 357 3095 484 3163; x_wconf 85' lang='lat' dir='ltr'><strong>&#39;ch&#39;una</strong></span> <span class='ocrx_word' id='word_1_278' title='bbox 502 3119 584 3184; x_wconf 88' lang='lat' dir='ltr'><strong>gran</strong></span> <span class='ocrx_word' id='word_1_279' title='bbox 604 3107 697 3185; x_wconf 87' lang='lat' dir='ltr'><strong>parte</strong></span> <span class='ocrx_word' id='word_1_280' title='bbox 720 3119 776 3164; x_wconf 88' lang='lat' dir='ltr'><strong>era</strong></span> <span class='ocrx_word' id='word_1_281' title='bbox 798 3097 943 3182; x_wconf 89' lang='lat' dir='ltr'><strong>catolica,</strong></span> <span class='ocrx_word' id='word_1_282' title='bbox 967 3108 999 3165; x_wconf 89' lang='lat' dir='ltr'><strong>et</strong></span> <span class='ocrx_word' id='word_1_283' title='bbox 1021 3093 1080 3164; x_wconf 87' lang='lat' dir='ltr'><strong>che</strong></span> <span class='ocrx_word' id='word_1_284' title='bbox 1102 3106 1217 3186; x_wconf 86' lang='lat' dir='ltr'><strong>questa</strong></span> <span class='ocrx_word' id='word_1_285' title='bbox 1236 3096 1281 3162; x_wconf 88' lang='lat' dir='ltr'><strong>lui</strong></span> <span class='ocrx_word' id='word_1_286' title='bbox 1302 3119 1368 3163; x_wconf 91' lang='lat' dir='ltr'><strong>non</strong></span> <span class='ocrx_word' id='word_1_287' title='bbox 1390 3095 1423 3163; x_wconf 90' lang='lat' dir='ltr'><strong>la</strong></span> 
     </span>
     <span class='ocr_line' id='line_1_25' title="bbox 97 3186 1421 3288; baseline 0.004 -26"><span class='ocrx_word' id='word_1_288' title='bbox 97 3197 326 3284; x_wconf 81' lang='lat' dir='ltr'><strong>abandonaria,</strong></span> <span class='ocrx_word' id='word_1_289' title='bbox 349 3223 402 3266; x_wconf 89' lang='lat' dir='ltr'><strong>ma</strong></span> <span class='ocrx_word' id='word_1_290' title='bbox 423 3201 481 3288; x_wconf 90' lang='lat' dir='ltr'><strong>piu</strong></span> <span class='ocrx_word' id='word_1_291' title='bbox 501 3209 585 3266; x_wconf 88' lang='lat' dir='ltr'><strong>tosto</strong></span> <span class='ocrx_word' id='word_1_292' title='bbox 609 3223 670 3268; x_wconf 91' lang='lat' dir='ltr'><strong>con</strong></span> <span class='ocrx_word' id='word_1_293' title='bbox 691 3210 772 3268; x_wconf 89' lang='lat' dir='ltr'><strong>tutte</strong></span> <span class='ocrx_word' id='word_1_294' title='bbox 794 3199 825 3267; x_wconf 88' lang='lat' dir='ltr'><strong>le</strong></span> <span class='ocrx_word' id='word_1_295' title='bbox 846 3201 931 3267; x_wconf 86' lang='lat' dir='ltr'><strong>forse</strong></span> <span class='ocrx_word' id='word_1_296' title='bbox 954 3186 1012 3267; x_wconf 84' lang='lat' dir='ltr'><strong>sue</strong></span> <span class='ocrx_word' id='word_1_297' title='bbox 1034 3199 1068 3265; x_wconf 87' lang='lat' dir='ltr'><strong>la</strong></span> <span class='ocrx_word' id='word_1_298' title='bbox 1090 3202 1274 3267; x_wconf 84' lang='lat' dir='ltr'><strong>sosteneria.</strong></span> <span class='ocrx_word' id='word_1_299' title='bbox 1298 3209 1421 3287; x_wconf 86' lang='lat' dir='ltr'><strong>questo,</strong></span> 
     </span>
     <span class='ocr_line' id='line_1_26' title="bbox 99 3301 1421 3388; baseline 0.002 -21"><span class='ocrx_word' id='word_1_300' title='bbox 99 3301 191 3384; x_wconf 85' lang='lat' dir='ltr'><strong>disse,</strong></span> <span class='ocrx_word' id='word_1_301' title='bbox 214 3305 293 3370; x_wconf 91' lang='lat' dir='ltr'><strong>oltre</strong></span> <span class='ocrx_word' id='word_1_302' title='bbox 314 3304 338 3370; x_wconf 90' lang='lat' dir='ltr'><strong>li</strong></span> <span class='ocrx_word' id='word_1_303' title='bbox 360 3303 433 3372; x_wconf 85' lang='lat' dir='ltr'><strong>altri</strong></span> <span class='ocrx_word' id='word_1_304' title='bbox 455 3305 553 3370; x_wconf 87' lang='lat' dir='ltr'><strong>officii</strong></span> <span class='ocrx_word' id='word_1_305' title='bbox 575 3305 712 3372; x_wconf 87' lang='lat' dir='ltr'><strong>havemo</strong></span> <span class='ocrx_word' id='word_1_306' title='bbox 735 3302 814 3371; x_wconf 85' lang='lat' dir='ltr'><strong>fatto</strong></span> <span class='ocrx_word' id='word_1_307' title='bbox 836 3307 900 3388; x_wconf 92' lang='lat' dir='ltr'><strong>noi,</strong></span> <span class='ocrx_word' id='word_1_308' title='bbox 925 3314 957 3370; x_wconf 92' lang='lat' dir='ltr'><strong>et</strong></span> <span class='ocrx_word' id='word_1_309' title='bbox 979 3303 1059 3370; x_wconf 87' lang='lat' dir='ltr'><strong>seli</strong></span> <span class='ocrx_word' id='word_1_310' title='bbox 1081 3303 1153 3370; x_wconf 85' lang='lat' dir='ltr'><strong>altri</strong></span> <span class='ocrx_word' id='word_1_311' title='bbox 1168 3328 1234 3370; x_wconf 90' lang='lat' dir='ltr'><strong>non</strong></span> <span class='ocrx_word' id='word_1_312' title='bbox 1248 3304 1421 3371; x_wconf 85' lang='lat' dir='ltr'><strong>havessiuo</strong></span> 
     </span>
     <span class='ocr_line' id='line_1_27' title="bbox 97 3406 1421 3500; baseline 0.003 -30"><span class='ocrx_word' id='word_1_313' title='bbox 97 3429 201 3474; x_wconf 86' lang='lat' dir='ltr'><strong>nesso</strong></span> <span class='ocrx_word' id='word_1_314' title='bbox 222 3406 461 3495; x_wconf 88' lang='lat' dir='ltr'><strong>impedimento,</strong></span> <span class='ocrx_word' id='word_1_315' title='bbox 485 3408 562 3474; x_wconf 88' lang='lat' dir='ltr'><strong>forsi</strong></span> <span class='ocrx_word' id='word_1_316' title='bbox 586 3408 646 3474; x_wconf 90' lang='lat' dir='ltr'><strong>che</strong></span> <span class='ocrx_word' id='word_1_317' title='bbox 668 3407 699 3476; x_wconf 90' lang='lat' dir='ltr'><strong>le</strong></span> <span class='ocrx_word' id='word_1_318' title='bbox 722 3431 797 3474; x_wconf 84' lang='lat' dir='ltr'><strong>coeo</strong></span> <span class='ocrx_word' id='word_1_319' title='bbox 820 3406 977 3474; x_wconf 88' lang='lat' dir='ltr'><strong>sarebono</strong></span> <span class='ocrx_word' id='word_1_320' title='bbox 1003 3409 1036 3472; x_wconf 91' lang='lat' dir='ltr'><strong>in</strong></span> <span class='ocrx_word' id='word_1_321' title='bbox 1052 3406 1134 3474; x_wconf 87' lang='lat' dir='ltr'><strong>altro</strong></span> <span class='ocrx_word' id='word_1_322' title='bbox 1149 3408 1295 3500; x_wconf 84' lang='lat' dir='ltr'><strong>termine,</strong></span> <span class='ocrx_word' id='word_1_323' title='bbox 1319 3417 1352 3473; x_wconf 93' lang='lat' dir='ltr'><strong>et</strong></span> <span class='ocrx_word' id='word_1_324' title='bbox 1367 3410 1421 3474; x_wconf 90' lang='lat' dir='ltr'><strong>voi</strong></span> 
     </span>
     <span class='ocr_line' id='line_1_28' title="bbox 96 3501 1467 3607; baseline 0.004 -36"><span class='ocrx_word' id='word_1_325' title='bbox 96 3506 125 3574; x_wconf 89' lang='lat' dir='ltr'><strong>lo</strong></span> <span class='ocrx_word' id='word_1_326' title='bbox 147 3519 273 3598; x_wconf 87' lang='lat' dir='ltr'><strong>sapete;</strong></span> <span class='ocrx_word' id='word_1_327' title='bbox 295 3510 435 3578; x_wconf 83' lang='lat' dir='ltr'><strong>volendo</strong></span> <span class='ocrx_word' id='word_1_328' title='bbox 457 3511 588 3579; x_wconf 85' lang='lat' dir='ltr'><strong>inferire</strong></span> <span class='ocrx_word' id='word_1_329' title='bbox 610 3511 693 3579; x_wconf 89' lang='lat' dir='ltr'><strong>ch&#39;il</strong></span> <span class='ocrx_word' id='word_1_330' title='bbox 716 3535 751 3578; x_wconf 88' lang='lat' dir='ltr'><strong>re</strong></span> <span class='ocrx_word' id='word_1_331' title='bbox 773 3511 910 3578; x_wconf 87' lang='lat' dir='ltr'><strong>catolico</strong></span> <span class='ocrx_word' id='word_1_332' title='bbox 933 3533 1089 3607; x_wconf 83' lang='lat' dir='ltr'><strong>persuaso</strong></span> <span class='ocrx_word' id='word_1_333' title='bbox 1112 3501 1167 3576; x_wconf 90' lang='lat' dir='ltr'><strong>dal</strong></span> <span class='ocrx_word' id='word_1_334' title='bbox 1183 3509 1270 3576; x_wconf 88' lang='lat' dir='ltr'><strong>detto</strong></span> <span class='ocrx_word' id='word_1_335' title='bbox 1286 3508 1321 3577; x_wconf 65' lang='lat' dir='ltr'><strong>S*</strong></span> <span class='ocrx_word' id='word_1_336' title='bbox 1339 3509 1420 3578; x_wconf 90' lang='lat' dir='ltr'><strong>Var-</strong></span> <span class='ocrx_word' id='word_1_337' title='bbox 1465 3597 1467 3602; x_wconf 23' lang='grc' dir='ltr'>Ι</span> 
     </span>
     <span class='ocr_line' id='line_1_29' title="bbox 96 3612 1421 3700; baseline 0.002 -21"><span class='ocrx_word' id='word_1_338' title='bbox 96 3637 152 3700; x_wconf 83' lang='lat' dir='ltr'><strong>gae</strong></span> <span class='ocrx_word' id='word_1_339' title='bbox 182 3614 309 3681; x_wconf 80' lang='lat' dir='ltr'><strong>havera</strong></span> <span class='ocrx_word' id='word_1_340' title='bbox 340 3613 476 3682; x_wconf 84' lang='lat' dir='ltr'><strong>differito</strong></span> <span class='ocrx_word' id='word_1_341' title='bbox 498 3617 531 3680; x_wconf 89' lang='lat' dir='ltr'><strong>in</strong></span> <span class='ocrx_word' id='word_1_342' title='bbox 561 3623 704 3682; x_wconf 85' lang='lat' dir='ltr'><strong>accettar</strong></span> <span class='ocrx_word' id='word_1_343' title='bbox 726 3614 758 3682; x_wconf 91' lang='lat' dir='ltr'><strong>la</strong></span> <span class='ocrx_word' id='word_1_344' title='bbox 779 3612 868 3681; x_wconf 93' lang='lat' dir='ltr'><strong>bolla</strong></span> <span class='ocrx_word' id='word_1_345' title='bbox 890 3613 935 3680; x_wconf 88' lang='lat' dir='ltr'><strong>dil</strong></span> <span class='ocrx_word' id='word_1_346' title='bbox 963 3614 1114 3699; x_wconf 91' lang='lat' dir='ltr'><strong>concilio,</strong></span> <span class='ocrx_word' id='word_1_347' title='bbox 1143 3613 1198 3680; x_wconf 88' lang='lat' dir='ltr'><strong>dal</strong></span> <span class='ocrx_word' id='word_1_348' title='bbox 1221 3613 1280 3680; x_wconf 91' lang='lat' dir='ltr'><strong>che</strong></span> <span class='ocrx_word' id='word_1_349' title='bbox 1301 3635 1343 3679; x_wconf 93' lang='lat' dir='ltr'><strong>ne</strong></span> <span class='ocrx_word' id='word_1_350' title='bbox 1365 3637 1421 3681; x_wconf 88' lang='lat' dir='ltr'><strong>era</strong></span> 
     </span>
     <span class='ocr_line' id='line_1_30' title="bbox 96 3716 1419 3807; baseline 0 -24"><span class='ocrx_word' id='word_1_351' title='bbox 96 3721 145 3802; x_wconf 91' lang='lat' dir='ltr'><strong>poi</strong></span> <span class='ocrx_word' id='word_1_352' title='bbox 166 3728 244 3784; x_wconf 88' lang='lat' dir='ltr'><strong>nata</strong></span> <span class='ocrx_word' id='word_1_353' title='bbox 266 3727 382 3806; x_wconf 89' lang='lat' dir='ltr'><strong>questa</strong></span> <span class='ocrx_word' id='word_1_354' title='bbox 403 3720 662 3806; x_wconf 85' lang='lat' dir='ltr'><strong>congregatione.</strong></span> <span class='ocrx_word' id='word_1_355' title='bbox 686 3727 806 3807; x_wconf 90' lang='lat' dir='ltr'><strong>quanto</strong></span> <span class='ocrx_word' id='word_1_356' title='bbox 829 3719 884 3805; x_wconf 90' lang='lat' dir='ltr'><strong>poi</strong></span> <span class='ocrx_word' id='word_1_357' title='bbox 906 3717 961 3783; x_wconf 91' lang='lat' dir='ltr'><strong>alli</strong></span> <span class='ocrx_word' id='word_1_358' title='bbox 982 3716 1081 3804; x_wconf 87' lang='lat' dir='ltr'><strong>legati</strong></span> <span class='ocrx_word' id='word_1_359' title='bbox 1110 3719 1250 3805; x_wconf 78' lang='lat' dir='ltr'><strong>risposet</strong></span> <span class='ocrx_word' id='word_1_360' title='bbox 1273 3716 1296 3782; x_wconf 95' lang='lat' dir='ltr'><strong>li</strong></span> <span class='ocrx_word' id='word_1_361' title='bbox 1317 3720 1419 3784; x_wconf 89' lang='lat' dir='ltr'><strong>nostri</strong></span> 
     </span>
     <span class='ocr_line' id='line_1_31' title="bbox 98 3817 1419 3909; baseline 0.003 -26"><span class='ocrx_word' id='word_1_362' title='bbox 98 3817 200 3906; x_wconf 88' lang='lat' dir='ltr'><strong>legati,</strong></span> <span class='ocrx_word' id='word_1_363' title='bbox 224 3820 355 3908; x_wconf 78' lang='lat' dir='ltr'><strong>quando</strong></span> <span class='ocrx_word' id='word_1_364' title='bbox 378 3820 541 3888; x_wconf 88' lang='lat' dir='ltr'><strong>vederano</strong></span> <span class='ocrx_word' id='word_1_365' title='bbox 564 3819 624 3888; x_wconf 90' lang='lat' dir='ltr'><strong>che</strong></span> <span class='ocrx_word' id='word_1_366' title='bbox 646 3821 677 3886; x_wconf 89' lang='lat' dir='ltr'><strong>le</strong></span> <span class='ocrx_word' id='word_1_367' title='bbox 699 3844 775 3888; x_wconf 88' lang='lat' dir='ltr'><strong>cose</strong></span> <span class='ocrx_word' id='word_1_368' title='bbox 796 3823 928 3909; x_wconf 90' lang='lat' dir='ltr'><strong>passino</strong></span> <span class='ocrx_word' id='word_1_369' title='bbox 950 3821 1043 3900; x_wconf 89' lang='lat' dir='ltr'><strong>male,</strong></span> <span class='ocrx_word' id='word_1_370' title='bbox 1067 3829 1291 3908; x_wconf 88' lang='lat' dir='ltr'><strong>protestarano</strong></span> <span class='ocrx_word' id='word_1_371' title='bbox 1307 3830 1340 3888; x_wconf 91' lang='lat' dir='ltr'><strong>et</strong></span> <span class='ocrx_word' id='word_1_372' title='bbox 1353 3843 1419 3888; x_wconf 91' lang='lat' dir='ltr'><strong>non</strong></span> 
     </span>
     <span class='ocr_line' id='line_1_32' title="bbox 99 3923 1416 4012; baseline 0.002 -25"><span class='ocrx_word' id='word_1_373' title='bbox 99 3945 253 3990; x_wconf 85' lang='lat' dir='ltr'><strong>vorranno</strong></span> <span class='ocrx_word' id='word_1_374' title='bbox 276 3926 441 3991; x_wconf 90' lang='lat' dir='ltr'><strong>ritrovarsi</strong></span> <span class='ocrx_word' id='word_1_375' title='bbox 464 3927 615 4012; x_wconf 87' lang='lat' dir='ltr'><strong>presenti.</strong></span> <span class='ocrx_word' id='word_1_376' title='bbox 639 3925 663 3989; x_wconf 87' lang='lat' dir='ltr'><strong>e&#39;</strong></span> <span class='ocrx_word' id='word_1_377' title='bbox 675 3924 806 3992; x_wconf 87' lang='lat' dir='ltr'><strong>intende</strong></span> <span class='ocrx_word' id='word_1_378' title='bbox 834 3923 894 3991; x_wconf 90' lang='lat' dir='ltr'><strong>che</strong></span> <span class='ocrx_word' id='word_1_379' title='bbox 923 3925 1007 4012; x_wconf 90' lang='lat' dir='ltr'><strong>dopo</strong></span> <span class='ocrx_word' id='word_1_380' title='bbox 1038 3925 1097 3991; x_wconf 90' lang='lat' dir='ltr'><strong>che</strong></span> <span class='ocrx_word' id='word_1_381' title='bbox 1119 3925 1154 3990; x_wconf 86' lang='lat' dir='ltr'><strong>fu</strong></span> <span class='ocrx_word' id='word_1_382' title='bbox 1174 3927 1294 4011; x_wconf 87' lang='lat' dir='ltr'><strong>partito</strong></span> <span class='ocrx_word' id='word_1_383' title='bbox 1318 3923 1362 3989; x_wconf 90' lang='lat' dir='ltr'><strong>da</strong></span> <span class='ocrx_word' id='word_1_384' title='bbox 1383 3923 1416 3991; x_wconf 90' lang='lat' dir='ltr'><strong>S.</strong></span> 
     </span>
    </p>
   </div>
   <div class='ocr_carea' id='block_1_4' title="bbox 11 4025 1419 4116">
    <p class='ocr_par' dir='ltr' id='par_1_4' title="bbox 11 4025 1419 4116">
     <span class='ocr_line' id='line_1_33' title="bbox 11 4025 1419 4116; baseline 0.001 -25"><span class='ocrx_word' id='word_1_385' title='bbox 11 4037 12 4040; x_wconf 76' lang='grc'>’</span> <span class='ocrx_word' id='word_1_386' title='bbox 98 4025 140 4091; x_wconf 77' lang='lat'><strong>8¹⁸</strong></span> <span class='ocrx_word' id='word_1_387' title='bbox 171 4027 192 4093; x_wconf 91' lang='lat' dir='ltr'><strong>il</strong></span> <span class='ocrx_word' id='word_1_388' title='bbox 222 4027 257 4094; x_wconf 77' lang='lat' dir='ltr'><strong>Sr</strong></span> <span class='ocrx_word' id='word_1_389' title='bbox 287 4027 434 4116; x_wconf 84' lang='lat' dir='ltr'><strong>Vargas,</strong></span> <span class='ocrx_word' id='word_1_390' title='bbox 465 4026 524 4094; x_wconf 91' lang='lat' dir='ltr'><strong>che</strong></span> <span class='ocrx_word' id='word_1_391' title='bbox 554 4027 592 4094; x_wconf 90' lang='lat' dir='ltr'><strong>S.</strong></span> <span class='ocrx_word' id='word_1_392' title='bbox 616 4026 669 4095; x_wconf 44' lang='lat' dir='ltr'><strong>Sa*</strong></span> <span class='ocrx_word' id='word_1_393' title='bbox 692 4028 793 4095; x_wconf 87' lang='lat' dir='ltr'><strong>disse:</strong></span> <span class='ocrx_word' id='word_1_394' title='bbox 828 4029 930 4116; x_wconf 86' lang='lat' dir='ltr'><strong>quest’</strong></span> <span class='ocrx_word' id='word_1_395' title='bbox 948 4027 1066 4094; x_wconf 90' lang='lat' dir='ltr'><strong>huomo</strong></span> <span class='ocrx_word' id='word_1_396' title='bbox 1094 4050 1196 4115; x_wconf 85' lang='lat' dir='ltr'><strong>pensa</strong></span> <span class='ocrx_word' id='word_1_397' title='bbox 1229 4050 1356 4116; x_wconf 89' lang='lat' dir='ltr'><strong>sempre</strong></span> <span class='ocrx_word' id='word_1_398' title='bbox 1387 4027 1419 4093; x_wconf 88' lang='lat' dir='ltr'><strong>di</strong></span> 
     </span>
    </p>
   </div>
   <div class='ocr_carea' id='block_1_5' title="bbox 11 4149 13 4251">
    <p class='ocr_par' dir='ltr' id='par_1_5' title="bbox 11 4126 13 4251">
     <span class='ocr_line' id='line_1_34' title="bbox 11 4149 13 4251; baseline 0 0"><span class='ocrx_word' id='word_1_399' title='bbox 11 4149 13 4251; x_wconf 77' lang='lat' dir='ltr'><strong>l</strong></span> 
     </span>
    </p>
   </div>
   <div class='ocr_carea' id='block_1_6' title="bbox 11 4290 13 4352">
    <p class='ocr_par' dir='ltr' id='par_1_6' title="bbox 11 4290 13 4352">
     <span class='ocr_line' id='line_1_35' title="bbox 11 4290 13 4352; baseline 0 0"><span class='ocrx_word' id='word_1_400' title='bbox 11 4290 13 4352; x_wconf 87' lang='lat' dir='ltr'><strong>l</strong></span> 
     </span>
    </p>
   </div>
   <div class='ocr_carea' id='block_1_7' title="bbox 98 4129 1420 4322">
    <p class='ocr_par' dir='ltr' id='par_1_7' title="bbox 98 4129 1420 4322">
     <span class='ocr_line' id='line_1_36' title="bbox 100 4129 1420 4218; baseline 0.004 -25"><span class='ocrx_word' id='word_1_401' title='bbox 100 4130 280 4218; x_wconf 90' lang='lat' dir='ltr'><strong>riprendere</strong></span> <span class='ocrx_word' id='word_1_402' title='bbox 304 4133 380 4218; x_wconf 91' lang='lat' dir='ltr'><strong>ogni</strong></span> <span class='ocrx_word' id='word_1_403' title='bbox 402 4131 467 4196; x_wconf 86' lang='lat' dir='ltr'><strong>mia</strong></span> <span class='ocrx_word' id='word_1_404' title='bbox 489 4132 620 4216; x_wconf 89' lang='lat' dir='ltr'><strong>attione,</strong></span> <span class='ocrx_word' id='word_1_405' title='bbox 644 4154 698 4198; x_wconf 91' lang='lat' dir='ltr'><strong>ma</strong></span> <span class='ocrx_word' id='word_1_406' title='bbox 719 4154 792 4198; x_wconf 82' lang='lat' dir='ltr'><strong>esso</strong></span> <span class='ocrx_word' id='word_1_407' title='bbox 808 4132 833 4196; x_wconf 88' lang='lat' dir='ltr'><strong>s&#39;</strong></span> <span class='ocrx_word' id='word_1_408' title='bbox 845 4133 997 4217; x_wconf 84' lang='lat' dir='ltr'><strong>ingauna,</strong></span> <span class='ocrx_word' id='word_1_409' title='bbox 1020 4129 1139 4218; x_wconf 90' lang='lat' dir='ltr'><strong>perche</strong></span> <span class='ocrx_word' id='word_1_410' title='bbox 1154 4129 1177 4194; x_wconf 93' lang='lat' dir='ltr'><strong>il</strong></span> <span class='ocrx_word' id='word_1_411' title='bbox 1192 4153 1256 4198; x_wconf 90' lang='lat' dir='ltr'><strong>non</strong></span> <span class='ocrx_word' id='word_1_412' title='bbox 1272 4132 1316 4196; x_wconf 88' lang='lat' dir='ltr'><strong>mi</strong></span> <span class='ocrx_word' id='word_1_413' title='bbox 1332 4139 1420 4198; x_wconf 87' lang='lat' dir='ltr'><strong>stara</strong></span> 
     </span>
     <span class='ocr_line' id='line_1_37' title="bbox 98 4231 1128 4322; baseline 0.002 -26"><span class='ocrx_word' id='word_1_414' title='bbox 98 4255 256 4322; x_wconf 87' lang='lat' dir='ltr'><strong>appresso,</strong></span> <span class='ocrx_word' id='word_1_415' title='bbox 280 4243 312 4300; x_wconf 89' lang='lat' dir='ltr'><strong>et</strong></span> <span class='ocrx_word' id='word_1_416' title='bbox 333 4234 441 4322; x_wconf 87' lang='lat' dir='ltr'><strong>voglio</strong></span> <span class='ocrx_word' id='word_1_417' title='bbox 465 4231 525 4300; x_wconf 89' lang='lat' dir='ltr'><strong>che</strong></span> <span class='ocrx_word' id='word_1_418' title='bbox 545 4257 605 4322; x_wconf 91' lang='lat' dir='ltr'><strong>per</strong></span> <span class='ocrx_word' id='word_1_419' title='bbox 628 4237 706 4301; x_wconf 89' lang='lat' dir='ltr'><strong>niun</strong></span> <span class='ocrx_word' id='word_1_420' title='bbox 729 4244 823 4302; x_wconf 91' lang='lat' dir='ltr'><strong>conto</strong></span> <span class='ocrx_word' id='word_1_421' title='bbox 847 4233 919 4301; x_wconf 89' lang='lat' dir='ltr'><strong>chel</strong></span> <span class='ocrx_word' id='word_1_422' title='bbox 941 4241 980 4301; x_wconf 87' lang='lat' dir='ltr'><strong>ce&#39;</strong></span> <span class='ocrx_word' id='word_1_423' title='bbox 1001 4235 1053 4299; x_wconf 84' lang='lat' dir='ltr'><strong>etii</strong></span> <span class='ocrx_word' id='word_1_424' title='bbox 1069 4282 1077 4298; x_wconf 92' lang='lat'><strong>.</strong></span> <span class='ocrx_word' id='word_1_425' title='bbox 1095 4283 1128 4299; x_wconf 89' lang='lat'><strong>..</strong></span> 
     </span>
    </p>
   </div>
   <div class='ocr_carea' id='block_1_8' title="bbox 158 4386 1420 5150">
    <p class='ocr_par' dir='ltr' id='par_1_8' title="bbox 158 4386 1420 5150">
     <span class='ocr_line' id='line_1_38' title="bbox 225 4386 1420 4460; baseline -0.002 -18"><span class='ocrx_word' id='word_1_426' title='bbox 225 4392 277 4442; x_wconf 88' lang='lat' dir='ltr'><strong>Die</strong></span> <span class='ocrx_word' id='word_1_427' title='bbox 295 4391 394 4458; x_wconf 81' lang='lat' dir='ltr'><strong>Preger</strong></span> <span class='ocrx_word' id='word_1_428' title='bbox 411 4390 620 4458; x_wconf 77' lang='lat' dir='ltr'><strong>Angelcgenheit</strong></span> <span class='ocrx_word' id='word_1_429' title='bbox 637 4389 669 4460; x_wconf 88' lang='lat' dir='ltr'><strong>(s.</strong></span> <span class='ocrx_word' id='word_1_430' title='bbox 687 4391 733 4444; x_wconf 81' lang='grc' dir='ltr'><strong>Νι.</strong></span> <span class='ocrx_word' id='word_1_431' title='bbox 751 4391 846 4458; x_wconf 85' lang='lat' dir='ltr'><strong>LXVI)</strong></span> <span class='ocrx_word' id='word_1_432' title='bbox 864 4391 938 4442; x_wconf 86' lang='lat' dir='ltr'><strong>hatte</strong></span> <span class='ocrx_word' id='word_1_433' title='bbox 956 4390 1002 4442; x_wconf 83' lang='lat' dir='ltr'><strong>der</strong></span> <span class='ocrx_word' id='word_1_434' title='bbox 1014 4390 1109 4442; x_wconf 85' lang='lat' dir='ltr'><strong>Kaisar</strong></span> <span class='ocrx_word' id='word_1_435' title='bbox 1126 4391 1153 4440; x_wconf 88' lang='lat' dir='ltr'><strong>in</strong></span> <span class='ocrx_word' id='word_1_436' title='bbox 1172 4389 1256 4440; x_wconf 86' lang='lat' dir='ltr'><strong>ciuem</strong></span> <span class='ocrx_word' id='word_1_437' title='bbox 1276 4386 1420 4442; x_wconf 80' lang='lat' dir='ltr'><strong>Schreiben</strong></span> 
     </span>
     <span class='ocr_line' id='line_1_39' title="bbox 160 4475 1417 4546; baseline -0.001 -18"><span class='ocrx_word' id='word_1_438' title='bbox 160 4495 220 4530; x_wconf 85' lang='lat' dir='ltr'><strong>vom</strong></span> <span class='ocrx_word' id='word_1_439' title='bbox 237 4480 254 4532; x_wconf 78' lang='grc'><strong>3</strong></span> <span class='ocrx_word' id='word_1_440' title='bbox 272 4477 376 4546; x_wconf 78' lang='lat' dir='ltr'><strong>August</strong></span> <span class='ocrx_word' id='word_1_441' title='bbox 394 4475 522 4546; x_wconf 82' lang='lat' dir='ltr'><strong>(Origiuel</strong></span> <span class='ocrx_word' id='word_1_442' title='bbox 539 4480 567 4530; x_wconf 91' lang='lat' dir='ltr'><strong>in</strong></span> <span class='ocrx_word' id='word_1_443' title='bbox 584 4478 664 4544; x_wconf 77' lang='lat' dir='ltr'><strong>Areo)</strong></span> <span class='ocrx_word' id='word_1_444' title='bbox 683 4477 743 4529; x_wconf 89' lang='lat' dir='ltr'><strong>dem</strong></span> <span class='ocrx_word' id='word_1_445' title='bbox 762 4477 857 4530; x_wconf 90' lang='lat' dir='ltr'><strong>Orator</strong></span> <span class='ocrx_word' id='word_1_446' title='bbox 874 4477 1046 4544; x_wconf 79' lang='lat' dir='ltr'><strong>ausgetragen</strong></span> <span class='ocrx_word' id='word_1_447' title='bbox 1064 4475 1206 4544; x_wconf 74' lang='lat' dir='ltr'><strong>mttglichst</strong></span> <span class='ocrx_word' id='word_1_448' title='bbox 1222 4491 1255 4526; x_wconf 78' lang='lat' dir='ltr'><strong>su</strong></span> <span class='ocrx_word' id='word_1_449' title='bbox 1272 4476 1417 4527; x_wconf 73' lang='lat' dir='ltr'><strong>betreibeu„</strong></span> 
     </span>
     <span class='ocr_line' id='line_1_40' title="bbox 158 4561 1419 4632; baseline -0.003 -17"><span class='ocrx_word' id='word_1_450' title='bbox 158 4567 194 4615; x_wconf 84' lang='lat' dir='ltr'><strong>Er</strong></span> <span class='ocrx_word' id='word_1_451' title='bbox 211 4565 284 4616; x_wconf 88' lang='lat' dir='ltr'><strong>hatte</strong></span> <span class='ocrx_word' id='word_1_452' title='bbox 302 4565 417 4615; x_wconf 80' lang='lat' dir='ltr'><strong>uitmlich</strong></span> <span class='ocrx_word' id='word_1_453' title='bbox 435 4566 534 4616; x_wconf 89' lang='lat' dir='ltr'><strong>bereits</strong></span> <span class='ocrx_word' id='word_1_454' title='bbox 552 4565 603 4617; x_wconf 90' lang='lat' dir='ltr'><strong>den</strong></span> <span class='ocrx_word' id='word_1_455' title='bbox 621 4566 771 4632; x_wconf 86' lang='lat' dir='ltr'><strong>bislrerigen</strong></span> <span class='ocrx_word' id='word_1_456' title='bbox 790 4564 896 4616; x_wconf 87' lang='lat' dir='ltr'><strong>Wiener</strong></span> <span class='ocrx_word' id='word_1_457' title='bbox 913 4563 1026 4614; x_wconf 82' lang='lat' dir='ltr'><strong>Bischol</strong></span> <span class='ocrx_word' id='word_1_458' title='bbox 1039 4562 1128 4615; x_wconf 78' lang='lat' dir='ltr'><strong>Anton</strong></span> <span class='ocrx_word' id='word_1_459' title='bbox 1145 4561 1256 4630; x_wconf 83' lang='lat' dir='ltr'><strong>llltiglita</strong></span> <span class='ocrx_word' id='word_1_460' title='bbox 1274 4561 1342 4612; x_wconf 82' lang='lat' dir='ltr'><strong>dasu</strong></span> <span class='ocrx_word' id='word_1_461' title='bbox 1359 4577 1419 4612; x_wconf 85' lang='lat' dir='ltr'><strong>aus-</strong></span> 
     </span>
     <span class='ocr_line' id='line_1_41' title="bbox 158 4647 1419 4719; baseline -0.004 -17"><span class='ocrx_word' id='word_1_462' title='bbox 158 4651 267 4702; x_wconf 86' lang='lat' dir='ltr'><strong>ersehen</strong></span> <span class='ocrx_word' id='word_1_463' title='bbox 284 4651 444 4704; x_wconf 76' lang='lat' dir='ltr'><strong>Erebischcs</strong></span> <span class='ocrx_word' id='word_1_464' title='bbox 466 4669 520 4704; x_wconf 79' lang='lat' dir='ltr'><strong>rou</strong></span> <span class='ocrx_word' id='word_1_465' title='bbox 537 4653 607 4719; x_wconf 85' lang='lat' dir='ltr'><strong>Prug</strong></span> <span class='ocrx_word' id='word_1_466' title='bbox 630 4669 662 4704; x_wconf 83' lang='lat' dir='ltr'><strong>au</strong></span> <span class='ocrx_word' id='word_1_467' title='bbox 680 4649 785 4703; x_wconf 84' lang='lat' dir='ltr'><strong>werden</strong></span> <span class='ocrx_word' id='word_1_468' title='bbox 806 4651 861 4702; x_wconf 88' lang='lat' dir='ltr'><strong>und</strong></span> <span class='ocrx_word' id='word_1_469' title='bbox 884 4649 957 4702; x_wconf 88' lang='lat' dir='ltr'><strong>hatte</strong></span> <span class='ocrx_word' id='word_1_470' title='bbox 975 4649 1032 4700; x_wconf 84' lang='lat' dir='ltr'><strong>dies</strong></span> <span class='ocrx_word' id='word_1_471' title='bbox 1057 4648 1158 4700; x_wconf 82' lang='lat' dir='ltr'><strong>sowohl</strong></span> <span class='ocrx_word' id='word_1_472' title='bbox 1185 4647 1245 4700; x_wconf 87' lang='lat' dir='ltr'><strong>dem</strong></span> <span class='ocrx_word' id='word_1_473' title='bbox 1262 4647 1374 4698; x_wconf 81' lang='lat' dir='ltr'><strong>Nuntius</strong></span> <span class='ocrx_word' id='word_1_474' title='bbox 1392 4648 1419 4698; x_wconf 91' lang='lat' dir='ltr'><strong>in</strong></span> 
     </span>
     <span class='ocr_line' id='line_1_42' title="bbox 158 4733 1419 4804; baseline -0.003 -17"><span class='ocrx_word' id='word_1_475' title='bbox 158 4736 235 4788; x_wconf 88' lang='lat' dir='ltr'><strong>Wien</strong></span> <span class='ocrx_word' id='word_1_476' title='bbox 252 4735 293 4788; x_wconf 88' lang='lat' dir='ltr'><strong>als</strong></span> <span class='ocrx_word' id='word_1_477' title='bbox 310 4737 455 4790; x_wconf 77' lang='lat' dir='ltr'><strong>schriltlich</strong></span> <span class='ocrx_word' id='word_1_478' title='bbox 478 4736 548 4790; x_wconf 85' lang='lat' dir='ltr'><strong>auch</strong></span> <span class='ocrx_word' id='word_1_479' title='bbox 572 4737 632 4790; x_wconf 86' lang='lat' dir='ltr'><strong>dem</strong></span> <span class='ocrx_word' id='word_1_480' title='bbox 648 4739 746 4804; x_wconf 84' lang='lat' dir='ltr'><strong>Papste</strong></span> <span class='ocrx_word' id='word_1_481' title='bbox 768 4737 932 4804; x_wconf 85' lang='lat' dir='ltr'><strong>mitgetheilt.</strong></span> <span class='ocrx_word' id='word_1_482' title='bbox 971 4737 1041 4787; x_wconf 77' lang='lat' dir='ltr'><strong>Dese</strong></span> <span class='ocrx_word' id='word_1_483' title='bbox 1066 4750 1095 4786; x_wconf 88' lang='lat' dir='ltr'><strong>er</strong></span> <span class='ocrx_word' id='word_1_484' title='bbox 1114 4751 1169 4786; x_wconf 87' lang='lat' dir='ltr'><strong>uun</strong></span> <span class='ocrx_word' id='word_1_485' title='bbox 1188 4733 1332 4786; x_wconf 86' lang='lat' dir='ltr'><strong>denselben</strong></span> <span class='ocrx_word' id='word_1_486' title='bbox 1349 4733 1419 4784; x_wconf 85' lang='lat' dir='ltr'><strong>auch</strong></span> 
     </span>
     <span class='ocr_line' id='line_1_43' title="bbox 159 4819 1419 4890; baseline -0.002 -17"><span class='ocrx_word' id='word_1_487' title='bbox 159 4839 190 4874; x_wconf 88' lang='lat' dir='ltr'><strong>su</strong></span> <span class='ocrx_word' id='word_1_488' title='bbox 207 4825 308 4875; x_wconf 82' lang='lat' dir='ltr'><strong>selueru</strong></span> <span class='ocrx_word' id='word_1_489' title='bbox 317 4824 413 4876; x_wconf 84' lang='lat' dir='ltr'><strong>Orator</strong></span> <span class='ocrx_word' id='word_1_490' title='bbox 430 4825 479 4876; x_wconf 80' lang='lat' dir='ltr'><strong>aut</strong></span> <span class='ocrx_word' id='word_1_491' title='bbox 494 4823 554 4876; x_wconf 87' lang='lat' dir='ltr'><strong>dem</strong></span> <span class='ocrx_word' id='word_1_492' title='bbox 573 4825 666 4876; x_wconf 86' lang='lat' dir='ltr'><strong>Ooucil</strong></span> <span class='ocrx_word' id='word_1_493' title='bbox 684 4824 826 4890; x_wconf 86' lang='lat' dir='ltr'><strong>designiert</strong></span> <span class='ocrx_word' id='word_1_494' title='bbox 844 4823 926 4887; x_wconf 87' lang='lat' dir='ltr'><strong>hatte,</strong></span> <span class='ocrx_word' id='word_1_495' title='bbox 943 4822 1080 4874; x_wconf 76' lang='lat' dir='ltr'><strong>besttirlrte</strong></span> <span class='ocrx_word' id='word_1_496' title='bbox 1099 4821 1144 4873; x_wconf 89' lang='lat' dir='ltr'><strong>ihu</strong></span> <span class='ocrx_word' id='word_1_497' title='bbox 1162 4823 1189 4872; x_wconf 89' lang='lat' dir='ltr'><strong>in</strong></span> <span class='ocrx_word' id='word_1_498' title='bbox 1207 4821 1267 4872; x_wconf 87' lang='lat' dir='ltr'><strong>dem</strong></span> <span class='ocrx_word' id='word_1_499' title='bbox 1284 4819 1419 4871; x_wconf 85' lang='lat' dir='ltr'><strong>Wuusche</strong></span> 
     </span>
     <span class='ocr_line' id='line_1_44' title="bbox 160 4905 1420 4978; baseline -0.002 -19"><span class='ocrx_word' id='word_1_500' title='bbox 160 4909 205 4960; x_wconf 88' lang='lat' dir='ltr'><strong>ihu</strong></span> <span class='ocrx_word' id='word_1_501' title='bbox 221 4910 363 4978; x_wconf 78' lang='lat' dir='ltr'><strong>moglichst</strong></span> <span class='ocrx_word' id='word_1_502' title='bbox 379 4911 443 4962; x_wconf 85' lang='lat' dir='ltr'><strong>bald</strong></span> <span class='ocrx_word' id='word_1_503' title='bbox 460 4913 508 4962; x_wconf 87' lang='lat' dir='ltr'><strong>ruit</strong></span> <span class='ocrx_word' id='word_1_504' title='bbox 531 4912 578 4963; x_wconf 89' lang='lat' dir='ltr'><strong>der</strong></span> <span class='ocrx_word' id='word_1_505' title='bbox 597 4911 832 4962; x_wconf 72' lang='lat' dir='ltr'><strong>ambirehessichen</strong></span> <span class='ocrx_word' id='word_1_506' title='bbox 850 4909 951 4962; x_wconf 78' lang='lat' dir='ltr'><strong>thrrla</strong></span> <span class='ocrx_word' id='word_1_507' title='bbox 969 4909 1104 4960; x_wconf 82' lang='lat' dir='ltr'><strong>bekleidet</strong></span> <span class='ocrx_word' id='word_1_508' title='bbox 1122 4924 1155 4958; x_wconf 83' lang='lat' dir='ltr'><strong>au</strong></span> <span class='ocrx_word' id='word_1_509' title='bbox 1173 4907 1263 4958; x_wconf 87' lang='lat' dir='ltr'><strong>seheu.</strong></span> <span class='ocrx_word' id='word_1_510' title='bbox 1298 4907 1337 4957; x_wconf 90' lang='lat' dir='ltr'><strong>Im</strong></span> <span class='ocrx_word' id='word_1_511' title='bbox 1355 4905 1420 4970; x_wconf 79' lang='lat' dir='ltr'><strong>Sep·</strong></span> 
     </span>
     <span class='ocr_line' id='line_1_45' title="bbox 160 4990 1417 5065; baseline -0.006 -17"><span class='ocrx_word' id='word_1_512' title='bbox 160 4998 260 5048; x_wconf 77' lang='lat' dir='ltr'><strong>tumber</strong></span> <span class='ocrx_word' id='word_1_513' title='bbox 278 4997 365 5048; x_wconf 85' lang='lat' dir='ltr'><strong>erluhr</strong></span> <span class='ocrx_word' id='word_1_514' title='bbox 382 5013 410 5049; x_wconf 92' lang='lat' dir='ltr'><strong>er</strong></span> <span class='ocrx_word' id='word_1_515' title='bbox 428 4998 533 5050; x_wconf 85' lang='lat' dir='ltr'><strong>eudliolr</strong></span> <span class='ocrx_word' id='word_1_516' title='bbox 546 4997 719 5065; x_wconf 80' lang='lat' dir='ltr'><strong>(Depeeclren</strong></span> <span class='ocrx_word' id='word_1_517' title='bbox 731 4997 778 5048; x_wconf 87' lang='lat' dir='ltr'><strong>des</strong></span> <span class='ocrx_word' id='word_1_518' title='bbox 790 4996 899 5048; x_wconf 83' lang='lat' dir='ltr'><strong>Oratore</strong></span> <span class='ocrx_word' id='word_1_519' title='bbox 916 5011 977 5046; x_wconf 84' lang='lat' dir='ltr'><strong>vom</strong></span> <span class='ocrx_word' id='word_1_520' title='bbox 990 4997 1024 5046; x_wconf 80' lang='grc'><strong>30</strong></span> <span class='ocrx_word' id='word_1_521' title='bbox 1034 4995 1137 5062; x_wconf 77' lang='lat' dir='ltr'><strong>August</strong></span> <span class='ocrx_word' id='word_1_522' title='bbox 1154 4993 1209 5044; x_wconf 88' lang='lat' dir='ltr'><strong>und</strong></span> <span class='ocrx_word' id='word_1_523' title='bbox 1223 4995 1239 5044; x_wconf 87' lang='lat'>5</span> <span class='ocrx_word' id='word_1_524' title='bbox 1252 4990 1417 5058; x_wconf 85' lang='lat' dir='ltr'><strong>September)</strong></span> 
     </span>
     <span class='ocr_line' id='line_1_46' title="bbox 159 5077 1414 5150; baseline -0.006 -16"><span class='ocrx_word' id='word_1_525' title='bbox 159 5081 217 5134; x_wconf 80' lang='lat' dir='ltr'><strong>dass</strong></span> <span class='ocrx_word' id='word_1_526' title='bbox 233 5083 306 5135; x_wconf 86' lang='lat' dir='ltr'><strong>nach</strong></span> <span class='ocrx_word' id='word_1_527' title='bbox 316 5083 468 5150; x_wconf 84' lang='lat' dir='ltr'><strong>Barathung</strong></span> <span class='ocrx_word' id='word_1_528' title='bbox 485 5085 512 5134; x_wconf 85' lang='lat' dir='ltr'><strong>in</strong></span> <span class='ocrx_word' id='word_1_529' title='bbox 524 5086 596 5136; x_wconf 88' lang='lat' dir='ltr'><strong>einer</strong></span> <span class='ocrx_word' id='word_1_530' title='bbox 608 5083 803 5150; x_wconf 72' lang='lat' dir='ltr'><strong>congregation</strong></span> <span class='ocrx_word' id='word_1_531' title='bbox 821 5097 864 5134; x_wconf 88' lang='lat' dir='ltr'><strong>am</strong></span> <span class='ocrx_word' id='word_1_532' title='bbox 875 5084 909 5134; x_wconf 75' lang='lat' dir='ltr'><strong>tl</strong></span> <span class='ocrx_word' id='word_1_533' title='bbox 920 5082 1031 5150; x_wconf 81' lang='lat' dir='ltr'><strong>August,</strong></span> <span class='ocrx_word' id='word_1_534' title='bbox 1045 5080 1146 5134; x_wconf 86' lang='lat' dir='ltr'><strong>welche</strong></span> <span class='ocrx_word' id='word_1_535' title='bbox 1158 5095 1207 5134; x_wconf 87' lang='lat' dir='ltr'><strong>aus</strong></span> <span class='ocrx_word' id='word_1_536' title='bbox 1219 5079 1270 5132; x_wconf 89' lang='lat' dir='ltr'><strong>den</strong></span> <span class='ocrx_word' id='word_1_537' title='bbox 1283 5078 1312 5130; x_wconf 83' lang='lat' dir='ltr'><strong>O.</strong></span> <span class='ocrx_word' id='word_1_538' title='bbox 1326 5077 1414 5143; x_wconf 82' lang='lat' dir='ltr'><strong>Carpi,</strong></span> 
     </span>
    </p>
   </div>
   <div class='ocr_carea' id='block_1_9' title="bbox 0 0 1754 5818">
    <p class='ocr_par' dir='ltr' id='par_1_9' title="bbox 0 0 1754 5818">
     <span class='ocr_line' id='line_1_47' title="bbox 0 0 1754 5818; baseline 0 2"><span class='ocrx_word' id='word_1_539' title='bbox 0 0 1754 5818; x_wconf 95' lang='lat' dir='ltr'><strong> </strong></span> 
     </span>
    </p>
   </div>
  </div>
 </body>
</html>
