3498 5818
322 521 382 583 m

392 708 419 760 di
437 711 525 772 notu,
551 708 710 762 nondimeno
728 724 743 760 e
761 709 883 776 opinione
906 710 981 775 qnasi
1003 708 1153 760 universale
1176 709 1226 760 ohe
1248 711 1269 760 e’
1278 707 1379 763 habbia
1396 707 1431 760 dn
1447 722 1608 775 prorogare.
1629 733 1666 746 «-

389 793 418 845 0.
437 795 500 862 geht
518 794 553 844 du
569 811 602 846 au
620 797 688 847 weit
723 795 765 846 An
782 795 1010 862 Vorbereitungen
1034 795 1076 846 die
1099 809 1153 846 von
1171 795 1223 846 deu
1239 795 1392 846 Antworten
1410 795 1456 846 der
1473 795 1595 846 Fdrsten
1615 810 1667 844 uu-

387 879 520 946 ebhttngig
546 897 645 944 waren,
669 881 730 931 liess
747 896 809 931 man
832 897 860 931 es
877 880 950 931 nicht
968 880 1065 932 lehlon.
1100 881 1156 931 Der
1173 879 1286 932 Bisohof
1299 896 1351 932 von
1371 879 1444 931 Cava
1461 895 1515 931 war
1531 895 1596 930 nun
1616 881 1666 930 be·

360 1035 362 1038 ,
388 967 450 1017 reits
467 969 494 1018 in
511 967 603 1018 Trient
626 967 804 1034 eingetroffan,
822 969 871 1018 wie
898 983 951 1019 von
978 967 1037 1018 dort
1053 967 1205 1017 Ludovicns
1223 967 1369 1018 Madrutius
1393 967 1493 1018 electus
1512 967 1593 1018 Trio.
1620 981 1667 1016 am

387 1055 420 1104 25
438 1053 558 1104 Februar
585 1053 707 1107 meldete.
743 1053 804 1104 Und
827 1053 888 1104 dass
912 1053 980 1104 eben
1003 1052 1046 1103 die
1065 1052 1263 1120 Concillegeten
1288 1059 1398 1104 emannt
1421 1054 1527 1104 werden
1547 1053 1666 1113 sollten,

390 1137 463 1190 hiae
484 1137 515 1203 ja
533 1137 563 1189 0.
587 1139 670 1190 selbot
695 1141 722 1190 in
740 1139 786 1193 Nr.
804 1138 903 1190 XCVII
930 1139 1013 1191 echon
1038 1139 1176 1190 berichtet.
1211 1139 1333 1192 Dartlber
1360 1139 1480 1192 erse-hren
1505 1141 1558 1190 wir
1589 1138 1668 1188 daun

388 1223 462 1274 mehr
484 1240 531 1275 aus
550 1226 621 1276 einer
637 1225 779 1291 Depesche
798 1224 844 1276 des
862 1225 971 1276 Oratore
993 1241 1055 1277 vom
1079 1227 1111 1276 15
1129 1225 1260 1276 Februar:
1291 1227 1327 1276 im
1345 1225 1535 1278 consistorium
1561 1239 1610 1276 am
1633 1227 1667 1274 14

388 1326 475 1361 waren
493 1311 620 1362 anniichet
637 1311 736 1362 Potens
754 1312 809 1362 und
825 1310 985 1362 Mantuanus
1004 1315 1115 1362 emaunt
1132 1311 1252 1376 worden3
1281 1311 1404 1363 letzterer
1420 1311 1492 1362 hatte
1509 1316 1597 1362 unter
1617 1310 1668 1360 der

388 1396 544 1464 Bedingnng
562 1411 752 1463 engenommen
771 1397 831 1447 dnos
849 1401 926 1448 unter
944 1397 996 1447 den
1013 1396 1172 1448 Oardintlen
1191 1397 1233 1448 die
1252 1399 1319 1448 eben
1338 1399 1416 1449 ereirt
1424 1398 1530 1449 werden
1550 1396 1666 1460 sollten,

389 1481 458 1533 euch
477 1484 533 1532 sein
546 1482 621 1533 Nede
633 1483 782 1534 Francesco
802 1483 929 1549 Gonzaga
945 1483 1101 1548 inbegriffen
1118 1484 1174 1534 sein
1192 1484 1278 1535 werde
1291 1483 1519 1552 (eglPellovioini
1538 1487 1568 1548 2,
1592 1485 1666 1545 199).

940 2002 1051 2090 CIV.

320 2218 495 2295 Antwort
531 2220 601 2295 dee
629 2218 869 2318 Merkgrelen
898 2221 1046 2297 lohenn
1082 2245 1156 2298 von
1185 2223 1460 2323 Brendenburq
1497 2223 1572 2298 auf
1596 2223 1661 2298 die

735 2339 933 2440 werbuno
962 2342 1032 2416 des
1060 2341 1240 2433 Nnntiue3

745 2513 1254 2578 Beeskow,26Februer1561.

727 2761 730 2768 ,
842 2711 1023 2769 Oonoilooten.
1047 2713 1137 2786 cepte.

429 2888 619 2956 Reverendo
641 2891 779 2977 praesul.
818 2891 1052 2958 illustrissimus
1074 2894 1225 2980 princeps
1246 2892 1325 2980 legit
1346 2892 1455 2958 literas
1477 2903 1510 2960 et
1529 2891 1660 2960 bullam

325 3015 422 3079 quam
445 2993 630 3080 exhibuisti,
660 3005 692 3063 ct
712 2998 775 3062 tria
796 2997 896 3063 fuisse
920 2999 1027 3084 capita
1049 2998 1202 3062 orationis
1224 3007 1299 3062 tuae
1322 2997 1561 3082 animadvertit,
1594 3019 1660 3084 qua

324 3098 473 3182 exposita
505 3107 580 3162 sunt
612 3121 652 3164 ee
684 3121 769 3187 quae
792 3122 812 3164 a
833 3099 979 3166 Romano
1012 3099 1164 3188 pontifice
1192 3101 1226 3164 in
1252 3100 1414 3166 mandatis
1435 3100 1591 3184 habuisti,
1616 3099 1658 3164 ad

324 3222 408 3287 quae
430 3200 693 3288 respondendnm
715 3203 817 3291 ipsius
840 3204 996 3271 celsitudo
1020 3205 1191 3270 existimat.

425 3303 567 3371 Primum
591 3306 632 3372 de
652 3307 820 3374 voluntate
842 3309 944 3395 ipsius
968 3307 1129 3396 pontificis
1152 3330 1250 3395 quam
1271 3307 1392 3374 habeat
1414 3330 1493 3396 erga
1514 3315 1656 3374 nostros,

324 3407 503 3473 secundum
526 3407 566 3475 de
590 3412 695 3476 causis
719 3433 803 3497 quae
824 3413 984 3478 moverint
1005 3433 1079 3476 eum
1102 3409 1145 3475 ad
1167 3410 1375 3477 indictionem
1408 3410 1534 3476 concilii
1558 3407 1658 3477 etad

324 3534 419 3598 quem
442 3511 539 3578 finem
560 3512 625 3579 tale
648 3513 818 3580 concilium
840 3515 1021 3580 institutum
1044 3515 1093 3578 sit.
1116 3515 1245 3579 tortium
1268 3525 1366 3600 caput
1385 3515 1445 3580 fnit
1460 3513 1655 3590 adhortatio,

320 3624 356 3680 ut
378 3614 614 3681 illustrissimus
636 3618 786 3704 princeps
809 3639 884 3684 suos
898 3617 1118 3683 mandatarios
1133 3618 1260 3682 mittere
1273 3617 1361 3704 velit,
1377 3619 1433 3705 qui
1449 3616 1655 3684 deliberatio-

323 3717 417 3784 nibus
451 3719 566 3784 futuris
594 3721 741 3786 intersint
772 3729 860 3786 etse
884 3720 1039 3786 decisioni
1063 3729 1095 3786 et
1117 3721 1292 3806 cognitioni
1315 3743 1425 3788 eorum
1449 3720 1652 3800 submittant,

323 3820 440 3907 quibus
462 3819 514 3887 vel
538 3845 580 3887 ex
601 3822 772 3910 privilegio
786 3823 840 3890 vel
856 3847 898 3891 ex
914 3823 1145 3890 consuetudine
1161 3823 1274 3892 sedero
1291 3834 1324 3890 et
1338 3825 1530 3890 sententiam
1547 3823 1655 3888 dicere

319 3922 406 4008 licet,
429 3935 526 4011 prout
547 3924 629 3992 haec
651 3924 747 3993 latius
769 3929 803 3992 in
825 3926 920 3993 bullis
943 3928 1147 3993 continentur
1169 3950 1250 4015 quas
1274 3926 1368 3994 simul
1390 3927 1577 3994 exhibuisti.

423 4027 522 4109 Quod
556 4028 599 4093 ad
632 4031 771 4116 primum
804 4032 918 4096 attinet
951 4032 1070 4117 optarit
1109 4031 1341 4096 illustrissimus
1379 4032 1531 4119 princepe
1572 4027 1654 4094 serio

321 4129 384 4196 hoc
416 4153 514 4217 agere
542 4140 575 4197 et
608 4132 715 4199 dicere
737 4133 774 4198 x
796 4135 989 4221 pontificem,
1014 4133 1101 4221 quod
1123 4133 1353 4221 praetenditur,
1377 4135 1477 4199 etita
1500 4133 1649 4200 affectum

321 4255 392 4299 esse
425 4257 503 4321 erga
536 4234 770 4323 rempublicam
803 4237 1020 4316 christianam,
1055 4235 1328 4324 quemadmodum
1355 4259 1414 4323 pro
1437 4237 1539 4302 offitio
1564 4230 1649 4324 quod

321 4336 385 4402 sibi
407 4337 560 4403 vendicat
583 4361 654 4405 esse
677 4339 826 4407 debebat.
851 4350 1008 4427 quantum
1031 4351 1139 4406 autem
1155 4339 1337 4406 eontrafiat
1352 4340 1393 4407 ab
1409 4340 1480 4428 ipso
1497 4341 1646 4427 episcopo
1727 4415 1728 4432 ,

321 4439 477 4526 Romano,
500 4450 660 4508 testantur
681 4445 850 4510 innumera
872 4442 1022 4530 exempla
1038 4445 1171 4531 quaein
1185 4444 1318 4510 miseros
1333 4442 1526 4510 christianos
1541 4439 1645 4508 ubivis

321 4545 465 4629 gentium
488 4544 636 4614 eduntur.
669 4570 745 4612 nem
768 4557 937 4614 exercetur
959 4549 1080 4634 passim
1101 4546 1175 4635 plus
1199 4570 1297 4635 quam
1317 4548 1489 4634 tyrannica
1510 4542 1645 4612 saevitia

324 4648 434 4713 ineos
463 4650 518 4733 qui
551 4650 743 4736 papisticem
765 4649 948 4716 idolatriam
976 4650 1103 4737 fugium
1136 4660 1168 4716 et
1190 4673 1262 4716 eam
1285 4650 1464 4716 doctrinam
1487 4641 1641 4733 evangelii

321 4749 560 4836 amplectuntur
583 4776 680 4841 quam
702 4751 858 4820 ecelesiae
880 4764 1009 4819 nostrae
1031 4753 1230 4840 profitentur,
1261 4763 1292 4818 et
1314 4753 1483 4840 pontifices
1511 4746 1642 4818 Romani

322 4852 477 4920 hactenus
494 4855 663 4923 dumtaxat
677 4857 806 4924 fuerunt
821 4859 876 4946 qui
891 4881 984 4945 reges
997 4866 1030 4924 et
1043 4859 1206 4945 principes
1223 4858 1424 4923 concitarunt
1438 4855 1482 4922 ad
1496 4855 1640 4920 iniustam

323 4959 491 5024 saevitiam
525 4983 604 5048 erga
636 4962 691 5049 pia
724 4962 869 5028 membra
892 4961 1018 5028 Christi.
1053 4961 1182 5028 hortatu
1205 4961 1334 5047 spiritns
1358 4961 1460 5026 sancti
1490 4959 1545 5048 qui
1565 4955 1642 5020 haec

321 5060 390 5127 fieri
414 5063 500 5148 dicit,
524 5066 617 5132 sicuti
640 5066 673 5131 in
695 5064 791 5133 bullis
814 5068 880 5132 suis
903 5080 1047 5132 summus
1076 5065 1223 5152 pontifex
1245 5065 1333 5150 facit,
1366 5063 1484 5131 viderit
1507 5083 1583 5129 eane
1604 5075 1642 5121 an
