3498 5830
1375 483 1435 548 111

101 671 208 736 sertim
232 671 262 734 si
284 691 367 758 quae
393 690 481 736 nova
502 666 635 734 foedera
663 677 719 736 aut
748 669 1025 757 conspirationum
1053 667 1189 736 consilia
1218 670 1252 734 in
1280 670 1377 757 praxi
1405 679 1437 736 et

102 796 201 861 opera
224 773 516 840 versabuntur...
566 853 567 858 ἵ

199 893 325 959 Datum
348 894 381 959 in
403 895 535 960 civitate
556 903 668 960 nostra
688 894 818 961 Vienna
847 894 900 962 die
924 894 964 961 18
987 893 1182 976 Nouembris
1205 913 1290 960 anno
1313 894 1436 967 domini

101 997 192 1064 1560.

238 1170 299 1240 vgl.
318 1170 369 1220 den
387 1168 463 1220 Brief
478 1167 525 1220 des
543 1170 577 1222 K.
596 1169 682 1222 Fraus
699 1170 727 1222 11
744 1186 806 1222 vom
824 1173 841 1222 6
858 1171 1010 1224 November
1027 1173 1055 1224 in
1072 1171 1112 1224 Le
1130 1170 1192 1224 Plat
1208 1173 1235 1236 4,
1252 1172 1312 1224 611.

660 1602 881 1688 LXXVII.

409 1821 603 1917 Prospero
632 1822 773 1897 d’Aroo
800 1842 848 1897 en
876 1822 950 1896 den
981 1817 1130 1908 Kaleon

533 1975 627 2040 Rom,
644 1977 684 2027 30
702 1975 890 2028 November
908 1975 999 2028 1560.

413 2155 550 2212 Rmncao.
568 2153 731 2230 Oripiaale3
751 2156 783 2213 ia
797 2162 887 2232 torpor
902 2157 944 2213 19
958 2155 1113 2212 Demea.

207 2337 340 2404 Summo
362 2358 457 2404 mane
480 2337 571 2403 adivi
591 2335 659 2404 ΒΜ
681 2336 726 2424 S„
748 2347 785 2404 ut
799 2361 885 2427 quae
901 2337 942 2405 de
956 2335 1093 2404 concilio
1107 2335 1213 2425 pridie
1228 2344 1303 2414 acta
1316 2347 1434 2419 essent,

100 2443 222 2508 certius
243 2440 465 2528 intelligerem.
488 2440 547 2507 8²⁸
568 2463 646 2508 vero
670 2440 714 2526 S„
745 2441 888 2530 perlecto
910 2440 1009 2508 michi
1036 2435 1212 2528 diplomate
1242 2439 1289 2528 (in
1313 2463 1377 2529 quo
1398 2448 1436 2507 ut

100 2546 218 2634 scripsi
253 2544 334 2610 alias
361 2543 463 2610 verba
491 2544 649 2632 perplexa
684 2554 717 2610 et
746 2545 886 2612 obscura
914 2543 1057 2633 quodem
1085 2543 1192 2610 colore
1224 2543 1434 2611 indictionem

99 2649 176 2715 novi
203 2669 284 2736 prae
313 2670 348 2713 ee
369 2647 486 2731 ferunt,
521 2647 579 2714 sed
600 2670 635 2714 re
657 2670 737 2714 vera
765 2649 1040 2715 continuationem
1070 2648 1243 2727 continent,
1277 2657 1313 2712 ut
1335 2647 1432 2714 michi

100 2747 243 2837 videtur)
267 2753 421 2838 exposuit
448 2760 570 2838 quanta
599 2773 674 2817 cum
702 2750 892 2818 difficultate
920 2749 1101 2818 cardinales
1124 2773 1144 2816 a
1164 2750 1279 2838 Varga
1306 2760 1433 2817 oratore

101 2854 194 2921 aliter
223 2855 371 2920 instructi
399 2862 431 2920 et
453 2852 560 2944 edocti
582 2877 626 2920 ex
647 2864 754 2920 mente
785 2855 981 2920 serenissimi
1007 2855 1094 2942 regis
1123 2852 1273 2920 catholici
1303 2875 1435 2920 cousen-

103 2961 212 3042 serint,
236 2967 273 3023 ut
295 2960 575 3045 interponerentur
602 2980 642 3024 ea
669 2957 772 3024 verba
799 2980 884 3044 quac
912 2957 1041 3024 adiecta
1067 2965 1151 3041 sunt
1182 2979 1256 3022 cum
1280 2959 1436 3024 serenitas

103 3083 162 3126 sua
195 3063 326 3128 omnino
356 3061 630 3128 continuationem
662 3061 848 3128 desiderare
876 3059 1027 3127 videatur
1056 3069 1089 3126 et
1116 3082 1182 3126 uon
1213 3060 1435 3147 indictionem.
1484 3077 1490 3092 ·

102 3173 211 3229 tamen
233 3163 284 3228 his
307 3163 349 3230 de
371 3164 469 3232 rebus
491 3163 636 3252 pollicita
658 3173 708 3230 est
729 3186 764 3230 ee
786 3163 910 3230 litterae
932 3162 976 3228 ad
996 3163 1076 3228 Μιοιιὶ
1099 3163 1141 3229 V.
1166 3163 1315 3255 domam
1337 3187 1436 3230 manu

99 3270 233 3356 propria
260 3269 414 3355 scriptae,
448 3267 566 3356 quibus
597 3289 661 3356 quo
683 3268 858 3356 quicquam
880 3275 989 3332 actum
1022 3266 1064 3332 sit
1086 3265 1220 3333 consilio
1244 3267 1434 3351 declarabit,

100 3391 160 3436 nec
183 3369 278 3438 ahter
297 3371 406 3438 facere
427 3372 572 3459 potuisse
595 3370 679 3438 dixit
694 3419 702 3436 .
719 3418 752 3437 ..

408 3559 511 3628 Sacra
532 3584 665 3630 cesarea
685 3570 820 3628 maesta.

207 3681 245 3748 Io
275 3681 416 3749 credeva
444 3683 504 3751 che
532 3683 565 3750 la
587 3691 676 3751 notte
703 3692 837 3772 paeesta
858 3682 881 3748 il
902 3705 990 3771 papa
1012 3681 1149 3750 dovesse
1170 3679 1300 3769 espedir
1321 3680 1344 3747 il
1366 3704 1434 3749 eor

100 3807 171 3850 roro
194 3783 260 3850 alla
279 3785 338 3850 M*-
359 3785 410 3870 V.,
433 3807 487 3852 ma
507 3807 574 3854 non
595 3787 631 3853 fu
646 3788 713 3853 cosi
727 3809 788 3874 per
801 3809 867 3853 uon
882 3809 990 3852 essere
1005 3807 1126 3852 ancora
1141 3785 1252 3851 scritta
1273 3786 1307 3850 in
1322 3785 1434 3852 buona

99 3888 202 3954 forma
223 3886 366 3954 labella
388 3889 441 3956 del
463 3890 615 3974 concilio,
639 3889 735 3978 quale
763 3890 833 3956 heri
863 3889 898 3956 fu
926 3890 1005 3956 letta
1033 3891 1067 3954 in
1090 3889 1279 3955 concistoro.
1318 3899 1434 3977 questa

99 3993 236 4058 mattiua
256 3991 287 4058 io
309 3991 352 4057 ho
374 3992 429 4078 poi
450 3992 577 4080 perlato
600 4015 662 4060 con
683 3992 706 4058 il
728 4015 832 4081 papa,
866 4000 899 4058 et
931 3993 1017 4079 dopo
1047 3991 1225 4057 l’havermi
1253 3989 1299 4055 lui
1328 3999 1432 4059 stesso

98 4094 175 4162 letto
198 4093 346 4160 labella
373 4103 406 4160 et
428 4094 516 4162 detto
546 4094 606 4162 che
634 4094 853 4162 difficilmeute
881 4093 1009 4162 haveva
1036 4103 1149 4182 potato
1182 4094 1355 4181 impetrare
1388 4096 1432 4161 ds

97 4197 265 4282 cardinali,
289 4196 349 4264 che
371 4207 523 4266 mettesse
544 4197 631 4270 nella
651 4197 742 4266 bolla
763 4197 868 4286 quelle
895 4196 1023 4286 parole:
1054 4197 1226 4264 indicimus
1250 4196 1430 4285 concilium,

97 4303 142 4366 mi
164 4299 318 4367 dimando
341 4301 401 4369 che
423 4325 501 4369 cosa
522 4324 543 4368 a
564 4325 616 4369 me
637 4325 679 4368 ne
700 4325 832 4390 pareva.
855 4303 886 4368 io
909 4324 947 4368 ce
969 4301 1048 4367 diesi
1071 4299 1131 4368 che
1153 4298 1295 4366 secondo
1316 4297 1341 4364 il
1360 4301 1430 4387 giu·

97 4403 177 4470 ditio
200 4406 275 4490 mio,
299 4403 413 4472 stando
435 4404 466 4472 le
486 4404 599 4492 parole
621 4406 743 4472 eicomo
766 4415 912 4488 otorano,
935 4427 1000 4471 non
1021 4404 1201 4471 inferivano
1217 4401 1300 4468 altro
1315 4424 1350 4469 se
1364 4424 1431 4469 non

98 4507 339 4574 continuatione
362 4507 415 4574 del
438 4507 574 4575 concilio
587 4507 631 4575 -di
652 4507 784 4592 Tremo,
807 4517 840 4574 et
863 4507 923 4574 che
946 4517 1061 4596 questo
1084 4528 1141 4579 era
1161 4527 1222 4595 per
1241 4513 1375 4572 mettere
1397 4506 1430 4572 in

98 4610 277 4678 Germania
298 4611 375 4696 ogni
397 4632 476 4676 cosa
496 4619 580 4678 sotto
602 4633 709 4699 sopra.
731 4633 808 4695 non,
831 4610 928 4696 disse,
949 4633 1014 4677 non
1034 4609 1147 4676 sarano
1163 4618 1288 4698 questo,
1310 4607 1430 4696 perche

97 4714 224 4780 volemo
247 4713 306 4780 che
328 4715 403 4779 tutti
425 4715 516 4780 siano
538 4713 622 4803 uditi
643 4714 677 4778 in
699 4715 815 4802 spiritu
836 4713 978 4780 lenitatis
1001 4722 1034 4780 et
1055 4710 1331 4796 mansuetudinis,
1364 4734 1430 4777 non

98 4818 325 4884 confirmantes
346 4829 452 4904 neque
474 4816 674 4884 infirmantes
689 4817 821 4884 decreta
837 4816 964 4885 concilii
979 4815 1177 4902 Tridentini3
1199 4837 1241 4882 ne
1263 4815 1317 4882 noi
1338 4824 1430 4902 pote-

99 4944 194 4988 vamo
216 4922 267 4988 far
289 4920 381 5006 altro,
414 4921 534 5009 perche
557 4921 579 4986 il
605 4945 641 4989 re
664 4921 800 4988 catolico
822 4945 881 5010 per
902 4919 1152 4988 l’ambasciator
1172 4919 1302 5006 Vargas
1323 4942 1365 4986 ne
1387 4919 1431 4985 ha

99 5025 178 5092 lutto
199 5025 368 5092 intendere
390 5024 450 5092 che
472 5024 516 5090 ad
537 5026 615 5113 ogni
643 5025 740 5094 modo
763 5024 859 5093 vuole
882 5024 920 5094 la
947 5025 1188 5094 continuatione
1217 5022 1270 5090 del
1293 5022 1429 5090 concilio

149 5136 244 5178 erem
263 5147 282 5177 ι.
300 5135 328 5177 0.
345 5135 369 5180 u.
385 5135 484 5184 cesule,
1193 5145 1226 5198 10
