3498 5818
103 673 257 739 ministros
281 683 314 738 et
335 672 515 759 familiares
538 695 692 740 caesarea
714 697 774 740 sua
794 674 993 762 benignitate
1009 687 1107 765 atque
1127 679 1239 743 favore
1254 677 1426 764 complecti

102 785 128 840 et
146 773 342 862 praesertim
357 779 463 864 ipsum
479 776 521 842 D.
537 776 728 861 Oanobium,
753 779 807 866 qui
823 801 915 844 suam
930 803 1009 866 erga
1022 780 1100 846 Mon
1127 780 1163 846 C.
1180 781 1426 868 obsequentiam

102 889 129 943 et
148 881 307 965 optimam
329 880 528 946 voluntatem
549 880 611 947 hoc
634 881 731 946 officii
753 905 871 967 genere
894 882 1072 950 luculenter
1094 884 1271 950 admodum
1285 893 1425 950 testatus

100 993 151 1047 est.
185 983 352 1070 quomodo
375 994 481 1050 autem
504 985 573 1050 ΜΝ
596 983 628 1049 S.
653 983 690 1050 O.
717 983 796 1050 velit
824 987 918 1050 istam
950 988 1137 1073 pensionem
1158 989 1290 1074 partiri,
1321 987 1362 1053 de
1386 1010 1423 1053 eo

97 1083 163 1148 Mo·
185 1085 220 1152 S.
247 1085 284 1153 O.
308 1089 451 1153 animum
474 1109 567 1153 suum
588 1087 776 1175 propediem
799 1087 977 1154 declarabit
990 1092 1024 1155 in
1040 1090 1161 1157 scheda
1176 1090 1309 1178 speciali
1325 1113 1425 1178 quam

10 1225 11 1230 κ
99 1189 284 1256 exhibitura
307 1201 364 1256 est

196 1294 280 1359 Fuit
302 1296 537 1360 communicata
553 1297 647 1380 copia
662 1305 821 1384 quatenus
837 1295 1008 1362 concilium
1025 1301 1188 1364 concernit
1204 1319 1277 1364 cum
1292 1299 1425 1386 regibus

97 1395 327 1485 Hispaniarum
351 1408 384 1464 et
406 1397 533 1464 Galliae
556 1407 654 1485 atque
677 1398 857 1464 oratoribus
881 1423 1000 1466 eorum.

659 1625 863 1634 ma...—

671 1889 847 1976 CXVII.

408 2109 602 2206 Prospero
630 2107 769 2186 d’Arco
796 2130 843 2184 an
872 2110 945 2185 den
975 2109 1126 2200 italam

591 2263 683 2330 som,
708 2267 745 2316 10
763 2265 829 2318 usi
848 2267 940 2318 1ss1.

436 2443 574 2499 Romana
593 2442 741 2516 Oriqiad5
761 2443 792 2498 ia
807 2449 898 2518 torpe:
919 2445 961 2500 25
975 2443 1050 2500 Mat.

403 2623 505 2690 Sacra
527 2647 660 2691 cesarea
681 2633 816 2690 maesta.

193 2745 312 2812 Visitai
339 2739 452 2812 l'altro
479 2747 593 2832 giorno
622 2744 656 2812 S.
679 2745 741 2831 8⁸⁸,
775 2746 809 2813 la
836 2746 933 2835 quale
960 2749 1003 2812 mi
1033 2747 1187 2813 dimando
1211 2748 1279 2813 s'io
1301 2745 1429 2818 haveva

99 2871 179 2918 nova
200 2850 261 2917 che
283 2851 357 2916 tutti
377 2849 400 2915 li
423 2849 548 2917 elettori
576 2853 803 2917 convenissero
827 2874 847 2916 a
868 2851 1041 2917 Fhancfort
1071 2861 1104 2918 et
1126 2851 1186 2918 che
1207 2851 1230 2917 li
1251 2851 1427 2920 havessero

101 2965 269 3022 anatum
292 2976 389 3041 sopra
409 2953 442 3020 la
464 2953 614 3020 elettione
643 2954 672 3020 d'
685 2977 729 3021 un
756 2979 792 3021 re
822 2955 862 3021 de
884 2955 1020 3022 Romani
1050 2963 1083 3022 et
1114 2954 1174 3022 che
1201 2978 1261 3042 per
1286 2955 1351 3022 tals
1375 2955 1428 3024 de-

101 3058 274 3145 signassino
297 3057 424 3144 elegere
446 3057 469 3122 il
490 3081 526 3123 re
549 3057 582 3124 di
603 3058 788 3126 Animarca.
810 3060 842 3124 io
866 3081 903 3126 ce
927 3058 1007 3125 dissi
1029 3058 1078 3125 ch'
1092 3058 1220 3126 haveva
1241 3061 1345 3126 inteso
1368 3059 1429 3128 che

101 3185 153 3248 per
173 3164 278 3230 Roma
305 3184 361 3230 cra
388 3170 473 3228 stata
496 3185 610 3248 sparsa
638 3171 753 3250 questa
774 3163 862 3227 fama
889 3172 923 3228 et
945 3162 994 3230 ch'
1008 3162 1183 3229 intendeva
1205 3162 1254 3229 ch’
1267 3185 1323 3230 era
1344 3173 1428 3231 stato

101 3264 117 3329 l’
128 3267 262 3334 authore
284 3289 329 3331 un
344 3268 517 3333 secretario
533 3265 605 3332 dell'
618 3266 827 3332 arcivesoovo
844 3264 877 3331 di
893 3264 1060 3354 Salspurg,
1084 3288 1138 3332 ma
1153 3265 1203 3333 ch'
1215 3269 1247 3333 io
1264 3266 1298 3332 la
1310 3277 1429 3334 tensva

101 3393 152 3456 per
172 3370 348 3437 falsissima
368 3393 427 3458 per
449 3369 546 3436 molte
568 3371 701 3456 regioni.
747 3368 780 3434 S.
804 3367 850 3435 8⁸⁸
879 3392 945 3434 non
973 3370 1015 3432 mi
1045 3368 1212 3435 lasciando
1234 3393 1350 3458 passer
1371 3373 1428 3459 piu

101 3473 220 3541 iunansi
243 3473 345 3540 disse:
369 3483 401 3540 et
423 3475 476 3539 noi
499 3495 619 3539 ancora
640 3472 674 3538 la
695 3483 823 3540 tenemo
845 3497 904 3561 per
918 3471 993 3557 tale,
1016 3472 1136 3559 perche
1152 3495 1248 3540 sensa
1262 3474 1282 3539 l’
1295 3497 1428 3542 ascenso

101 3577 180 3646 della
206 3578 265 3644 Mu
293 3577 365 3644 dell’
377 3579 570 3665 imperatore
598 3599 663 3642 non
690 3599 831 3664 possono
859 3580 971 3643 venire
999 3601 1019 3644 a
1041 3587 1157 3666 questa
1183 3577 1362 3674 ellettione‚
1396 3590 1429 3647 et

100 3683 225 3770 quando
247 3705 310 3771 pur
332 3704 370 3748 ce
391 3683 566 3765 venissero,
590 3683 784 3747 conveneria
806 3680 866 3746 che
888 3681 1053 3767 elegesero
1075 3704 1120 3747 un
1142 3681 1290 3768 aetolico,
1314 3705 1349 3748 ss
1372 3707 1428 3750 vo-

101 3787 215 3855 lessero
239 3786 408 3852 chefosse
431 3785 619 3851 confirmato
642 3784 769 3869 dauci,
792 3784 913 3873 perche
929 3784 1102 3852 altrimenti
1117 3785 1254 3852 lacendo
1272 3786 1351 3866 loro,
1374 3791 1429 3856 noi

100 3893 257 3978 possiamo
282 3889 451 3956 dechiarar
472 3889 561 3954 nulla
582 3889 615 3955 la
637 3887 786 3955 elettione
809 3899 841 3954 et
863 3891 973 3977 privar
993 3889 1013 3954 l'
1027 3888 1153 3955 authori
1169 3888 1203 3955 di
1218 3889 1329 3978 quella
1346 3891 1432 3960 della

101 3993 220 4082 dignita
243 3993 328 4060 dello
352 3992 519 4059 elettorato
550 4001 582 4058 et
603 4000 732 4080 potemo
754 3991 953 4058 transferirla
978 3993 1012 4057 in
1035 3993 1122 4079 eltri;
1156 3995 1266 4082 percio
1290 3995 1429 4062 scrivete

100 4099 158 4166 alla
171 4097 230 4164 Μ’·
252 4096 325 4162 dell’
337 4098 532 4182 imperatore
555 4095 624 4180 che,
649 4094 778 4184 quando
801 4094 834 4160 la
856 4095 990 4161 intenda
1012 4096 1071 4190 che
1086 4097 1238 4183 vogliano
1260 4096 1283 4162 li
1303 4095 1428 4166 elettori

100 4213 228 4269 uastare
252 4199 347 4266 simili
370 4222 459 4285 cose,
490 4200 549 4266 che
570 4203 624 4266 noi
645 4199 882 4286 provederemo
905 4199 1045 4266 secondo
1067 4201 1090 4265 il
1112 4200 1203 4267 voler
1225 4201 1258 4268 di
1281 4223 1340 4268 sua
1360 4201 1427 4287 M‘¹,

99 4306 127 4372 la
149 4305 245 4396 quale
268 4306 444 4371 aiutaremo
467 4327 529 4370 con
550 4305 573 4369 il
596 4304 716 4370 donaro
740 4315 773 4370 et
794 4305 862 4370 vita
883 4305 1023 4391 propria.

196 4408 228 4476 S.
252 4408 309 4492 8¹⁵,
330 4406 470 4474 volendo
492 4410 547 4495 poi
569 4409 600 4474 io
621 4407 821 4491 licentiarmi‚
844 4408 888 4472 mi
911 4405 1072 4473 rechiamo
1095 4417 1127 4473 et
1150 4405 1256 4472 disse:
1287 4409 1428 4475 scrivete

7 4554 8 4574 .
101 4511 163 4580 aS.
178 4513 237 4579 Mt·
261 4511 320 4577 che
342 4533 407 4578 non
430 4511 499 4576 curi
519 4513 578 4597 piu
601 4510 659 4577 che
681 4520 771 4577 tauto
792 4510 812 4576 l'
825 4511 970 4576 instanse
992 4510 1052 4578 ohe
1073 4511 1107 4577 fa
1127 4509 1150 4574 il
1166 4509 1330 4576 cardinale
1344 4511 1427 4579 Vor-

6 4661 8 4675 .
100 4621 216 4684 ruiense
240 4618 274 4681 in
287 4614 379 4682 voler
401 4614 461 4681 che
484 4612 517 4680 S.
540 4613 598 4679 Mu
618 4613 730 4680 mandi
751 4613 990 4681 l’inbasciatori
1013 4612 1044 4679 al
1067 4611 1212 4679 concilio.
1235 4613 1259 4679 il
1282 4611 1427 4684 cardinal

7 4787 8 4802 ,
100 4743 200 4788 cuna
221 4702 336 4787 buona'
353 4739 507 4806 persona,
538 4739 592 4782 ma
614 4715 646 4783 di
669 4727 782 4806 questo
804 4719 935 4805 negotio
956 4739 1022 4783 non
1043 4740 1084 4785 nc
1108 4719 1222 4805 sapiu
1246 4717 1306 4784 che
1327 4725 1426 4784 tanto.

100 4827 127 4891 io
146 4825 179 4892 lo
204 4823 274 4889 diro
298 4844 318 4887 a
339 4823 403 4908 voi,
432 4819 562 4909 quando
586 4843 658 4888 sera
678 4820 701 4888 il
722 4825 841 4909 tempo,
865 4822 935 4888 acio
959 4819 1066 4888 subito
1087 4844 1129 4889 ne
1151 4823 1287 4888 avisiatc
1309 4820 1341 4888 S.
1359 4820 1424 4905 Μ“,

101 4927 213 5014 perche
234 4927 342 4994 vorrei
365 4921 440 5009 che,
472 4921 611 4990 volendo
632 4923 656 4991 il
678 4947 713 4990 re
736 4924 871 4992 aetolico
894 4923 1030 4991 mandas
1050 4922 1073 4989 li
1095 4927 1143 4991 soi
1165 4924 1372 4993 inhasciatori
1395 4933 1427 4992 et

102 5032 225 5118 prelati,
263 5027 322 5098 che
345 5030 377 5097 S.
401 5028 458 5094 Mt*
478 5051 697 5117 preocupasse
725 5039 757 5096 et
785 5028 910 5095 facesse
940 5027 999 5096 che
1026 5028 1049 5098 li
1075 5030 1122 5096 soi
1143 5029 1265 5100 fossore
1287 5028 1310 5095 li
1332 5030 1427 5124 primi
