3498 5830
60 755 65 769 ·
90 721 282 807 religionem
305 731 447 787 mutasse
465 720 682 810 perhibentur,
705 719 787 786 adeo
802 727 839 785 ut
852 717 997 785 nonnulli
1012 715 1146 782 credant
1159 713 1231 782 illos
1245 716 1342 781 etiarn
1357 735 1422 780 non

88 825 262 891 defuturos
289 827 353 890 iam
381 825 477 891 dictis
499 823 603 890 Gallis
630 823 761 906 auxilio,
785 823 842 889 ubi
869 823 1027 887 senserint
1053 821 1326 886 continuationem
1347 840 1421 885 con·

86 928 145 992 ciiii
169 929 361 996 Tridentini
389 928 575 1016 procedere,
608 950 648 993 ne
681 927 762 994 forte
785 925 965 992 istiusmodi
987 921 1228 992 continuatione
1248 921 1422 990 celebratio

85 1033 265 1098 sationalis
288 1035 321 1098 in
344 1031 454 1098 Gallia
476 1031 678 1119 impediatur.
1436 1037 1439 1044 ’

189 1135 294 1208 Haec
323 1136 454 1223 quidem
483 1136 696 1222 comperimus
725 1135 778 1220 agi
807 1144 839 1198 et
861 1133 925 1199 dici
953 1133 994 1197 ab
1023 1131 1188 1198 ordinibus
1210 1130 1423 1217 Augustanae
1467 1172 1471 1182 ·

84 1240 315 1305 confessionis.
358 1239 398 1304 de
432 1237 598 1304 catholicis
631 1246 738 1303 autem
774 1236 852 1302 talia
883 1235 977 1302 nobis
1013 1236 1221 1317 nunciantur,
1256 1243 1294 1299 ιιι
1326 1232 1423 1300 facile

82 1343 267 1429 colligatur
300 1342 425 1408 illorum
458 1363 586 1430 quoque
624 1349 721 1428 atque
767 1338 849 1405 adso
885 1341 1094 1426 ipsorummet
1130 1337 1421 1404 ecclesiasticorum

82 1469 246 1533 magnam
280 1455 404 1532 partem
437 1445 481 1512 ab
512 1447 573 1511 ista
602 1445 840 1510 continuatione
867 1441 963 1528 plane
986 1441 1160 1508 abhorrere
1182 1451 1215 1507 ct
1236 1463 1301 1506 non
1323 1440 1420 1505 modo

85 1549 253 1636 plurimos
275 1548 401 1615 illorum
423 1550 457 1612 in
472 1570 611 1641 persona
632 1548 763 1634 propria
783 1567 849 1612 non
866 1546 1113 1632 comperituros,
1138 1544 1196 1610 sed
1217 1567 1323 1632 neque
1338 1565 1422 1610 com·

84 1655 261 1719 missarios
285 1663 339 1718 aut
360 1650 485 1740 legatos
509 1673 584 1718 suos
605 1651 760 1716 missuros
783 1671 862 1728 esse,
894 1648 981 1737 quod
1003 1651 1108 1714 sciant
1130 1671 1165 1714 se
1187 1648 1280 1714 aliter
1301 1645 1422 1712 excidi-

84 1781 135 1820 um
161 1754 383 1821 ecclesiarum
396 1777 537 1820 'suarum
560 1762 592 1820 et
612 1752 777 1840 religionis
800 1751 977 1818 catholicae
999 1761 1163 1838 utcunque
1186 1750 1293 1818 adhuc
1318 1753 1351 1815 in
1367 1749 1421 1816 do·
1501 1772 1504 1780 ’

83 1861 196 1924 miniis
224 1861 290 1924 suis
311 1861 450 1946 vigentis
471 1882 537 1924 non
563 1879 659 1946 posse
687 1857 859 1940 declinare,
883 1858 1122 1922 consentientes
1150 1857 1282 1941 insuper
1304 1856 1337 1919 in
1359 1853 1422 1924 boo

84 1971 218 2050 puncto
241 1984 313 2026 cum
336 1961 467 2026 alterius
499 1960 662 2049 religionis
696 1959 863 2026 ordinibus
893 1959 980 2048 qnod
1009 1981 1115 2046 neque
1136 1981 1195 2024 nos
1218 1980 1323 2046 neque
1345 1959 1418 2044 ipsi,

83 2069 183 2132 salva
211 2067 427 2130 transactione
449 2064 645 2148 Pataviensi,
669 2065 901 2130 continuationi
923 2065 975 2128 isti
998 2063 1146 2129 assentiri
1168 2063 1337 2149 possimus.
1370 2063 1419 2126 sin

82 2181 202 2236 autem
231 2168 367 2234 liberum
400 2169 551 2255 generale
578 2177 611 2234 et
641 2169 849 2234 christianum
883 2167 1052 2234 concilium
1084 2166 1125 2232 de
1153 2189 1237 2232 novo
1260 2166 1421 2232 indicatur

82 2277 187 2362 cique
210 2275 347 2360 ipsemet
369 2294 511 2338 summus
533 2274 680 2362 pontifex
707 2295 778 2339 sese
807 2272 965 2356 subiiciat,
989 2281 1120 2359 sperant
1142 2271 1229 2359 quod
1252 2272 1348 2336 etiam
1372 2291 1420 2335 or·

87 2377 193 2442 dines
215 2375 428 2463 augustanae
450 2376 660 2443 confessionis
689 2376 814 2442 facilius
837 2378 1017 2462 permoveri
1033 2385 1064 2442 et
1078 2374 1188 2441 induci
1203 2383 1361 2461 poterunt,
1385 2382 1420 2440 ut

85 2495 117 2546 et
141 2481 214 2569 ipsi
236 2481 269 2544 in
292 2503 331 2546 co
355 2489 563 2566 compareant
585 2483 678 2567 eique
701 2503 771 2545 sese
794 2478 992 2544 submittant.

200 2583 246 2646 Et
256 2582 340 2647 ultra
352 2593 564 2648 memoratam
580 2581 800 2648 difficultatem
815 2583 1024 2648 tranactionis
1039 2583 1240 2647 Pataviensis
1257 2591 1289 2645 et
1303 2583 1422 2646 instan·
1497 2601 1505 2618 ·

86 2690 127 2752 tis
153 2688 342 2774 gravissimi
364 2686 508 2773 periculi,
540 2697 615 2751 sunt
642 2697 675 2751 et
697 2686 762 2752 alia
790 2709 873 2773 quae
896 2687 1019 2751 animos
1041 2685 1267 2752 nonnullorum
1290 2683 1420 2750 catholi-

88 2813 204 2855 corum
229 2791 410 2876 principum
433 2788 572 2854 solicitos
595 2787 736 2855 reddunt
757 2791 790 2853 in
813 2789 1014 2878 eandemque
1036 2789 1205 2880 nobiscum
1228 2790 1420 2854 sententiam
1540 2823 1546 2832 ·

87 2895 270 2976 adducunt,
294 2915 377 2980 qnae
398 2915 458 2958 nos
475 2915 604 2981 quoque
626 2895 659 2958 in
682 2893 900 2981 superioribus
922 2896 1049 2981 scriptis
1072 2896 1189 2964 nostrie
1211 2895 1328 2981 partim
1351 2890 1422 2958 etti-

89 3001 211 3082 gimus,
240 2996 391 3062 videlicet
418 2999 557 3085 suspicio
588 3019 683 3085 quam
711 2999 773 3062 ista
801 2999 997 3065 continuatio
1021 2998 1187 3064 ordinibus
1208 2996 1422 3084 Augustanae

92 3101 307 3166 confessionis
329 3105 447 3166 movet.
488 3121 561 3166 curn
589 3102 673 3166 enim
696 3099 784 3188 quod
807 3100 903 3166 valde
927 3110 1167 3188 conqueruntur
1188 3109 1221 3166 et
1241 3109 1367 3188 urgent,
1389 3101 1422 3164 in

94 3203 234 3270 concilio
256 3202 446 3269 Tridentino
470 3205 565 3269 ctiam
588 3202 739 3270 absentes
762 3226 822 3271 nec
845 3206 923 3269 satis
946 3205 1046 3271 auditi
1075 3208 1108 3271 in
1129 3203 1275 3292 pluribus
1297 3212 1422 3270 contro·

91 3309 197 3372 versis
221 3306 362 3371 articulis
386 3306 528 3371 damnati
549 3307 682 3391 brerint,
716 3307 787 3374 illos
810 3308 899 3374 haud
929 3308 1027 3375 dubie
1055 3309 1222 3395 suspicari,
1251 3307 1339 3396 quod
1360 3309 1424 3374 ista

92 3411 293 3478 continuatio
315 3432 381 3475 non
401 3419 468 3474 tam
491 3431 531 3474 ea
557 3412 732 3476 intentione
760 3413 954 3496 instituatur,
982 3422 1019 3477 ut
1039 3411 1153 3500 reliqui
1177 3413 1273 3478 etiam
1296 3411 1423 3478 articuli

94 3514 261 3600 religionis
283 3521 413 3578 nostrae
436 3521 614 3578 tractentur
635 3524 669 3578 ct
691 3513 950 3600 determinentur,
975 3537 1072 3604 quam
1093 3525 1129 3580 ut
1145 3514 1337 3582 consultatio
1354 3538 1422 3580 sus-

95 3620 235 3704 cipiatur
265 3615 306 3680 de
328 3614 439 3680 valida
461 3639 500 3682 ac
523 3626 611 3682 certa
641 3620 765 3684 ratione
789 3627 821 3684 et
846 3619 941 3685 modo
970 3619 1153 3706 exequendi
1179 3642 1219 3686 ea
1247 3641 1330 3707 quae
1358 3621 1422 3686 iam

95 3730 191 3786 antea
212 3729 327 3785 contra
348 3720 436 3805 ipsos
457 3718 670 3807 Augustanae
693 3722 904 3788 confessionis
934 3723 1062 3789 ordines
1091 3746 1262 3811 perperam
1292 3723 1423 3790 decreta

98 3835 131 3888 ct
158 3824 332 3888 constituta
369 3823 507 3905 luerunt,
544 3831 581 3887 ut
607 3833 816 3912 praepostero
844 3825 955 3891 ordine
983 3827 1136 3892 iudicium
1167 3827 1208 3892 ab
1232 3828 1422 3893 executione

97 3921 268 4012 incipiatirr
296 3947 431 4013 eamque
465 3926 506 3993 ob
542 3949 673 3992 causam
706 3929 794 4016 ipsos
817 3929 1028 4016 Augustanae
1058 3930 1267 3995 confessionis
1291 3930 1421 3994 ordines

97 4053 167 4095 sese
187 4028 241 4095 vel
274 4039 386 4117 aperto
414 4029 519 4094 Marte
547 4029 603 4095 tali
638 4031 868 4097 continuationi
897 4034 1099 4121 oppositurus
1129 4042 1184 4098 aut
1213 4041 1298 4100 certe
1321 4035 1347 4097 si
1369 4055 1421 4098 res

96 4135 191 4198 armis
221 4154 287 4198 non
316 4132 472 4198 tentanda
493 4132 664 4216 videbitur,
698 4133 818 4222 alioqui
844 4133 1048 4202 nullomodo
1085 4139 1318 4225 comperituros
1341 4159 1420 4201 esse.

98 4235 181 4301 idem
204 4257 334 4324 quoque
357 4235 558 4302 sentiendum
588 4235 628 4300 de
658 4239 766 4323 regnis
788 4236 935 4324 Angliae,
958 4239 1096 4322 Damae,
1121 4239 1251 4306 Suetiae
1274 4261 1313 4304 ac
1334 4239 1420 4325 plae-

96 4341 201 4427 risque
221 4339 447 4406 Helvetiorum
482 4339 620 4428 populis.
658 4341 775 4429 quodsi
804 4363 881 4427 ergo
910 4351 942 4406 et
964 4343 1015 4406 isti
1039 4365 1150 4408 omnes
1172 4343 1216 4408 ad
1237 4341 1421 4408 huiusmodi

98 4444 364 4508 continuationem
386 4444 496 4508 venire
519 4446 748 4528 recusaverint,
764 4466 830 4510 non
844 4465 940 4531 posse
956 4454 1042 4510 certa
1063 4445 1097 4510 id
1115 4439 1178 4512 dici
1193 4458 1249 4512 aut
1263 4448 1421 4512 nominari

99 4545 262 4612 concilium
286 4547 528 4611 oecumenicum
550 4557 607 4612 aut
628 4547 819 4614 universale.

192 4650 268 4714 Huc
290 4647 447 4714 accedere
470 4650 558 4736 quod
580 4652 613 4714 in
635 4660 726 4716 tanta
746 4651 948 4718 festinatione
964 4663 996 4718 et
1011 4655 1245 4720 acceleratione
1260 4654 1421 4720 tollendae

103 4754 312 4838 suspensionis
336 4751 464 4819 concilii
487 4751 666 4818 Tridentini
689 4753 838 4820 videatur
860 4752 932 4820 ΒΜ·
956 4756 998 4821 D.
1021 4757 1061 4822 N.
1085 4757 1298 4845 eo'inprimis
1331 4781 1420 4845 spec-

101 4862 171 4938 tare,
192 4866 228 4921 ut
250 4853 403 4921 adhibitis
425 4857 459 4920 in
481 4865 626 4943 tempore
647 4857 828 4924 istiusmodi
850 4859 1001 4926 remediis
1017 4861 1158 4928 Galliam
1181 4864 1213 4926 in
1237 4861 1421 4929 obedientia

102 4968 220 5026 emotae
242 4957 329 5024 sedis
351 4957 549 5046 apostolicae
570 4961 716 5042 retincat,
739 4983 843 5046 parva
863 4964 987 5030 ratione
1008 4963 1121 5031 habita
1135 4967 1265 5032 inclitae
1279 4967 1419 5030 nationis

104 5071 219 5129 nostrae
241 5061 466 5146 Germanicae,
488 5065 523 5128 in
547 5085 612 5153 qua
640 5061 703 5130 hoc
732 5067 959 5151 gravissimum
993 5071 1106 5135 scisma
1140 5072 1287 5157 primitus
1316 5078 1420 5137 ortum
