3498 5818
363 756 427 822 quo
449 729 545 800 modo
574 729 616 800 ad
643 731 795 802 ulteriora
815 731 1026 824 procedatur,
1061 731 1165 802 donec
1187 733 1303 803 viderit
1325 731 1403 826 quid
1424 732 1587 825 principes
1611 731 1693 801 Ger·

362 840 489 904 maniae
511 838 660 904 catholici
683 839 938 907 deliberaverint

463 942 541 1007 Post
561 941 660 1027 haec,
690 954 726 1008 ut
749 967 809 1030 ego
839 945 991 1026 coniicio,
1025 942 1077 1009 vel
1107 945 1183 1031 quia
1204 943 1402 1010 Vormiensis
1430 967 1533 1032 nuper
1561 943 1694 1030 scripsit

363 1046 407 1110 ita
436 1044 612 1111 desiderari
640 1067 659 1111 a
685 1047 742 1115 bite
766 1047 806 1114 V.
836 1057 872 1119 ut
899 1047 1045 1133 pontifex
1064 1049 1136 1134 ipse
1157 1046 1295 1122 concilio
1317 1050 1501 1130 humasset,
1538 1046 1592 1113 vel
1617 1048 1693 1134 quia

362 1149 548 1214 recordatus
571 1159 620 1215 est
641 1149 729 1237 quod
749 1151 818 1214 ΜΝ
840 1151 881 1218 V.
903 1151 993 1221 illum
1016 1151 1059 1216 ad
1081 1150 1143 1216 hoc
1166 1150 1246 1216 elias
1268 1150 1397 1218 hortata
1417 1151 1521 1234 fuerit,
1549 1149 1637 1215 dixit
1659 1172 1693 1214 se

362 1253 458 1317 etiam
481 1252 667 1336 affuturum,
702 1253 832 1340 quando
855 1255 1044 1338 cognoverit
1063 1251 1126 1319 hcc
1149 1253 1318 1340 expedire,
1345 1264 1382 1319 ut
1403 1254 1471 1320 ΜΝ
1493 1253 1544 1335 V,
1569 1255 1603 1318 in
1628 1275 1692 1340 qua

361 1354 532 1444 plurimum
552 1355 691 1421 fiduciae
712 1355 819 1439 habet,
842 1379 969 1424 omnem
991 1359 1060 1422 cius
1075 1367 1184 1424 teneat
1198 1357 1406 1440 voluntatem,
1431 1357 1581 1446 quamvis
1597 1354 1693 1442 longe

361 1459 452 1524 aliter
479 1458 717 1546 respondiderit
746 1457 849 1524 Gadis
878 1462 932 1548 qui
959 1459 1043 1526 velle
1073 1461 1133 1525 visi
1163 1470 1236 1526 sunt
1263 1461 1304 1526 8¹¹
1330 1459 1362 1527 S.
1390 1463 1424 1525 in
1451 1461 1513 1526 hac
1538 1482 1575 1526 re
1600 1458 1689 1545 leges

363 1565 449 1647 dam,
473 1586 555 1650 quas
570 1562 611 1630 sb
628 1561 743 1630 eadem
757 1565 905 1650 accipere
921 1585 1033 1630 comm
1046 1563 1206 1650 relligioni
1221 1573 1253 1631 et
1274 1565 1387 1651 pietati
1408 1567 1512 1652 magis
1528 1563 1690 1630 convenit.

464 1665 546 1732 Cum
568 1665 774 1734 solertissime
801 1667 979 1754 indigerem
1009 1667 1087 1755 quid
1109 1666 1167 1733 S⁸⁸⁸
1190 1666 1224 1732 S.
1251 1669 1430 1755 accepisset
1455 1667 1498 1732 ab
1519 1665 1689 1748 Helvetiis,

361 1770 493 1837 tandem
516 1771 657 1857 comperi
678 1769 776 1836 nichil
799 1769 841 1836 ab
862 1773 909 1838 eis
931 1770 1055 1838 illatum
1077 1793 1158 1855 esse,
1181 1771 1240 1838 sed
1263 1770 1330 1837 8¹⁶²
1345 1770 1376 1837 S.
1401 1773 1434 1835 in
1455 1769 1576 1837 bonam
1600 1791 1690 1857 spem

362 1897 473 1941 eorum
488 1875 616 1940 venisse
638 1881 670 1939 et
693 1895 731 1940 ea
753 1873 875 1940 dixisse
892 1895 976 1962 quse
989 1873 1128 1958 dixerat,
1152 1876 1305 1962 quonism
1326 1874 1400 1940 inde
1423 1874 1599 1960 scripserat
1613 1895 1690 1937 nun·

362 1979 435 2062 tius,
458 1976 564 2043 multis
588 2000 698 2044 eorum
725 1977 845 2044 nedum
867 1979 923 2066 qui
946 1977 1095 2044 catholici
1118 1980 1350 2061 existimantur,
1380 1977 1558 2044 sedetiam
1580 1999 1689 2044 eorum

362 2082 419 2168 qui
441 2081 635 2147 eorundem
657 2091 783 2168 partem
811 2093 1004 2170 sequuntur,
1037 2082 1198 2170 placuisse
1221 2105 1304 2170 quae
1326 2081 1379 2147 hic
1402 2081 1443 2148 de
1465 2080 1605 2147 concilio
1628 2082 1689 2146 ine·

362 2182 448 2253 undo
471 2185 728 2250 statuissent...

499 2355 559 2424 Vgl.
579 2357 724 2426 Cyprianus
746 2359 802 2408 1t3.
839 2353 922 2410 Untcr
940 2355 991 2410 deu
1010 2357 1135 2426 Beilagsn
1155 2361 1197 2410 cin
1215 2357 1432 2412 Rundschreibeu
1448 2358 1496 2412 des
1514 2359 1547 2412 K.
1562 2373 1616 2410 ron
1628 2356 1688 2422 Sps·

430 2443 491 2494 nien
517 2459 565 2494 sus
582 2443 684 2495 'l'oledc
705 2459 765 2496 veru
784 2447 816 2494 15
835 2445 916 2508 Mitrz,
943 2445 1026 2496 durch
1045 2445 1158 2496 welches
1181 2446 1224 2498 die
1243 2447 1366 2498 Bischttfe
1389 2440 1570 2513 arrigefordert
1587 2445 1688 2495 werden

431 2537 462 2594 (e.
480 2529 618 2596 Dtlliuger
638 2533 660 2592 1,
680 2531 741 2597 ³58)
758 2529 815 2582 ihre
833 2529 959 2597 Sprengei
979 2547 1011 2581 au
1030 2529 1157 2582 bestetlsn
1174 2529 1228 2582 und
1247 2531 1304 2582 sich
1323 2549 1368 2584 zur
1385 2533 1493 2584 Abreise
1512 2531 1582 2582 nach
1601 2529 1688 2584 'l'rieut

430 2618 515 2669 bereit
531 2633 564 2668 zu
582 2617 678 2669 baltea.

923 2799 1112 2808 --—--.-·.--
1123 2799 1127 2805 ι

953 3031 1107 3120 OXIV.

667 3249 861 3351 Prospero
890 3251 1027 3328 d’Arco
1054 3272 1101 3327 en
1130 3251 1203 3328 deu
1233 3249 1383 3342 ticinen

839 3407 930 3474 Rom,
949 3409 987 3460 26
1005 3405 1100 3472 April
1119 3406 1209 3458 1561.

718 3573 854 3644 Mauo.
885 3585 1032 3662 original,-
1054 3589 1082 3642 ia
1097 3591 1185 3660 torpa:
1207 3585 1249 3644 16
1263 3581 1336 3642 Mat.

464 3765 614 3836 Pontifex
634 3761 753 3834 nudius
774 3768 887 3834 tertius
911 3765 1208 3834 avctore-civitate
1231 3764 1262 3828 in
1280 3761 1403 3830 Urbem
1424 3755 1520 3829 rediit
1541 3767 1575 3827 et
1595 3751 1684 3824 hodie

363 3869 522 3940 ioannem
545 3871 674 3938 Aielam
701 3893 766 3936 una
794 3893 868 3937 cum
890 3873 1003 3958 Varga
1031 3877 1231 3934 oratore...
1263 3867 1307 3932 ad
1334 3864 1528 3953 colloquium
1553 3861 1683 3940 admisit,

364 3977 467 4043 ethis
490 3976 604 4042 diebus
626 3975 759 4064 elapsis,
794 3976 871 4040 dum
893 3973 1038 4062 pontifex
1058 3973 1137 4038 foris
1159 3979 1258 4052 esset,
1287 3970 1377 4036 venit
1398 3969 1496 4034 'etism
1519 3987 1563 4034 ex
1584 3961 1684 4032 Gallis

364 4091 471 4146 orator
492 4079 577 4166 regis
592 4077 768 4161 Navarrae,
791 4077 844 4144 iile
867 4079 998 4168 inquam
1022 4077 1076 4164 qui
1099 4077 1132 4140 iu
1153 4073 1285 4163 publico
1309 4081 1423 4138 senatu
1445 4073 1514 4138 eius
1536 4073 1621 4158 regis
1635 4087 1684 4131 no·

363 4185 448 4249 mine
470 4205 491 4247 a
512 4181 557 4249 Si·
576 4181 609 4248 S.
633 4191 788 4269 exceptus
810 4183 878 4248 fuit
909 4180 987 4270 quid
1013 4177 1059 4244 illi
1086 4177 1227 4243 dixerint
1248 4175 1291 4243 8²¹
1318 4176 1350 4242 S.
1373 4175 1506 4264 etquid
1527 4177 1588 4242 iste
1610 4170 1683 4237 desi·

366 4287 470 4370 deret,
501 4285 607 4352 adhuc
636 4287 781 4373 ignotum
804 4297 868 4371 est3
903 4285 961 4351 sed
989 4307 1028 4350 ca
1056 4291 1105 4348 est
1126 4283 1304 4348 communis
1327 4281 1434 4368 opinio
1456 4277 1523 4346 Bm
1543 4279 1577 4347 S.
1599 4271 1682 4343 brevi

366 4409 591 4458 concessuram
606 4391 641 4456 in
655 4388 859 4455 'libertinam
874 4387 985 4454 villam
1000 4398 1032 4453 et
1047 4385 1122 4451 inde
1138 4383 1328 4470 viterbium,
1345 4408 1385 4451 ne
1401 4383 1562 4451 audiendo
1577 4380 1681 4447 utrim-

366 4515 429 4584 que
457 4515 568 4560 eorum
595 4493 703 4558 studia
731 4503 763 4558 et
791 4493 1010 4558 contentiones
1038 4511 1132 4555 aures
1162 4490 1231 4554 eius
1262 4499 1294 4554 et
1322 4489 1448 4553 animus
1470 4488 1628 4574 fatigetur,
1650 4485 1680 4543 ul

364 4598 491 4664 interim
513 4596 636 4685 aliquid
658 4595 834 4662 consultius
857 4598 945 4661 cirea
965 4592 1037 4660 illos
1060 4591 1216 4659 deliberet
1236 4613 1303 4679 quo
1317 4594 1422 4679 possit
1439 4591 1585 4658 omnibus
1599 4585 1679 4653 eatis

365 4703 481 4770 faeere.

465 4800 627 4894 Exempla
649 4801 692 4872 ad
718 4825 771 4872 rne
792 4802 981 4872 uansmissa
1006 4821 1118 4874 earum
1141 4819 1246 4869 rerum
1271 4819 1354 4891 quos
1381 4799 1491 4866 nuncii
1513 4803 1678 4904 exposuere

364 4909 564 4999 principibus
594 4907 788 4978 Germaniae
820 4921 851 4977 ct
879 4929 989 4976 earum
1018 4907 1201 4992 identidem„
1223 4927 1307 4995 quae
1342 4905 1504 4994 principes
1534 4893 1676 4992 praedicit

365 5015 491 5082 nunciis
519 5013 771 5104 responderunt,
799 5035 865 5083 non
887 5011 962 5082 dedi
989 5011 1032 5080 8²¹
1052 5011 1095 5094 S,
1125 5013 1202 5102 quia
1229 5007 1286 5076 ΒΝ
1309 5007 1342 5077 S.
1371 5007 1452 5078 dixit
1477 5029 1517 5076 ee
1537 4999 1675 5076 habuisse

367 5117 495 5194 aliunde
512 5167 519 5190 .
537 5163 568 5186 ..
