3468 5820
1358 521 1416 586 lssl

203 709 291 774 Hine
313 718 409 774 name
431 719 505 776 sunt
529 709 781 797 prorogatione,
805 707 881 774 dum
904 730 1048 774 cursores
1070 708 1204 776 Romam
1226 707 1422 795 adpetenda

102 813 232 879 oracula
253 812 398 878 volitant.
429 813 516 901 qnod
538 825 646 880 tamen
667 813 709 878 D.
733 811 830 898 legati
852 835 916 878 non
939 813 972 876 in
993 812 1131 898 negotiis
1154 811 1247 895 fidei,
1270 811 1328 878 sed
1349 811 1420 877 aliis

8 927 10 950 ³
98 915 196 982 rebus
217 917 370 982 sefacere
384 916 503 1000 dicunt,
526 918 560 982 id
583 940 678 1004 quam
700 916 795 1003 longe
818 915 912 982 alitor
933 939 967 982 se
989 914 1115 997 habeat,
1138 917 1203 980 iam
1218 913 1343 1002 lapides
1358 915 1420 1002 ipsi

8 1033 10 1088 ῗ
99 1019 246 1086 clamant
270 1019 361 1086 nulla
383 1020 423 1086 de
444 1043 480 1086 re
501 1020 553 1086 vel
575 1023 707 1086 minima
736 1019 789 1086 vel
811 1021 952 1085 maxima
980 1021 1062 1084 inter
1091 1041 1149 1085 nos
1177 1021 1350 1106 quiequam
1377 1018 1418 1085 ab

8 1115 9 1160 ³
97 1124 189 1190 initio
211 1132 320 1190 actum
343 1133 408 1208 est,
443 1124 483 1190 de
507 1148 571 1213 qua
592 1124 685 1190 nobis
709 1122 886 1189 resolutum
910 1145 1097 1209 responsum
1120 1122 1281 1206 dederint,
1319 1123 1421 1210 prius·

97 1249 198 1314 qnam
219 1228 356 1293 Romam
380 1229 487 1292 omnia
509 1226 745 1314 perscriberent
773 1235 804 1292 st
830 1226 918 1292 illinc
941 1226 1019 1314 quid
1047 1226 1132 1292 facto
1156 1249 1237 1313 opus
1268 1235 1352 1293 esset
1375 1228 1420 1290 in·

95 1331 232 1396 structio
256 1332 303 1396 eis
325 1331 513 1396 adferretur.
542 1332 588 1396 ita
608 1352 695 1396 nunc
718 1351 847 1416 quoque
870 1329 911 1394 de
935 1329 1060 1395 concilii
1090 1330 1261 1396 secretario
1284 1329 1362 1394 nihil
1385 1352 1420 1396 sc

94 1434 190 1500 nobis
222 1434 421 1520 respendere
454 1455 549 1520 posse
584 1433 758 1516 affirmant,
794 1442 966 1520 antequam
999 1455 1041 1497 ex
1073 1433 1161 1500 Urbe
1194 1430 1421 1500 resolutionem

95 1535 251 1603 habeant.

200 1639 301 1722 Quod
322 1641 411 1704 aiunt
432 1649 540 1728 patres
563 1663 582 1706 a
605 1663 639 1705 se
662 1639 827 1705 admoneri
849 1638 959 1704 solitos
981 1649 1025 1721 ut,
1049 1641 1075 1704 si
1099 1638 1177 1726 quid
1197 1641 1333 1727 proponi
1355 1638 1420 1704 vel*

92 1744 171 1828 lent,
196 1744 232 1809 id
255 1744 298 1809 ad
318 1744 406 1830 ipsos
418 1745 556 1830 primum
571 1742 740 1820 deferrent,
764 1741 892 1829 quodsi
915 1742 1095 1808 iudicarent
1117 1741 1278 1830 expedire,
1301 1752 1368 1809 tum
1385 1765 1418 1808 se

8 1903 9 1920 t
94 1852 131 1914 in
154 1849 408 1934 congregatione
429 1846 651 1933 proposituros
674 1869 753 1928 esse,
777 1847 854 1910 satis
876 1845 1019 1910 indicant
1048 1867 1143 1934 quam
1167 1869 1276 1911 omnes
1299 1845 1378 1912 alios
1402 1869 1422 1909 a

8 1955 10 2036 2
95 1975 133 2018 se
156 1952 302 2040 pendere
334 1950 443 2017 velint
477 1951 646 2016 illorumne
669 1950 787 2016 iudicio
816 1949 965 2014 standum
988 1960 1050 2032 cst,
1084 1950 1210 2038 quidsi
1235 1948 1318 2014 male
1340 1948 1421 2015 iudi-

8 2063 9 2094 r
92 2057 194 2122 cent?
217 2056 252 2120 id
275 2058 320 2120 ita
342 2056 487 2122 evenisse
510 2054 563 2118 vel
585 2055 658 2118 binc
681 2054 892 2120 demonstrari
913 2062 1026 2140 potest,
1052 2055 1138 2141 quod
1160 2077 1224 2120 non
1248 2052 1283 2118 C.
1299 2051 1360 2117 Mo.
1375 2053 1421 2117 iu·

8 2165 9 2172 ’
93 2162 257 2226 stissimas
272 2163 451 2248 petitiones,
474 2183 540 2226 non
555 2159 646 2224 Chr¹⁰¹
660 2159 756 2244 regis,
779 2182 843 2225 non
859 2158 992 2224 aliorum
1008 2159 1198 2245 principum,
1215 2179 1278 2223 non
1293 2167 1420 2245 patrum

90 2265 363 2349 gravissimorum
385 2263 548 2352 postulata
570 2285 710 2350 unquam
733 2265 766 2326 in
789 2263 1037 2348 congregatione
1065 2261 1274 2350 proponenda
1301 2261 1418 2326 iudica·

8 2363 9 2368 ’
90 2377 182 2432 runt.
205 2367 317 2434 nolunt
340 2367 515 2455 quidquam
538 2366 579 2432 ab
603 2366 674 2432 aliis
696 2368 842 2453 proponi,
865 2387 970 2453 neque
992 2375 1099 2430 tamen
1121 2367 1181 2452 ipsi
1205 2388 1314 2430 eorum
1331 2363 1420 2452 qnid-

8 2557 9 2562 ,
92 2493 197 2555 quam
221 2481 405 2559 proponunt
427 2493 511 2558 quae
534 2471 576 2536 ad
598 2481 780 2536 nostrarum
803 2468 1010 2536 ecclesiarum
1033 2468 1236 2536 incommoda
1259 2479 1290 2534 et
1311 2491 1420 2534 neccs-

92 2576 210 2640 sitates
232 2577 400 2662 pertinent,
425 2575 501 2662 quin
523 2575 630 2662 potius
654 2596 737 2661 quae
761 2573 830 2638 aliis
852 2576 1044 2660 gravissima
1055 2573 1213 2656 videntur,
1231 2596 1269 2637 ea
1283 2574 1345 2660 ipsi
1360 2595 1419 2660 pro

8 2679 9 2688 ’
91 2679 229 2765 ineptiis
252 2677 382 2761 ducunt,
405 2687 531 2744 nostras
555 2677 692 2763 denique
720 2678 864 2742 miserias
895 2687 927 2742 et
954 2677 1155 2744 calamitates
1181 2673 1421 2764 floccipendunt

8 2791 10 2816 '
92 2793 124 2846 et
148 2781 232 2846 nihil
253 2780 341 2848 aliud
363 2803 474 2846 curare
497 2781 656 2856 videntur,
681 2803 778 2867 quam
800 2791 836 2845 ut
858 2781 972 2846 Italica
1000 2783 1065 2846 otia
1088 2803 1144 2846 suo
1168 2779 1238 2846 loco
1261 2792 1420 2863 maneant,

92 2884 257 2974 quidquid
279 2886 399 2950 exteris
421 2887 528 2970 regnis
552 2894 584 2967 et
605 2885 779 2972 provinciis
802 2885 936 2950 aecidat.
961 2907 1034 2950 eum
1057 2884 1176 2968 dicunt,
1199 2886 1260 2950 nisi
1276 2885 1356 2950 haec
1380 2883 1421 2950 de

93 2991 209 3056 divino
232 2991 300 3054 iure
324 2991 483 3054 contentio
507 2999 621 3054 exorta
644 2989 766 3072 fuisset,
790 3012 824 3054 se
847 2999 947 3055 totum
970 2987 1002 3056 S.
1026 2987 1085 3053 M²¹'
1108 2989 1143 3055 C.
1159 2988 1302 3055 libellum
1319 2989 1358 3055 de
1373 3013 1419 3054 re·

90 3093 289 3160 formatione
311 3095 533 3180 proposituros
555 3093 663 3176 fuisse,
685 3117 750 3158 non
772 3094 985 3158 meminerunt
1006 3095 1074 3158 cius
1096 3095 1242 3180 responsi
1265 3093 1352 3180 quod
1366 3116 1420 3158 110-

91 3198 148 3262 bis
174 3218 272 3283 saepe
294 3194 402 3260 verbis
425 3205 457 3260 et
478 3195 510 3260 S.
536 3194 570 3260 C.
594 3195 645 3259 Ma
674 3219 732 3283 per
754 3193 863 3260 literas
888 3197 1054 3276 dederunt,
1078 3219 1147 3260 esse
1170 3197 1319 3261 nimirum
1334 3198 1367 3260 in
1382 3219 1420 3262 eo

91 3299 180 3364 libro
204 3322 287 3386 quae
311 3298 354 3362 ad
377 3297 503 3363 concilii
527 3298 742 3383 cognitionem
770 3321 834 3361 non
850 3301 1075 3386 pertinerent,
1105 3297 1170 3363 alia
1197 3299 1326 3366 minime
1350 3323 1420 3386 pro-

92 3404 176 3492 poni
199 3425 295 3488 posse
324 3403 393 3466 sine
419 3401 527 3489 aliqua
549 3400 609 3465 Mo.
639 3399 671 3466 S.
696 3399 732 3465 C.
765 3403 1009 3467 existimationis
1038 3403 1267 3468 imminutione.
1303 3404 1419 3469 deinde

94 3507 245 3594 quaestio
274 3503 393 3570 iliade
422 3502 529 3568 divino
559 3505 628 3569 iure
657 3527 715 3569 cur
742 3503 825 3569 hanc
852 3503 926 3569 libri
948 3505 1201 3591 propositionem
1231 3507 1420 3594 impedivit?

91 3634 138 3674 an
161 3630 225 3673 non
247 3608 308 3672 fuit
330 3607 407 3671 satis
431 3609 486 3671 otii
508 3606 549 3672 ab
575 3630 611 3671 eo
634 3616 778 3694 tempore
801 3631 863 3696 quo
886 3607 969 3673 libor
990 3608 1053 3672 hue
1075 3607 1191 3674 allatus
1221 3619 1252 3673 et
1281 3607 1343 3674 illis
1366 3634 1419 3674 ex·

90 3713 216 3780 hibitus
239 3713 310 3778 est?
332 3711 388 3778 ubi
411 3715 500 3777 aiunt
523 3722 650 3800 patrum
673 3713 800 3778 decreto
825 3713 886 3778 sibi
909 3715 940 3777 in
964 3715 1128 3800 apertione
1160 3711 1286 3779 concilii
1314 3715 1421 3778 datam

92 3840 167 3882 esse
190 3839 263 3881 eam
284 3815 472 3881 facultatem
496 3827 531 3881 ut
553 3819 613 3904 ipsi
642 3829 838 3905 proponant,
871 3819 1009 3904 primum
1040 3819 1072 3882 in
1101 3819 1265 3903 apertione
1295 3816 1421 3884 concilii

92 3918 204 3984 nullus
227 3917 321 3983 ullius
350 3918 506 4007 principis
535 3930 643 3986 orator
672 3945 824 4007 praesens
846 3922 921 4003 fuit,
951 3919 1065 3986 deinde
1095 3922 1238 4008 episcopi
1265 3923 1420 4010 perpauci

92 4024 309 4090 interfuerunt
341 4033 373 4090 et
405 4047 446 4090 ex
480 4021 542 4088 illis
571 4023 670 4112 aliqui
697 4025 772 4091 huic
801 4025 930 4091 decreto
961 4025 1235 4090 contradixerunt.
1275 4025 1331 4090 sed
1360 4025 1420 4091 etsi

95 4128 240 4194 omnium
262 4125 426 4192 voluntate
449 4137 481 4193 et
496 4149 653 4192 consensu
668 4129 701 4194 id
716 4129 796 4215 ipsis
813 4151 999 4194 concessum
1016 4128 1129 4194 fuisset
1144 4138 1179 4193 ut
1193 4137 1419 4215 proponerent,

95 4231 130 4296 id
152 4252 218 4295 non
240 4231 286 4294 ita
308 4228 441 4316 intelligi
463 4229 633 4295 voluerunt
654 4229 700 4294 illi
722 4240 830 4317 patres
859 4241 893 4295 ut
914 4240 1036 4296 tantum
1059 4255 1098 4296 ca
1121 4253 1204 4319 quae
1226 4232 1304 4318 ipsis
1333 4229 1419 4294 vide·

95 4343 215 4416 rentur,
241 4330 299 4398 sod
321 4356 403 4420 quae
426 4333 468 4398 ad
490 4335 577 4420 ipsos
601 4333 641 4399 ab
664 4332 736 4398 aliis
759 4333 960 4399 adferrentur
982 4336 1090 4398 omnia
1104 4343 1332 4422 proponerent,
1355 4357 1420 4400 non

95 4438 286 4524 interposito
308 4439 450 4522 ipsorum
472 4436 608 4520 iudici03
637 4460 711 4502 nam
734 4461 832 4525 penes
856 4437 1025 4503 concilium
1055 4437 1214 4504 derebus
1237 4439 1419 4526 propositis,

95 4564 162 4606 non
184 4562 284 4626 penes
307 4538 391 4606 solos
413 4539 537 4625 legatos
561 4561 631 4606 esse
654 4539 751 4606 debet
765 4539 926 4606 iudicium.
952 4543 977 4606 ei
999 4539 1079 4607 haee
1100 4543 1301 4630 proponendi
1323 4541 1421 4607 facul-

96 4653 146 4708 tas
172 4665 300 4730 semper
331 4641 447 4729 legatis
474 4652 597 4708 tantum
625 4641 823 4729 relinquetur
852 4655 883 4708 et
913 4645 974 4730 ipsi
1002 4668 1066 4710 non
1097 4669 1179 4734 quae
1207 4656 1263 4712 aut
1283 4670 1342 4712 nos
1366 4657 1422 4712 eut

96 4744 295 4834 reliquorum
317 4745 497 4832 principum
521 4756 664 4812 oratores
686 4757 743 4812 aut
765 4748 860 4811 etiam
884 4748 1028 4834 episcopi
1051 4748 1093 4814 ad
1115 4772 1170 4816 eos
1186 4750 1340 4834 deferant,
1363 4750 1421 4817 sed

97 4847 258 4940 quaedam
280 4847 457 4914 leviuscula
478 4846 689 4936 proponenda
712 4849 941 4927 iudicaverint,
971 4874 1075 4938 neque
1099 4851 1293 4920 Germaniae
1314 4877 1421 4943 neque

96 4953 287 5040 Hrmgariae
309 4973 414 5038 neque
436 4949 612 5018 Bohemiae
640 4974 746 5039 neque
774 4951 843 5017 aliis
873 4951 905 5018 S.
936 4952 972 5018 O.
1001 4951 1061 5018 Mo.
1089 4957 1196 5044 regnis
1220 4967 1251 5023 et
1273 4957 1420 5023 dominiis

97 5079 205 5146 neque
227 5054 353 5122 Galliae
374 5076 479 5142 neque
502 5053 573 5122 aliis
604 5053 683 5120 loeis
707 5077 790 5144 quae
819 5057 936 5122 misere
965 5068 1137 5138 vexantur,
1171 5059 1229 5127 sed
1256 5059 1420 5128 Romanae
