3512 5838
390 651 473 708 nendi
490 650 649 720 quibusdem
668 649 755 706 denuo
774 647 826 702 illis
845 665 877 704 ex
895 648 985 702 verbis
1002 647 1157 713 accessisse,
1183 647 1293 715 reliquis
1315 663 1378 700 vero
1397 643 1551 715 ademptum
1569 643 1653 706 inissa,

393 741 421 790 id
439 740 510 806 quod
528 743 714 792 sacrosanctae
733 736 863 789 eeclesiae
883 743 910 788 et
927 736 990 790 8⁰⁸⁶
1011 736 1090 788 buius
1108 734 1205 802 synodi
1227 750 1260 786 ac
1276 731 1442 804 {reliquarum
1466 749 1537 800 quae
1561 733 1652 785 deinde

391 826 485 875 fierent
502 825 635 875 autoritati
662 823 833 873 vehementer
850 823 958 874 nemum
978 826 1060 872 esset:
1084 821 1143 872 ideo
1169 837 1227 873 eam
1245 822 1386 872 verborum
1408 819 1550 869 formulam
1568 833 1653 884 qnem-

392 909 534 961 admodum
552 912 626 959 iurta
643 908 712 958 hano
730 913 844 958 mentem
862 923 1020 973 sensumque
1039 913 1093 958 tam
1112 921 1129 957 a
1152 908 1228 957 uobis
1247 922 1325 972 quarn
1350 921 1366 956 a
1388 904 1496 971 reliquis
1518 903 1653 968 hucusque

396 996 531 1046 intellecta
549 999 577 1046 et
594 999 708 1060 accepta
725 999 766 1044 est
784 994 885 1060 fuitque
904 1009 1016 1059 semper,
1034 995 1073 1044 ita
1090 995 1117 1044 in
1135 993 1265 1058 reliquum
1284 993 1372 1058 accipi
1390 990 1489 1042 debere
1506 1005 1561 1040 nec
1578 988 1654 1040 aliam

394 1083 586 1149 expositionem
604 1081 795 1133 admittendam
813 1095 879 1142 esse,
898 1081 1087 1146 Hispaniarum
1105 1081 1177 1145 reple
1194 1075 1283 1130 (latis⁰¹
1307 1078 1406 1129 domini
1417 1079 1469 1128 mei
1480 1091 1602 1141 anaeque
1619 1075 1654 1124 di·

391 1169 470 1220 nonis
487 1183 521 1218 ac
539 1183 679 1233 regnorum
698 1166 925 1232 ecclesiarumque
943 1171 971 1216 et
989 1181 1080 1217 eorum
1098 1166 1215 1218 omnium
1233 1166 1279 1229 qni
1296 1163 1359 1216 huic
1378 1179 1454 1216 meae
1471 1162 1655 1228 protestab’oni

390 1254 517 1305 adherere
535 1253 669 1304 volueriut
687 1255 792 1306 nomine
811 1252 919 1304 adfirmo
939 1257 965 1303 et
983 1255 1122 1318 protestor,
1140 1256 1170 1301 ut
1181 1266 1232 1302 nec
1244 1248 1328 1302 Chr¹¹·
1346 1250 1510 1316 principibus
1530 1263 1654 1300 eorumve

390 1341 539 1390 oratoribus
556 1355 607 1389 nee
625 1341 744 1404 patribus
763 1355 813 1389 nec
825 1337 960 1388 hominnm
969 1339 1092 1404 cuiquem
1105 1337 1241 1387 arbitrium
1252 1336 1348 1386 laxitas
1356 1340 1403 1385 aut
1411 1335 1521 1385 libertas
1531 1333 1655 1400 adempta

390 1431 438 1476 aut
455 1425 510 1475 ulla
529 1441 560 1474 ex
573 1429 648 1489 parte
667 1427 793 1473 enervata
810 1423 933 1472 rideatur
952 1437 1041 1472 earum
1059 1437 1144 1472 rerum
1164 1423 1191 1472 in
1210 1418 1261 1471 han
1280 1419 1332 1471 Su*
1349 1419 1452 1485 synodo
1465 1421 1581 1486 aliisque
1599 1436 1655 1486 pro-

390 1511 571 1576 ponendamm
596 1525 665 1574 quae
684 1508 717 1559 ad
740 1507 957 1574 tranquillitatem
981 1512 1007 1558 et
1029 1505 1240 1558 incolumitatem
1264 1509 1319 1556 tam
1342 1505 1473 1557 ecelesiae
1495 1505 1655 1556 universalia

393 1599 502 1662 eiusque
526 1595 633 1646 ditionis
655 1611 734 1660 qnam
758 1595 904 1660 principum
929 1593 1052 1644 (lbrmum
1072 1595 1242 1659 metimque
1266 1607 1300 1643 ae
1327 1593 1524 1658 provinciaram
1549 1605 1656 1642 sumen

390 1687 512 1747 spectare
530 1682 698 1742 videbuntur,
716 1695 766 1732 nee
786 1682 910 1746 cuiquam
927 1679 1015 1730 denuo
1034 1678 1135 1744 aliquid
1160 1680 1225 1730 iuris
1246 1677 1321 1730 hisee
1345 1680 1372 1728 in
1394 1677 1474 1730 rebus
1492 1678 1655 1744 acquisitum

390 1767 560 1832 intelligatur,
579 1783 629 1818 nec
647 1766 808 1831 procedendi
827 1765 892 1818 ordo
911 1765 1040 1816 haetenus
1060 1765 1226 1828 observatus,
1251 1766 1275 1816 si
1296 1764 1365 1816 iorts
1392 1764 1519 1816 aliorsum
1538 1779 1656 1830 unquam

391 1854 506 1918 respexit
524 1857 570 1903 aut
588 1851 713 1913 intuetur,
731 1850 844 1917 posthac
863 1853 959 1901 noxius
977 1851 1034 1902 sore
1053 1851 1177 1901 credatur
1195 1855 1241 1901 ant
1259 1849 1398 1902 iudicetur.
1417 1851 1456 1900 sie
1475 1850 1547 1899 enim
1566 1849 1615 1900 fiet
1631 1857 1657 1899 ut

390 1939 535 1988 communis
555 1952 653 1988 causae
670 1938 741 1987 bono
760 1938 894 2001 totiusque
912 1937 1025 1987 nominis
1044 1935 1118 1986 Obr¹²¹
1136 1936 1215 1987 saluti
1235 1941 1261 1986 et
1278 1933 1355 1985 huius
1374 1937 1442 1985 sacri
1461 1934 1574 1986 concilii
1594 1933 1658 1985 alio·

390 2039 499 2090 mmqne
518 2023 655 2074 autoritati
668 2021 827 2084 consulatur,
845 2026 947 2072 remota
965 2023 1036 2071 omni
1047 2022 1116 2073 rnale
1126 2021 1170 2072 vel
1184 2020 1289 2072 dicendi
1302 2020 1345 2071 rel
1356 2019 1490 2086 cogitandi
1502 2022 1657 2071 occasione

391 2125 470 2176 quam
489 2123 576 2160 meam
593 2109 761 2162 testationem
772 2106 892 2175 publicis
911 2107 990 2158 buius
1005 2109 1075 2158 sacri
1091 2104 1202 2158 concilii
1218 2107 1287 2156 actis
1304 2106 1383 2156 inseri
1406 2119 1440 2156 ac
1457 2105 1574 2156 inscribi
1592 2108 1657 2156 eius·

388 2210 441 2260 que
459 2197 571 2260 copiam,
589 2196 628 2244 ita
644 2197 675 2244 ut
691 2193 826 2258 publicam
843 2193 922 2244 iidem
938 2186 1030 2256 iaciat,
1047 2193 1112 2244 mibi
1130 2193 1187 2244 dari
1205 2191 1331 2258 deposco.
1352 2217 1379 2228 -
1399 2191 1454 2242 Dis
1471 2191 1658 2256 Zustinsmnng

388 2281 458 2332 daau
474 2279 552 2331 sollte
570 2279 640 2332 uach
659 2280 719 2329 dem
732 2278 879 2344 Vorsoblag
897 2278 944 2330 des
962 2278 1061 2330 Grafsn
1079 2281 1107 2328 in
1125 2279 1216 2330 diesen
1228 2279 1338 2329 Worten
1357 2277 1489 2342 effulgent
1601 2277 1656 2343 Ego

390 2365 585 2416 motatore.
605 2363 742 2426 siceum
763 2379 905 2429 eorumque
924 2367 1039 2416 omnium
1057 2365 1102 2430 qni
1121 2364 1228 2414 ditionis
1251 2363 1355 2428 imperii
1378 2364 1435 2413 eius
1456 2368 1521 2412 aunt
1538 2365 1656 2422 nornine,

393 2451 476 2502 verba
494 2467 526 2502 aa
544 2452 753 2518 proponentibus
772 2450 868 2515 legatis
887 2452 913 2500 in
932 2465 989 2500 sam
1009 2452 1165 2502 sententiam
1188 2451 1292 2514 accipio
1315 2451 1460 2514 accepique
1483 2463 1608 2514 semper,
1630 2451 1656 2498 in
1753 2481 1754 2490 η

392 2551 472 2602 quarn
491 2536 522 2588 N.
543 2541 631 2588 orator
654 2539 723 2602 regis
751 2535 839 2586 Calin*
863 2538 1048 2602 interpretatus
1071 2541 1112 2588 est
1134 2537 1292 2602 accepitque
1316 2541 1446 2600 et-quara
1469 2535 1551 2584 video
1580 2535 1656 2586 huius
1689 2597 1693 2605 ι

388 2623 452 2672 ΒΜ
469 2622 565 2687 synodi
582 2623 672 2685 fnisse,
697 2624 795 2688 quippe
814 2626 839 2672 in
859 2638 911 2687 qua
929 2627 957 2671 et
974 2624 1043 2688 regis
1062 2622 1141 2676 Chrfl¹
1159 2627 1187 2671 et
1203 2613 1367 2686 reipublicae
1386 2621 1505 2671 Venetae
1529 2627 1652 2672 oratores
1753 2615 1754 2680 ,

386 2714 415 2758 et
432 2713 521 2773 patres
540 2707 682 2772 aliquando
700 2708 828 2758 nonnulla
845 2709 948 2772 synodo
966 2713 1169 2773 proposuerunt.

457 2812 508 2860 Die
526 2813 619 2860 aweite
636 2811 663 2860 iu
682 2811 786 2876 obigem
805 2811 914 2862 Bericht
931 2813 979 2860 mit
996 2813 1018 2860 Δ
1037 2811 1210 2862 bezeichneta
1227 2811 1334 2860 Forruel
1352 2808 1466 2862 laetate:
1589 2811 1653 2860 Cum
1753 2863 1754 2878 ,

389 2897 415 2946 iu
434 2895 542 2947 decreto
561 2898 684 2945 sessionis
702 2899 758 2945 eiua
776 2911 845 2962 quae
866 2898 897 2946 18
916 2897 959 2948 die
978 2898 1074 2948 mensis
1091 2897 1212 2948 Jauuarii
1226 2897 1288 2946 anni
1308 2899 1373 2948 mea
1393 2895 1485 2946 habita
1504 2901 1553 2958 eet,
1574 2896 1655 2948 rerba
1753 2879 1754 2908 i

388 2982 434 3032 illa
445 2983 653 3048 proponentibus
667 2983 760 3047 legatis
774 2984 861 3047 posita
874 2985 933 3044 sint,
953 2989 980 3032 et
992 2999 1023 3033 eo
1036 2987 1154 3048 tempore
1173 2998 1206 3032 ex
1223 2985 1316 3047 paucis
1328 2983 1400 3032 orbis
1413 2979 1487 3032 chre
1498 2983 1654 3034 nationibus
1753 3007 1754 3014 κ

389 3070 508 3133 episcopi
532 3070 718 3118 eorrrenissent
741 3073 820 3132 atque
844 3072 962 3118 oratores
986 3069 1133 3133 principum
1162 3067 1287 3118 Chr²⁸⁰t¹¹¹¹
1309 3067 1433 3118 abessent
1455 3083 1507 3116 nee
1530 3069 1654 3133 patribus
1753 3077 1754 3082 ’

389 3149 480 3204 datum
499 3153 647 3219 exemplum
666 3153 765 3202 decreti
785 3159 923 3204 essetnec
947 3155 1070 3204 omuibus
1093 3155 1120 3203 in
1143 3153 1252 3218 publica
1274 3153 1392 3204 sessione
1409 3151 1577 3217 placuerint,
1602 3157 1652 3205 imo

386 3238 494 3304 quidam
513 3255 545 3289 ex
564 3241 601 3288 sis
620 3255 654 3288 ne
672 3243 831 3304 ponerentur
849 3239 946 3289 diserte
964 3241 1170 3301 intercesserint,
1194 3245 1221 3290 et
1243 3239 1303 3288 aliis
1325 3240 1370 3304 qui
1389 3253 1422 3288 aa
1439 3253 1501 3290 mox
1519 3242 1650 3290 amenus
1753 3219 1754 3244 Χ

387 3326 557 3388 inspexerunt
576 3324 764 3390 displicuerint,
783 3325 855 3390 quod
872 3326 905 3374 iis
922 3327 1019 3390 verbis,
1039 3329 1223 3390 praeterquam
1241 3325 1313 3390 quod
1324 3338 1395 3375 nora
1406 3339 1465 3374 esse
1483 3329 1512 3374 at
1528 3326 1652 3376 inaudita
1753 3365 1754 3370 η

387 3410 413 3458 in
431 3411 566 3460 veteribus
586 3410 705 3460 conciliis
718 3410 966 3474 animadverterent,
984 3413 1152 3461 occasionem
1171 3409 1228 3460 dari
1245 3409 1366 3460 viderent
1378 3409 1530 3475 sinpicandi
1550 3413 1585 3460 iis
1599 3428 1653 3461 rer·
1753 3467 1754 3472 ,

386 3495 426 3544 bis
444 3496 508 3545 solis
526 3497 556 3545 lt
575 3495 708 3560 pontificis
727 3496 822 3562 legatis
840 3495 911 3545 mnu.
933 3499 974 3545 ius
998 3495 1162 3562 proponendi
1188 3497 1338 3561 agendique
1362 3511 1422 3545 cum
1444 3499 1567 3561 patribus
1588 3516 1651 3549 con·
1753 3513 1754 3516 ’

387 3597 498 3641 cessum,
518 3583 630 3632 caeteris
649 3583 771 3632 omnibus
790 3583 948 3646 ademptum,
965 3587 995 3631 ct
1011 3597 1171 3647 quamquam
1194 3581 1267 3632 credi
1283 3597 1336 3631 non
1355 3581 1436 3632 debet
1454 3585 1580 3648 cuiqnam
1600 3591 1653 3635 tam

385 3681 482 3717 noram
506 3664 612 3731 tamque
635 3669 788 3718 inusitatam
813 3683 903 3718 comm
926 3669 1066 3720 verborum
1097 3670 1254 3718 sententiam
1276 3669 1303 3717 in
1321 3673 1436 3718 mentem
1453 3673 1518 3718 tune
1534 3672 1653 3733 venisse,

387 3769 457 3819 quae
477 3761 503 3804 et
520 3757 688 3819 antiquorum
702 3755 875 3806 conciliorum
895 3755 1021 3821 exemplis
1039 3761 1198 3820 repugnaret
1210 3761 1237 3805 et
1249 3756 1354 3806 omnino
1372 3754 1482 3804 multum
1501 3753 1535 3804 ds
1555 3755 1652 3804 ΕΜ·

386 3839 548 3904 synodorum
566 3842 727 3891 auctoritate
746 3841 921 3906 libertateque
940 3841 1097 3900 detraheret,
1121 3842 1208 3905 sitque
1225 3841 1338 3890 manime
1354 3841 1496 3890 verbimile
1515 3853 1550 3890 ea
1569 3843 1652 3892 rerba

385 3929 487 3976 tautum
507 3941 539 3972 co
557 3931 675 3989 tempore
704 3925 803 3976 idcirco
823 3943 881 3976 esse
899 3929 994 3991 posita,
1017 3932 1046 3975 ut
1070 3927 1228 3976 crebriorem
1252 3925 1384 3990 quondam
1406 3925 1651 3992 expeditioremquc

386 4010 530 4076 plerunque
550 4013 681 4062 rationem
700 4013 796 4078 agendi
821 4012 1042 4075 demonstrarent,
1066 4027 1119 4062 non
1143 4017 1172 4061 ut
1195 4011 1343 4062 libertatem
1367 4011 1530 4076 proponendi
1556 4029 1651 4064 cousu-

385 4096 508 4163 lendiquo
527 4103 614 4162 patres
635 4099 765 4148 derebus
785 4099 930 4149 commodis
952 4114 986 4149 ac
1011 4099 1168 4149 necessariis
1193 4099 1316 4164 cuiquam
1342 4097 1503 4160 adimerent,
1529 4101 1578 4148 cui
1597 4101 1651 4149 eius
1753 4113 1754 4134 ³

383 4185 421 4234 rei
439 4183 543 4248 legibus
562 4185 688 4234 institutis
708 4201 779 4234 more
799 4187 926 4235 maiorum
945 4187 985 4236 ius
1002 4186 1170 4250 facultasque
1188 4191 1274 4234 esset:
1293 4189 1381 4234 tamen
1400 4199 1460 4234 cunr
1478 4185 1561 4234 etiam
1580 4200 1650 4262 nnnq
1753 4179 1754 4202 ³

385 4282 418 4318 ea
434 4269 517 4318 rerba
536 4270 589 4318 sint
607 4271 732 4335 ambigua
751 4277 777 4320 et
795 4272 988 4323 malevolorum
1012 4271 1147 4322 hominum
1166 4271 1333 4336 pessimeque
1356 4272 1383 4320 in
1407 4269 1602 4335 rempublicam
1624 4278 1648 4319 et

383 4353 435 4403 hoe
452 4356 594 4418 praecipue
613 4355 639 4404 S.
660 4357 805 4406 concilium
824 4359 998 4408 animatorum
1012 4358 1151 4407 calumniis
1165 4357 1292 4422 exposita,
1310 4371 1358 4406 nos
1370 4355 1485 4420 Philippi
1499 4355 1590 4406 Cattrtl
1611 4371 1648 4406 re·

385 4439 424 4503 gis
442 4442 524 4488 nostri
543 4442 650 4506 eiusque
671 4442 776 4490 ditionis
795 4444 968 4493 ceclesianrm
987 4445 1131 4493 antistitum
1149 4445 1264 4505 nomine,
1292 4457 1381 4492 conam
1399 4443 1478 4492 etiarn
1497 4444 1648 4508 quicunqne

390 4539 419 4574 ee
437 4523 500 4574 huic
518 4530 623 4576 nostrae
642 4529 828 4578 contestationi
847 4529 998 4578 adscribere
1017 4527 1162 4593 voluerint,
1180 4533 1309 4578 testamur·
1326 4527 1405 4578 deum
1429 4533 1456 4577 et
1478 4543 1535 4591 vos,
1558 4534 1646 4594 patres

393 4609 554 4675 amplissimi,
574 4617 600 4661 et
618 4629 707 4664 omues
726 4613 852 4676 lronrines,
870 4631 919 4664 nos
937 4631 969 4664 ea
987 4615 1069 4666 verba
1086 4615 1292 4680 proponentibus
1311 4613 1405 4681 legatis
1422 4616 1450 4663 in
1463 4629 1522 4664 eum
1541 4631 1646 4665 sensnm

388 4697 512 4760 accipere
529 4713 607 4760 quom
626 4697 756 4748 eredimus
776 4715 807 4751 eo
827 4701 870 4750 ‹lie
888 4703 1026 4752 universae
1044 4701 1139 4766 synodi
1156 4701 1239 4752 irrisae
1264 4705 1291 4750 et
1315 4715 1373 4750 esso
1391 4700 1528 4763 debuisse;
1554 4700 1646 4766 deprc-

383 4795 475 4831 casuur
494 4785 521 4830 et
538 4789 664 4847 quantum
684 4801 822 4850 possumus
841 4788 982 4853 diligenter
1001 4792 1187 4852 contestamur,
1205 4805 1238 4838 ne
1258 4803 1291 4838 ea
1308 4789 1390 4838 rerba
1408 4788 1497 4838 ullave
1514 4789 1644 4838 sententis

383 4881 452 4931 qnae
470 4867 503 4916 iis
520 4869 608 4918 serbis
627 4871 749 4921 subiecta
767 4887 826 4928 esse
848 4873 932 4924 sideri
955 4877 1039 4940 possit
1062 4880 1109 4926 aut
1131 4875 1187 4926 ulla
1211 4877 1277 4925 ratio
1301 4875 1398 4940 egendi
1420 4879 1480 4939 pest
1498 4873 1545 4924 illa
1562 4874 1644 4923 verba

382 4950 526 5024 aliquando
545 4952 664 5006 adbibita
691 4958 731 5006 ius
750 4957 858 5026 aliquod
876 4961 998 5012 tribuisse
1017 4961 1158 5014 videantur
1182 4963 1214 5012 iis
1238 4963 1334 5029 quibus
1358 4965 1438 5014 antea
1455 4959 1482 5012 id
1500 4975 1554 5010 nou
1574 4975 1642 5012 com·
