3498 5818
33 385 38 576 l
1347 490 1408 556 ,ι

100 673 170 740 SR.
190 675 317 761 imperii
345 697 443 762 egere
469 674 638 741 voluimus.
669 697 734 764 qus
754 676 788 741 in
808 697 844 742 re
866 675 945 762 quid
973 674 1138 764 hucusque
1166 677 1324 763 praestari
1347 683 1403 744 ant

99 777 321 864 efficipotnerit
344 777 475 864 etquid
498 777 576 844 dicti
605 778 761 846 electores
788 779 951 866 principes
979 789 1012 846 et
1043 778 1172 846 ordines
1200 780 1327 867 imperii
1354 802 1402 846 re-

32 885 33 948 ss
97 879 272 966 sponderint,
296 903 575 967 supervacaneum
597 891 647 947 est
668 880 710 950 δ”
741 882 783 947 V.
807 881 858 948 his
879 882 980 948 literis
1001 892 1223 969 repetere...

32 999 34 1062 ξ
176 982 349 1050 Caeterum
372 985 523 1071 quonism
556 983 777 1052 intelleximus
804 985 955 1071 generale
984 994 1015 1051 et
1038 987 1280 1053 oecumenicum
1302 987 1407 1052 conci·

31 1071 33 1110 ³
94 1083 161 1168 lum,
182 1109 302 1174 exque
325 1097 447 1154 certum
471 1085 611 1175 aliquem
634 1088 773 1154 fructum
796 1111 927 1175 sperare
950 1086 1096 1172 velimus,
1117 1111 1183 1155 non
1206 1111 1249 1156 ex
1270 1111 1336 1154 uns
1351 1099 1410 1156 sut

93 1186 175 1254 alters
195 1199 340 1274 unum,
374 1190 432 1256 sed
457 1213 500 1257 ex
522 1191 671 1258 omnibus
692 1190 745 1258 vel
773 1191 958 1278 plaerisque
991 1190 1106 1258 saltem
1129 1189 1296 1258 christiani
1319 1192 1406 1262 orbis

92 1292 257 1360 ustionibus
280 1303 430 1360 constare
452 1292 587 1378 debere,
620 1317 686 1360 non
716 1292 935 1361 dubitavimus
964 1317 1022 1380 pro
1045 1317 1169 1362 summo
1191 1305 1301 1361 nostro
1325 1294 1406 1360 desi·

93 1393 163 1461 derio
184 1419 251 1484 qno
273 1407 420 1464 tenemur
451 1396 585 1463 videndi
607 1407 641 1462 et
669 1395 887 1485 consequendi
910 1405 1055 1484 optutum
1077 1405 1110 1464 et
1130 1397 1307 1466 'salamon
1329 1421 1412 1464 oon·-

30 1519 32 1592 ι
92 1496 140 1562 ollii
159 1499 251 1566 istius
273 1501 406 1584 exitum,
427 1501 503 1568 freti
527 1499 580 1567 Sl·
607 1501 647 1566 V.
670 1512 807 1588 paterne
830 1523 909 1588 ergo
930 1524 989 1566 nos
1012 1500 1247 1584 benevolentis,
1262 1501 1400 1568 eandem

92 1601 170 1668 etiem
192 1603 339 1672 officioso
353 1603 519 1672 adhortari
533 1613 566 1671 ct
580 1627 706 1693 rogere,
721 1615 759 1672 ut
773 1603 1044 1692 quemadmodum
1059 1602 1216 1670 hactenus
1233 1603 1405 1691 diligenter

92 1727 152 1772 une
172 1705 266 1792 fecit,
300 1709 348 1774 sic
375 1710 474 1775 etism
506 1708 660 1797 deinceps
686 1717 804 1796 perget
830 1709 1057 1774 auctoritatem
1079 1729 1172 1774 suem
1202 1706 1399 1793 pastoralem

90 1817 171 1896 etque
190 1821 363 1898 paternum
379 1811 469 1900 apud
490 1810 694 1878 Gallicanum
715 1812 878 1878 notionem
900 1821 933 1878 et
954 1809 1035 1878 ulios
1069 1809 1260 1876 christianes
1290 1820 1404 1896 gentes

90 1911 276 2000 interponere
298 1916 410 2004 eisque
432 1925 468 1982 nt
489 1917 626 2002 negocio
647 1914 779 2002 publico
801 1937 866 1982 non
889 1915 996 1982 desint
1017 1914 1227 2000 persuadere,
1251 1913 1405 2000 quemod-

89 2014 204 2084 modnm
226 2027 259 2084 et
280 2039 340 2086 nos
362 2017 468 2086 officio
490 2027 599 2084 nostro
623 2039 776 2086 cessores
797 2040 904 2106 neque
925 2018 959 2082 in
981 2017 1043 2083 hee
1064 2025 1158 2104 perte
1173 2015 1343 2099 definimus,
1367 2015 1401 2084 id

89 2119 161 2204 quod
181 2129 342 2188 testentur
362 2121 471 2209 plures
493 2121 606 2189 litores
626 2132 756 2189 nostres
778 2121 822 2186 sd
842 2143 954 2208 regem
976 2119 1100 2188 (ihrmum
1122 2119 1174 2186 vel
1198 2119 1314 2186 Ser-”⁸¹¹¹
1336 2121 1404 2187 eius

88 2230 265 2292 musnet
291 2223 371 2292 elios
400 2247 441 2291 es
468 2225 509 2293 de
537 2249 574 2292 re
601 2227 758 2313 scriptae,
787 2245 924 2313 querum
955 2223 1140 2310 exemplum
1172 2245 1403 2311 nonnunquam

93 2323 227 2392 iussimus
261 2326 500 2395 consiliatorem
521 2337 554 2394 et
583 2338 743 2396 oratorem
770 2337 915 2394 nostrum
1020 2327 1214 2415 Prosperum
1244 2326 1280 2394 C.
1303 2325 1404 2394 Archi

93 2423 126 2492 8²¹
154 2428 195 2496 V.
215 2439 401 2498 reverenter
428 2433 675 2500 communicare.
710 2431 827 2520 quodsi
848 2432 890 2498 de
917 2439 1047 2498 caetero
1070 2453 1200 2519 quoque
1222 2431 1350 2498 monitis
1373 2439 1406 2498 et

93 2532 219 2600 consiliis
241 2535 360 2600 nostris
381 2534 471 2622 epod
492 2557 603 2623 regem
625 2533 749 2601 Chim
771 2543 804 2600 et
825 2533 906 2600 elios
925 2556 1020 2622 reges
1034 2535 1197 2623 principes
1213 2557 1252 2602 ec
1266 2533 1404 2622 populos

94 2655 270 2722 progressus
303 2638 348 2724 pii
370 2646 404 2702 et
432 2639 574 2706 maxime
606 2638 780 2704 necessarii
810 2638 901 2703 istius
928 2636 1050 2725 publici
1082 2638 1209 2724 negocii
1242 2639 1344 2704 iuvori
1373 2647 1407 2704 et

94 2740 261 2818 promoveri
282 2761 379 2827 posse
401 2739 573 2824 videbitur,
595 2762 657 2807 nec
677 2763 873 2828 propensum
901 2740 945 2807 ad
971 2740 1006 2806 id
1027 2738 1228 2807 voluntatem
1252 2763 1313 2806 nec
1336 2737 1405 2806 dili·

93 2841 220 2922 gentium
241 2841 342 2908 ullum
363 2842 397 2908 in
418 2841 511 2910 nobis
535 2842 712 2910 desiderari
733 2845 901 2930 patiemur,
925 2845 1003 2931 quis
1018 2841 1058 2908 ss
1088 2843 1128 2908 V.
1145 2842 1404 2908 ardentissimum

93 2943 292 3014 etsincernm
331 2943 472 3012 studium
498 2955 644 3012 nostrum
665 2943 805 3012 afflictae
833 2945 1030 3033 reipublicae
1058 2945 1252 3012 christianae
1275 2967 1404 3011 succur-

93 3045 170 3112 rendi
202 3070 269 3114 une
296 3070 370 3116 cum
402 3047 492 3115 filiali
521 3047 727 3116 observantis
757 3058 868 3115 nostre
900 3071 979 3135 erge
1006 3047 1073 3114 Sus
1095 3048 1136 3114 V.
1165 3049 1251 3116 omni
1272 3048 1344 3117 loco
1374 3058 1407 3115 et

92 3153 222 3240 tempore
242 3153 393 3240 omnique
416 3153 514 3220 officii
534 3175 654 3238 genere
676 3153 787 3218 testari
809 3158 842 3216 et
856 3150 1068 3237 comprobare
1083 3151 1180 3218 etiam
1195 3161 1293 3240 etque
1308 3153 1404 3219 etism

92 3271 225 3338 cupimus
239 3303 248 3320 .
263 3301 297 3320 ..

182 3358 303 3425 Detnm
324 3359 472 3426 Viennae
493 3360 537 3426 23
557 3357 637 3426 Jnlii
662 3359 755 3425 1561.

643 3847 841 3934 CXXIV.

348 4061 539 4142 (intumo
565 4062 721 4144 Orsene
747 4089 794 4143 sn
824 4069 864 4144 u
892 4069 1130 4158 Maximillam

560 4219 652 4284 Rom,
669 4222 686 4272 9
703 4221 831 4290 August
850 4223 939 4276 rtet.

589 4401 727 4456 Romans.
756 4399 894 4473 original.

176 4574 337 4644 llnontio
367 4575 420 4643 del
446 4601 535 4668 popu
567 4577 626 4646 che
649 4603 667 4645 e
691 4581 723 4645 in
744 4579 873 4646 Frunzs
894 4578 937 4646 he
969 4578 1114 4668 espedito
1145 4601 1189 4645 un
1218 4579 1357 4645 corriero
1380 4599 1401 4642 e

91 4687 183 4764 ports,
206 4679 481 4768 cheheportsto
503 4681 616 4750 lettere
639 4683 744 4750 ‹102ss
767 4682 820 4750 del
849 4693 981 4771 pensato
1005 4683 1039 4749 di
1060 4684 1169 4773 Perigi
1191 4705 1211 4749 a
1233 4681 1266 4750 S.
1290 4681 1350 4765 δ”,
1374 4690 1407 4746 et

90 4801 141 4866 per
160 4793 280 4872 quanto
303 4784 470 4870 s'intende,
492 4785 557 4874 egli
577 4786 622 4852 he
642 4786 796 4854 mandato
818 4786 851 4854 le
873 4789 968 4875 copis
990 4787 1054 4854 dell
1083 4787 1183 4854 editto
1206 4786 1265 4853 che
1288 4784 1406 4851 s’hsrn

91 4883 126 4954 tls
147 4909 295 4956 osservsr
316 4889 350 4956 in
372 4889 448 4978 quel
474 4911 574 4978 regno
603 4900 716 4957 contre
743 4890 819 4958 delli
846 4891 1017 4976 Lutereni‚
1047 4890 1099 4958 del
1122 4887 1217 4980 qunle
1239 4912 1299 4979 per
1321 4911 1404 4956 unco

89 5009 143 5058 non
163 4993 191 5057 si
212 5015 230 5058 e
252 5000 366 5082 pctuto
387 4989 489 5060 hever
510 4995 614 5082 copis,
636 5016 702 5061 non
727 4993 867 5061 volendo
885 4993 907 5060 il
929 5017 1016 5084 pepe
1038 4995 1065 5060 si
1089 4993 1143 5062 die
1165 5019 1186 5060 s
1206 5015 1357 5081 persons.
1374 5001 1406 5058 et

479 5097 501 5132 Ι
