3498 5818
1346 493 1414 559 2⁸5

145 675 261 742 genehen
284 677 331 726 sei.
367 674 473 728 cusano
499 675 563 746 ging
586 677 613 726 in
640 677 732 728 seinen
758 676 975 746 Beitirehtuugeu
1001 679 1106 733 weiter:
1135 678 1188 732 isat
1212 679 1266 732 alle
1291 681 1415 736 italisehe

147 761 263 813 Fursten
281 761 371 814 hitten
390 763 448 813 sich
466 761 551 829 gegen
565 761 680 828 Spanien
698 751 855 826 verbunden
872 763 1049 816 unterhielten
1067 781 1147 832 sogar
1163 764 1415 824 Einverstttndnisse

150 849 197 898 mit
215 848 270 899 deu
288 849 396 899 'i‘iirken
413 849 469 899 und
487 847 595 900 woliten
608 848 677 914 jetnt
701 850 744 900 die
767 849 862 900 Maske
886 850 1032 912 abwert'en3
1060 850 1107 900 der
1124 849 1205 917 Papst
1228 852 1417 902 insbesondere

150 933 222 986 troffo
239 951 271 986 se
290 936 360 986 noch
378 937 414 986 im
432 936 532 986 ietnten
542 935 728 1003 Augenblicke
741 935 789 987 das
802 935 895 987 Goneii
908 953 941 987 zu
952 936 1087 987 vereiteln.
1105 937 1186 1000 Kurz,
1200 941 1286 1008 einige
1298 919 1417 988 Woeheir

149 1019 283 1074 hindureh
300 1021 436 1074 henschte
454 1024 482 1072 in
501 1022 552 1074 den
569 1022 727 1088 politisehen
739 1023 851 1074 Kreiseu
869 1023 950 1074 Βοιιιο
968 1039 1059 1090 grosse
1077 1023 1239 1091 Auiregnng,
1257 1025 1327 1075 Areo
1337 1025 1420 1075 'hatte

150 1106 270 1174 heffigen
280 1107 472 1161 Wortweehsel
489 1110 536 1184 untv
555 1109 615 1162 dem
634 1110 717 1174 Papst
733 1109 788 1160 und
808 1108 912 1160 eriitllte
930 1110 1000 1162 auch
1019 1110 1071 1162 den
1089 1111 1186 1162 Kaisar
1202 1111 1420 1162 mitddirntrauen

150 1192 205 1243 und
224 1193 352 1244 Unrnuth.
388 1194 460 1245 Aber
478 1193 562 1245 sehon
580 1210 666 1260 gagen
683 1193 761 1246 Ende
784 1193 831 1248 des
848 1193 951 1246 Janusr
968 1196 1108 1262 begaunen
1133 1196 1176 1249 die
1195 1195 1340 1256 Gemttthcs
1359 1196 1421 1248 siah

150 1295 184 1329 uu
201 1279 359 1346 berchigen.
396 1281 501 1331 Cosimo
522 1281 632 1332 enthieit
648 1280 706 1330 sich
723 1282 844 1330 weiterer
858 1280 1029 1346 Uebergriiie,
1048 1283 1173 1349 mdssigte
1185 1283 1257 1332 aeine
1270 1282 1420 1334 Forderun-

151 1379 203 1430 gen
222 1363 278 1414 und
296 1365 390 1416 suehte
409 1366 452 1416 die
470 1367 651 1432 Zustimmuug
669 1365 715 1416 des
733 1367 842 1416 Kaisers
860 1365 939 1416 nach.
961 1365 1038 1418 Auelr
1057 1365 1104 1416 der
1115 1367 1198 1432 Papst
1210 1373 1328 1434 spannia,
1341 1351 1421 1417 noeir-

151 1451 214 1504 dem
234 1451 283 1502 der
299 1452 407 1519 Herzog
423 1451 481 1502 sich
500 1452 547 1502 der
563 1453 636 1519 Burg
658 1467 711 1502 von
734 1451 876 1517 Pitigiiano
900 1451 1065 1518 bemttchtigt
1087 1452 1161 1502 hatte
1184 1453 1238 1503 und
1262 1455 1289 1502 in
1312 1451 1353 1503 ihr
1376 1452 1421 1503 be-

150 1537 292 1604 usupare,
309 1539 390 1590 nure
409 1539 499 1590 seiten
515 1539 571 1601 ani,
589 1539 696 1590 besnitt
712 1539 787 1588 nieht
802 1538 878 1588 mehr
895 1537 938 1590 die
951 1538 1054 1588 Rechts
1072 1537 1119 1589 des
1136 1539 1315 1590 Reicere-und
1333 1532 1421 1590 nolite

150 1621 305 1690 gleichsalls
324 1623 423 1676 ᾶίεεοιιι
442 1625 486 1674 die
502 1623 705 1690 Entscheidung
727 1623 935 1679 auheimatelleu.
971 1624 1033 1676 Uud
1056 1639 1102 1676 um
1125 1625 1277 1676 Derdinsud
1301 1619 1422 1676 volieuds

152 1724 185 1758 su
208 1709 385 1776 besiiuftigen,
405 1710 494 1778 argriff
509 1726 537 1760 er
555 1710 653 1760 wieder
671 1709 719 1760 das
732 1708 786 1760 alte
798 1709 885 1760 Miner
899 1710 956 1758 eine
970 1709 1081 1761 Heirath
1094 1710 1226 1762 rwischen
1238 1711 1298 1767 dem
1311 1711 1422 1762 Prienen

152 1794 256 1845 Medici
269 1795 324 1845 und
337 1795 654 1861 eineanbsburgischen
667 1795 816 1845 Prioressin
829 1793 1046 1859 vorsusehiagen.
1065 1795 1120 1844 Der
1133 1795 1212 1844 Streit
1224 1811 1267 1848 um
1280 1795 1422 1861 Pinglisno
1487 1852 1494 1867 ι

152 1879 269 1932 &uene
287 1881 429 1948 aiierdings
447 1881 518 1932 noeh
535 1881 605 1931 viele
622 1880 705 1931 Jnhre
722 1881 782 1930 fort.
818 1880 890 1929 Aber
908 1879 950 1929 die
968 1879 1176 1946 Missetimmung
1198 1875 1299 1931 welche
1323 1897 1351 1930 er
1368 1893 1423 1930 mo-

152 1973 265 2017 mentun
284 1967 416 2018 zwisehen
435 1966 494 2018 dem
506 1969 602 2018 Kaisar
619 1967 673 2017 und
685 1968 768 2033 Pepst
785 1966 998 2032 hervorgeruien,
1017 1965 1088 2016 ward
1106 1965 1169 2018 bald
1182 1965 1279 2017 wieder
1291 1965 1421 2017 behoben.

700 2427 806 2513 CIL.

94 2644 170 2720 Der
186 2646 351 2721 Bisctrot'
363 2665 438 2721 von
455 2643 709 2720 Funikirehen
728 2643 961 2723 Draskovics
981 2649 1036 2718 ιη’
1049 2633 1178 2742 decit.
1194 2643 1424 2742 Perdiccam

539 2801 671 2865 ursone,
689 2802 729 2851 se
746 2799 874 2854 sanun
893 2799 982 2852 raes.

404 3005 583 3060 Cona'laeten.
608 3003 756 3079 &ipim
777 3005 807 3062 in
826 3013 916 3080 torpa:
938 3009 959 3061 4
981 3003 1118 3062 senaar.

278 3179 506 3250 Sacratissima
529 3184 564 3252 0.
587 3185 664 3271 Mm,
689 3185 819 3254 domine
841 3185 971 3252 domine
995 3180 1272 3251 clementissima.

196 3337 389 3404 Orationum
412 3347 445 3402 et
466 3337 607 3404 fidelium
632 3337 834 3406 servitiorum
864 3361 1007 3406 meorum
1038 3340 1072 3404 in
1094 3338 1229 3426 gratiam
1253 3333 1430 3400 sacratissi-

95 3463 167 3506 mae
189 3441 253 3506 Ma.
267 3441 308 3506 V.
330 3439 443 3508 humili
464 3441 662 3508 subiectione
677 3443 855 3530 praemissa
867 3491 875 3506 .
889 3492 895 3506 .
909 3490 916 3507 .
932 3442 985 3508 hic
1007 3464 1093 3506 nunc
1108 3437 1189 3506 nihil
1203 3438 1310 3524 agitur
1324 3458 1431 3524 neque

95 3553 209 3632 agetur
233 3545 404 3634 quicquam
427 3569 529 3632 usque
552 3546 595 3612 ad
616 3548 752 3634 primam
769 3548 955 3612 sessionem.
971 3543 1235 3629 archiepiscopus
1251 3540 1431 3607 Granaten·

96 3650 139 3712 sis
170 3671 246 3716 cum
278 3648 349 3714 aliis
379 3649 610 3734 Hispaniarum
639 3649 793 3736 praelatis
822 3649 973 3714 videntur
1004 3669 1076 3712 esse
1099 3644 1292 3728 duriuseuii3
1320 3649 1432 3730 aperte

98 3750 203 3816 solent
225 3751 333 3816 dicere
355 3759 570 3838 protestantes
592 3775 698 3840 neque
718 3761 871 3818 venturos
886 3773 992 3839 neque
1008 3749 1226 3838 expectandos
1242 3769 1322 3813 esse.
1345 3743 1432 3811 vole·

99 3854 178 3919 bant
203 3865 371 3941 praeterea
399 3858 506 3921 statim
532 3858 565 3920 in
588 3859 659 3944 ipsa
681 3855 808 3921 concilii
831 3855 998 3943 apertione
1020 3851 1236 3942 pronunciari,
1259 3849 1345 3914 hanc
1366 3871 1432 3914 non

99 3981 171 4023 csse
199 3957 425 4044 indictionem,
455 3959 513 4025 sed
543 3960 816 4026 continuationem
846 3957 988 4037 concilii,
1020 3953 1107 4046 quod
1135 3965 1242 4028 amen
1270 3975 1369 4040 opera
1391 3951 1433 4016 D.

100 4059 280 4148 legatorum
302 4073 334 4128 et
355 4063 490 4130 aliorum
512 4063 727 4151 praelatorum
749 4063 870 4128 factum
893 4085 958 4127 non
981 4071 1038 4126 est.

202 4165 441 4232 Nudiustertius
473 4167 516 4232 D.
548 4166 759 4232 Granatensis
794 4187 867 4230 cum
899 4163 997 4228 fratre
1030 4161 1072 4226 D.
1105 4161 1236 4226 Martini
1270 4156 1432 4224 Guzmani

101 4270 256 4357 episcopo
285 4265 352 4334 rne'
365 4279 521 4359 tanquam
551 4269 714 4336 hominem
744 4269 777 4336 S.
799 4268 867 4333 Mn·
890 4268 931 4332 V.
961 4266 1131 4332 visitarunt
1159 4271 1191 4327 et
1221 4263 1305 4326 inter
1327 4270 1434 4324 cetera

101 4373 185 4441 haee
207 4372 320 4441 eadem
343 4375 377 4438 in
398 4375 539 4440 medium
561 4372 746 4449 attulerunt,
771 4371 886 4461 quibus
910 4392 949 4433 ea
971 4390 1036 4455 qua
1059 4367 1168 4432 decuit
1182 4363 1342 4430 modestia
1357 4362 1435 4444 dixi,

104 4477 196 4544 aliter
217 4500 289 4544 esse
311 4479 518 4545 eminandum
541 4477 581 4544 de
604 4477 745 4542 adversm
766 4471 1012 4562 protestantium
1027 4491 1143 4556 meque
1159 4468 1288 4534 omnino
1303 4465 1436 4530 alterius

105 4583 285 4648 sententiae
307 4605 389 4647 esse.
413 4582 481 4648 dixi
504 4603 610 4669 neque
633 4580 746 4644 deesse
769 4588 875 4643 certes
897 4577 1039 4641 rationes
1063 4572 1181 4660 quibus
1204 4568 1384 4636 adducerer
1403 4576 1439 4631 ut

105 4687 138 4752 id
159 4685 301 4752 futurum
323 4685 468 4770 credam;
492 4707 567 4750 nam
590 4692 719 4770 praeter
740 4681 773 4747 id
797 4679 885 4770 quod
906 4679 1008 4744 seiam
1030 4676 1127 4741 deum
1150 4696 1268 4739 causae
1284 4693 1361 4736 suae
1374 4690 1438 4734 non

106 4789 302 4867 defuturum,
330 4789 477 4854 viderem
506 4788 602 4851 etiam
629 4785 812 4851 haereticos
842 4785 931 4872 ipsos
955 4783 988 4846 in
1011 4777 1130 4846 multas
1153 4785 1258 4842 sectas
1281 4775 1439 4839 dissectos

107 4914 177 4956 esse
198 4893 402 4981 invicemque
424 4914 496 4957 sese
517 4890 698 4956 haereticos
721 4886 887 4976 appellare
909 4895 1007 4972 atque
1032 4879 1192 4946 hostiliter
1213 4875 1384 4965 persequi,
1409 4883 1454 4938 et·

108 5007 141 5062 ut
169 5020 210 5063 cx
239 4998 368 5084 scriptis
396 4993 721 5062 sacramentariorum
750 5001 863 5057 contra
893 4985 1074 5054 Saxonicos
1106 4981 1309 5049 Luthersnos
1344 4977 1440 5044 editis

159 5121 259 5170 Siekel.
273 5135 292 5164 ι.
306 5116 332 5158 G.
347 5117 369 5158 d.
384 5113 475 5158 conciis.
1204 5103 1236 5153 10
