3498 5818
677 829 855 917 CXXII.

469 1047 1047 1146 mmmmmmm3

593 1203 685 1268 nem,
702 1205 719 1255 o
737 1203 809 1255 run
829 1205 921 1256 reor.

252 1381 437 1438 Inasbrccker
453 1382 633 1440 Gonoilaetm.
670 1382 740 1453 Heft
752 1383 950 1457 pleiotses‘tipar
963 1383 1138 1455 Abschrs'ftea
1152 1385 1206 1441 Νι.
1223 1387 1275 1442 38.

202 1557 403 1628 Charissime
425 1563 485 1648 lili,
509 1563 646 1630 sulutem
669 1574 702 1630 et
723 1562 933 1650 apostolicam
955 1564 1223 1631 benedictionem.
1245 1587 1311 1630 uon
1333 1564 1423 1630 dubi·

99 1667 204 1726 temus
230 1665 310 1750 quin
331 1663 400 1730 Mu·
414 1673 470 1731 tus
485 1665 527 1732 eb
542 1666 614 1732 aliis
628 1669 693 1732 ism
709 1669 826 1733 certior
838 1667 925 1732 fecta
940 1667 1043 1746 fuerit,
1066 1667 1296 1754 Hispaniarum
1312 1689 1422 1754 regem

12 1855 13 1860 γ
98 1759 248 1850 (lethum,
270 1770 401 1833 remotis
425 1769 667 1836 difficultatibus
690 1769 838 1837 omnibus
860 1792 941 1858 quas
970 1793 1068 1857 super
1095 1769 1185 1835 bulla
1207 1769 1334 1837 concilii
1356 1794 1423 1837 mo·

12 1925 13 1948 ,
98 1878 196 1953 verat,
222 1870 406 1940 decrevisse
428 1873 585 1941 voluntati
599 1885 729 1942 nostras
745 1874 880 1963 obsequi
896 1885 928 1940 et
944 1873 1079 1940 coneilio
1095 1877 1245 1941 assistere
1260 1875 1424 1942 mittendis

12 1965 13 1980 ¹
97 1967 288 2040 Tridentum
309 1978 490 2044 oratoribus
505 1990 537 2044 et
551 1980 704 2067 praelatis
726 2001 769 2044 ex
783 1978 891 2065 regnis
913 1979 989 2060 suis,
1014 1980 1241 2065 cumprimum
1257 1978 1297 2044 de
1312 2001 1422 2044 mense

97 2069 246 2161 Augusto
268 2081 394 2146 remissi
417 2079 541 2148 ociores
562 2081 690 2148 fuerint.
713 2104 773 2148 nos
795 2091 903 2147 tamen
926 2091 992 2147 tam
1015 2090 1161 2168 optatum
1183 2082 1330 2147 nuntium
1352 2103 1423 2167 per·

98 2174 178 2244 ferre
203 2181 246 2247 ad
268 2180 347 2247 Mam
371 2193 459 2248 tuam
480 2184 651 2269 voluimus,
673 2186 811 2272 primum
833 2193 870 2248 ut
890 2185 953 2271 ipsi
975 2182 1224 2270 gratularemur,
1254 2185 1336 2249 sicut
1358 2193 1425 2251 toto

98 2303 138 2347 ex
160 2283 260 2352 corde
282 2286 428 2371 fecimus,
451 2312 520 2355 rem
541 2288 626 2354 hano
649 2289 714 2354 iam
737 2288 880 2374 incipere
903 2285 963 2352 deo
987 2286 1116 2353 favente
1139 2287 1277 2352 adeum
1301 2289 1424 2353 exitum

13 2433 14 2478 4
99 2387 249 2474 progredi
279 2390 322 2456 ad
353 2412 448 2478 quem
477 2415 605 2479 semper
632 2415 703 2458 esm
731 2414 790 2457 nos
819 2389 980 2456 deducere
1012 2391 1209 2467 studuimus,
1245 2390 1361 2457 deinde
1389 2401 1425 2456 ut

13 2537 14 2552 ,
99 2485 260 2558 hortemur
282 2493 360 2560 Mon
382 2505 471 2562 tuam
494 2506 527 2561 et
548 2519 713 2582 rogemus,
736 2498 820 2562 sicut
843 2506 909 2562 toto
933 2518 975 2562 ex
993 2495 1091 2561 corde
1112 2495 1263 2577 facimus,
1286 2503 1323 2559 ut
1343 2493 1423 2559 nolit

13 2634 14 2646 ι
102 2589 225 2662 differre
249 2596 370 2663 diutius
392 2601 469 2686 quin
491 2599 656 2686 praelatos
677 2609 710 2665 et
733 2610 876 2666 oratores
899 2620 974 2665 suos
995 2598 1185 2664 Tridentum
1206 2599 1321 2680 mittat,
1345 2619 1420 2662 nam

101 2703 165 2763 tum
193 2699 310 2768 decere
337 2701 466 2768 videtur
498 2702 587 2768 Mes·
610 2711 713 2786 tuam,
751 2703 834 2768 sicut
865 2701 997 2788 reliquis
1032 2699 1232 2788 principibus
1267 2700 1424 2786 dignitate

101 2800 257 2887 precedit,
285 2805 332 2870 ita
352 2804 483 2871 laudem
505 2805 591 2872 hanc
613 2828 772 2893 occupare
796 2805 883 2893 quod
906 2807 975 2870 eius
998 2813 1142 2871 oratores
1163 2805 1258 2890 primi
1281 2804 1423 2869 omnium

102 2900 130 2966 in
158 2907 296 2972 concilio
324 2906 445 2992 adsint,
480 2911 563 2974 siout
597 2917 705 2974 orator
731 2917 804 2974 tuus
827 2910 882 2997 qui
906 2907 994 2995 apud
1016 2930 1075 2973 nos
1098 2916 1147 2973 est
1169 2929 1241 2972 esm
1263 2907 1420 2972 sacttnam

103 3025 167 3074 esse
198 3009 293 3076 nobis
321 3007 537 3095 confirmavit,
571 3035 644 3077 cum
672 3013 808 3098 primum
843 3034 903 3078 rex
932 3010 1054 3077 Gathar
1082 3012 1152 3097 ipse
1185 3033 1313 3098 quoque
1348 3033 1422 3075 suos

102 3111 221 3178 mittere
245 3113 452 3199 decrevisset,
476 3123 544 3180 tum
567 3113 717 3201 exemplo
740 3115 835 3181 etiam
858 3124 913 3180 tuo
930 3115 1049 3180 caeteri
1066 3112 1121 3200 qui
1137 3115 1280 3179 actiones
1296 3122 1421 3178 vestras

102 3211 269 3282 observent
290 3218 453 3304 principes
476 3218 713 3284 excitabuntur.
738 3216 882 3304 pluribus
906 3216 1015 3282 verbis
1029 3216 1108 3282 Mam
1123 3226 1211 3282 tuam
1231 3217 1273 3282 ad
1288 3216 1351 3282 hoc
1366 3216 1422 3282 ad·

101 3310 305 3403 hortaremur,
328 3322 390 3386 nisi
412 3315 566 3387 sciremus
587 3323 693 3407 ipsam
715 3330 864 3408 prompto
893 3321 999 3385 enimc
1022 3316 1181 3384 fsctrrram
1203 3318 1357 3406 quicquid
1380 3319 1422 3385 ad

103 3417 150 3486 dei
169 3422 322 3489 honorem
346 3433 378 3490 et
393 3423 548 3490 ecclesiae
563 3423 754 3490 universalis
770 3421 959 3510 dignitatem
973 3423 1122 3510 pertinet,
1147 3423 1230 3486 siout
1250 3421 1280 3486 ei
1295 3443 1422 3509 quoque

101 3521 240 3606 pluribus
262 3526 379 3591 referet
400 3525 436 3593 O.
458 3527 660 3592 Varmieneis
683 3537 715 3592 et
736 3527 867 3592 nuntius
890 3536 1007 3592 noster.
1031 3526 1233 3612 omnipotens
1249 3523 1329 3590 deus
1344 3523 1422 3590 M‘·m

102 3633 184 3694 tusus
204 3628 399 3695 incolumem
423 3651 616 3696 conservare
639 3639 671 3695 et
693 3629 854 3696 custodire
876 3629 1035 3716 dignetur.

168 3831 172 3838 ¹
195 3757 318 3825 Datum
339 3759 461 3826 Romae
485 3757 538 3826 die
560 3759 583 3825 5
604 3758 683 3826 Julii
708 3760 799 3827 1561.

255 3950 306 4003 Am
331 3953 364 4002 21
382 3951 446 4002 Juni
468 3950 541 4004 hatte
557 3949 686 4016 Pr0spero
711 3949 769 4001 dem
788 3949 882 4001 Kaiser
905 3949 1091 4016 geechrieben:
1110 3951 1198 4002 omnis
1214 3949 1257 4000 hie
1275 3941 1341 4002 adeo
1361 3967 1422 4002 con·

163 4038 301 4103 quierem
319 4041 347 4088 ct
363 4036 440 4088 silent
457 4041 488 4088 ut
504 4035 585 4088 nichil
604 4037 709 4088 omnino
727 4035 839 4087 hehesm
857 4035 928 4101 qnod
940 4035 1037 4091 mlv,
1049 4038 1110 4089 novi
1123 4037 1245 4090 scribam.
1263 4036 1334 4088 Aher
1350 4037 1423 4089 nicht

163 4121 241 4174 sllein
258 4139 304 4174 um
321 4121 369 4176 der
384 4123 489 4174 heissen
506 4121 656 4174 Jshresseit
667 4121 755 4173 willen
772 4121 866 4172 rohten
885 4121 1094 4196 die'tieschhtte,
1112 4121 1225 4174 sondern
1238 4123 1335 4174 ehenso
1354 4123 1422 4186 sehr,

162 4209 222 4260 weil
238 4211 287 4260 mit
304 4209 351 4260 der
367 4214 487 4276 grossten
504 4207 648 4274 Spsnnung
665 4212 787 4260 crwartet
804 4208 902 4270 words,
920 4222 975 4260 was
993 4209 1063 4261 wohl
1080 4208 1127 4259 der
1137 4207 1250 4260 Bischof
1264 4224 1317 4260 von
1329 4209 1421 4262 Terra·

164 4296 222 4348 cina
238 4297 266 4346 in
284 4293 400 4362 Spsnien
417 4294 567 4346 ausrichten
584 4293 678 4345 werde.
713 4293 763 4346 Am
782 4296 813 4344 13
827 4293 893 4344 Juni
910 4293 989 4346 nshm
1007 4293 1112 4346 endiich
1130 4295 1163 4345 Κ.
1181 4293 1286 4360 Philipp
1305 4294 1421 4346 dieEin·

162 4381 377 4450 hsrnfungsbulle
393 4397 428 4434 sn
445 4381 499 4433 und
516 4381 659 4448 rerepraoh
681 4382 754 4432 seine
771 4380 896 4431 Prhlaten
920 4381 961 4432 bis
978 4379 1055 4432 Ende
1072 4381 1177 4447 August
1192 4380 1261 4431 nach
1280 4379 1371 4431 Trient
1389 4397 1421 4432 au

163 4469 269 4532 senden,
286 4467 341 4520 und
358 4481 400 4520 arn
417 4471 434 4520 2
451 4467 507 4519 Juli
525 4469 579 4520 trai
595 4467 668 4518 disse
685 4465 942 4517 Frendenhotschnft
964 4465 1067 4518 inBom
1085 4465 1419 4533 ein(Depeschcdes0rs·

163 4559 217 4607 tore
238 4571 274 4607 an
292 4554 344 4607 den
360 4555 455 4606 Ksiser
481 4571 543 4606 rom
566 4553 668 4616 sJu1i;
698 4552 753 4618 rgl.
775 4551 922 4622 Cyprianus
950 4553 998 4604 171
1027 4552 1080 4604 und
1103 4553 1155 4619 Ep.
1173 4553 1282 4619 Pogisn.
1306 4555 1331 4615 2,
1348 4552 1420 4618 28⁷).

162 4639 251 4694 Ueher
274 4641 325 4694 den
342 4638 480 4694 Eindrnclr
505 4639 605 4707 sprioht
627 4638 683 4690 sich
707 4637 866 4690 numentlich
884 4638 989 4692 Gnsano
1014 4655 1056 4690 am
1074 4641 1091 4690 5
1109 4637 1166 4690 Jnli
1182 4653 1244 4690 susr
1276 4639 1340 4690 Pius
1366 4639 1420 4690 und

161 4726 262 4795 Vargas
280 4729 353 4780 scien
370 4729 420 4780 aul
435 4726 531 4778 einmsl
556 4731 619 4792 gnte
636 4723 768 4776 Freunds.
790 4725 854 4776 Pius
872 4727 980 4776 erweise
1001 4725 1058 4776 sich
1075 4724 1145 4776 anch
1170 4726 1197 4775 in
1220 4725 1272 4776 den
1289 4725 1419 4776 klcinsten

161 4813 403 4881 Angelegenheiten
420 4817 537 4864 sumens
553 4809 775 4862 nuvorlrommend
792 4826 877 4877 gegen
891 4811 1006 4877 Spanieu
1023 4810 1078 4861 und
1090 4809 1303 4878 vernachlitosige
1320 4811 1347 4860 in
1366 4809 1420 4861 die-

161 4913 216 4951 sem
238 4899 408 4968 Augenhlick
433 4913 512 4965 segur
538 4899 591 4950 den
614 4895 720 4964 Herzog
747 4896 868 4961 Cosimo,
897 4896 967 4948 habe
986 4901 1062 4960 etwa,
1092 4913 1121 4948 so
1140 4896 1211 4963 lragt
1237 4897 1293 4948 sich
1310 4897 1416 4948 cusano

161 4984 265 5053 Philipp
284 4985 364 5038 Sioua
388 4987 472 5036 einem
490 4985 610 5051 Nepotes
635 4979 681 5035 des
698 4984 810 5048 Popstes
831 4983 859 5033 in
876 4982 1000 5034 Aussicht
1023 4983 1145 5049 gestellt‘t
1179 5009 1204 5018 ·-
1233 4981 1297 5033 -slle
1314 4982 1418 5033 Einael·

160 5071 248 5125 heiten
267 5069 314 5124 des
332 5071 539 5138 Compromisses
556 5070 687 5122 usvisehen
700 5069 760 5120 dem
774 5069 872 5134 Pspste
883 5068 938 5120 und
948 5068 1052 5136 Kdnige
1064 5069 1168 5120 hennen
1180 5070 1227 5120 wir
1243 5068 1324 5120 nicht.
1342 5068 1414 5120 Aher
