3532 5832
1424 521 1462 586 1³

223 700 319 769 Item
352 704 480 771 curabit
506 713 540 771 et
571 727 645 771 cnm
671 705 788 772 effectu
812 704 912 771 faciet
939 704 1027 793 quod
1053 705 1249 772 universalis
1271 695 1411 772 ebclesia
1433 715 1466 772 et

126 803 275 870 Romana
302 809 394 872 curia
414 807 615 874 reformetur.

226 909 322 976 Item
345 911 633 1001 quoanomanam
656 912 778 977 curiam
798 934 864 976 non
885 909 1129 977 transferet...

220 1011 315 1079 Item
341 1014 429 1101 quod
450 1013 539 1080 nullo
561 1024 657 1102 pacto
679 1012 802 1080 bellum
816 1023 909 1100 gerat
923 1014 1080 1080 adversus
1091 1017 1253 1103 principes
1270 1013 1462 1081 christianos

120 1123 173 1178 aut
196 1137 283 1182 curn
307 1115 416 1204 aliquo
438 1119 582 1205 ipsorum
605 1127 718 1183 contra
733 1115 831 1182 alium
845 1116 961 1182 foedus
977 1117 1070 1182 inibit
1084 1128 1140 1183 aut
1153 1117 1252 1204 ligem
1273 1118 1380 1202 faciet,
1405 1118 1464 1183 sed

118 1239 334 1286 communem
355 1230 481 1308 patrem
503 1229 537 1286 et
557 1219 726 1307 aequalem
749 1243 784 1285 se
807 1219 955 1286 omnibus
977 1219 1145 1286 exhibebit
1158 1221 1462 1309 neutralitatemque

118 1341 232 1385 veram
266 1325 398 1389 omnino
426 1323 584 1408 servabit,
611 1325 674 1388 nisi
701 1346 744 1388 ex
765 1325 850 1387 iusta
872 1331 904 1388 et
925 1325 1053 1410 urgenti
1076 1345 1175 1389 causa
1197 1344 1281 1411 quae
1304 1347 1325 1389 a
1346 1325 1461 1389 maiori

119 1433 213 1508 parte
249 1426 467 1492 cardinalium
497 1429 530 1492 in
552 1438 677 1493 secreto
701 1427 889 1492 consistorio
917 1426 1057 1514 probata
1077 1425 1174 1492 fuerit
1195 1436 1228 1492 et
1248 1449 1309 1515 per
1330 1427 1462 1492 modum

121 1538 318 1595 secretum.
338 1579 346 1594 .
363 1579 396 1596 ..

227 1633 316 1698 Item
347 1633 435 1720 quod
466 1633 548 1700 haec
576 1635 684 1700 omnia
705 1642 738 1698 et
760 1633 888 1718 singula
909 1654 1018 1698 coram
1041 1632 1259 1699 cardinalibus
1280 1632 1459 1699 notificabit

122 1742 152 1796 et
173 1735 381 1823 approbabit
395 1747 470 1801 ante
485 1735 734 1823 publicationem
750 1735 915 1802 electionis
927 1758 1015 1818 snae,
1038 1745 1073 1799 ut
1084 1736 1273 1822 praefertur,
1296 1736 1459 1802 mediante

120 1841 342 1919 promissione
365 1841 544 1905 iuramento
566 1848 599 1904 et
621 1840 857 1925 subscriptione
873 1860 932 1903 sua
946 1840 980 1902 in
991 1837 1076 1902 hanc
1090 1837 1244 1922 formam,
1266 1838 1356 1904 nullo
1368 1861 1457 1926 pror·

121 1960 176 2002 sus
200 1941 318 2006 addito
341 1940 394 2007 vel
417 1942 587 2008 diminuto:

229 2045 303 2131 Ego
325 2044 366 2109 N.
390 2044 511 2110 electus
533 2048 565 2110 in
589 2068 747 2110 summum
769 2045 954 2132 pontificem
968 2045 1147 2132 praemissa
1162 2045 1270 2110 omnia
1285 2053 1318 2110 et
1333 2043 1460 2132 singula

121 2149 279 2231 promitto
319 2156 352 2213 et
382 2150 452 2213 iuro
485 2149 659 2214 observare
689 2158 722 2215 et
743 2147 920 2235 adimplere
953 2150 986 2212 in
1019 2148 1167 2214 omnibus
1190 2158 1222 2213 et
1250 2170 1310 2236 per
1341 2149 1458 2232 omnia,

122 2273 208 2334 pure
230 2261 264 2317 et
284 2250 472 2338 simpliciter
493 2275 533 2316 ac
553 2251 642 2316 bona
662 2250 747 2334 fide,
770 2250 899 2316 realiter
918 2260 1038 2316 etcum
1054 2251 1170 2316 effectu
1188 2250 1232 2316 ad
1247 2250 1374 2316 literam
1389 2253 1458 2317 sine

123 2353 238 2442 aliqua
260 2356 469 2420 excusatione
492 2353 681 2420 verborum:
715 2356 760 2419 ita
781 2376 832 2420 me
855 2354 935 2419 deus
958 2353 1091 2420 adiuvet
1112 2364 1145 2420 et
1166 2354 1249 2420 haec
1271 2363 1385 2420 sancta
1407 2354 1459 2421 dei

122 2457 308 2544 evangelia.

226 2561 295 2627 Nos
323 2584 400 2628 vero
429 2563 505 2626 item
532 2583 643 2626 omnes
671 2569 704 2625 et
731 2559 848 2646 singuli
877 2559 908 2625 S.
927 2560 965 2626 R.
989 2561 1026 2625 Ε.
1058 2559 1240 2626 cardinales
1262 2561 1458 2648 infrascripti

124 2667 314 2751 congregati
336 2664 458 2730 Romae
488 2666 520 2728 in
548 2662 680 2750 pallatio
704 2664 880 2751 apostolico
903 2687 961 2750 pro
985 2663 1140 2730 electione
1162 2664 1200 2728 R.
1224 2664 1385 2750 pontificis
1408 2665 1455 2728 fu-

124 2770 188 2831 turi
216 2770 249 2832 in
282 2769 436 2834 conclave
466 2777 541 2832 ante
563 2767 664 2833 altare
687 2817 695 2832 .
718 2815 726 2830 .
751 2818 758 2830 .
780 2767 862 2853 folgt
884 2767 937 2832 die
958 2766 1054 2853 lange
1076 2767 1222 2850 Formi,
1246 2769 1304 2832 mit
1327 2767 1385 2832 der
1407 2769 1453 2832 sie

127 2871 196 2934 sich
219 2870 336 2936 eidlich
359 2871 420 2936 auf
438 2870 533 2957 obige
555 2869 867 2957 Wahlcapitulation
888 2869 1112 2956 verpflichten.

261 3059 414 3125 Baynsldus
443 3061 509 3112 1559
526 3059 571 3110 llr.
591 3062 624 3110 at
641 3059 696 3110 und
722 3059 790 3110 nach
807 3060 860 3110 ihm
879 3061 918 3110 Le
935 3060 996 3112 Plat
1012 3063 1038 3123 4,
1056 3061 1106 3112 612
1125 3059 1210 3126 geben
1229 3074 1278 3110 nnr
1296 3061 1373 3110 einen
1389 3060 1456 3110 Aus-

194 3162 245 3210 zug
262 3163 310 3196 aus
328 3146 416 3196 dieser
431 3145 572 3211 wichtigen
590 3145 851 3211 Wahlcapitulation.
886 3147 946 3196 Den
964 3140 1098 3196 Wortlaut
1119 3144 1201 3195 findet
1222 3160 1283 3195 man
1307 3144 1378 3196 daun
1395 3161 1453 3196 aum

194 3231 269 3283 Theil
280 3233 434 3298 wenigstens
443 3233 469 3280 in
479 3231 789 3296 derBesttitigungsbulle
802 3231 965 3297 desPapstes
978 3231 1082 3294 wieder,
1093 3230 1136 3280 die
1145 3231 1188 3281 bei
1197 3230 1349 3296 Raynaldus
1363 3231 1407 3282 Νι.
1420 3233 1454 3282 38

194 3317 246 3366 und
259 3319 284 3367 in
297 3319 336 3367 Le
348 3318 409 3367 Plat
420 3321 445 3378 4,
456 3320 505 3367 61³
515 3317 680 3382 abgedrucht
698 3319 738 3366 ist
756 3317 828 3366 Aber
836 3316 1118 3383 derEingangunddie
1126 3315 1393 3367 Unterschriftt'ormel
1404 3317 1450 3368 des

194 3401 343 3453 Erwihlten
354 3403 414 3454 sind
424 3405 523 3452 moines
535 3403 654 3452 Wissens
665 3402 734 3454 noch
746 3403 820 3453 nicht
832 3403 969 3469 gedruckt,
986 3402 1040 3453 nnd
1052 3419 1081 3453 so
1093 3403 1174 3453 theile
1186 3403 1229 3452 ich
1241 3404 1280 3452 sie
1292 3403 1345 3452 und
1364 3405 1449 3470 einige

196 3487 241 3538 der
257 3488 444 3538 wesentlichen
462 3489 566 3554 Capitel
583 3489 641 3539 hier
657 3491 711 3538 mit.
732 3517 764 3525 -
783 3489 834 3538 Dio
854 3489 993 3554 Depesche
1011 3489 1058 3538 des
1075 3487 1250 3538 kaiserlichen
1268 3488 1384 3552 Oratore,
1403 3491 1450 3540 mit

195 3574 306 3625 welcher
317 3574 409 3640 obiges
421 3573 504 3624 stoek
523 3575 678 3641 eingesaudt
694 3575 766 3636 rard,
785 3574 886 3624 enth‘alt
904 3577 962 3624 eine
980 3589 1062 3640 gance
1080 3575 1163 3624 Reihe
1180 3590 1233 3624 von
1244 3573 1379 3640 Bcilagen.
1397 3576 1454 3625 Auf

195 3659 315 3725 folgende
333 3659 387 3710 will
403 3661 446 3710 ich
463 3661 521 3711 hier
537 3663 694 3727 wenigstens
712 3660 887 3710 aufmerksam
906 3661 1031 3712 macheu:
1066 3661 1141 3710 Brief
1155 3676 1207 3710 von
1224 3660 1326 3726 Vargas
1344 3662 1448 3712 auden

194 3745 315 3797 cardinal
327 3763 380 3796 von
391 3745 482 3796 Trient
493 3763 554 3797 vom
574 3749 605 3796 12
624 3745 753 3810 October3
771 3747 889 3796 Antwort
907 3747 954 3795 des
973 3745 1110 3798 Cardinals
1127 3763 1187 3797 vom
1207 3749 1238 3798 13
1251 3745 1325 3810 0ct;
1343 3749 1448 3798 aweites

192 3833 245 3882 und
263 3833 354 3883 drittes
373 3831 516 3883 Schreiben
533 3849 586 3883 von
603 3831 703 3898 Vargas
727 3845 761 3882 an
779 3831 922 3882 denselben
945 3848 1006 3881 vom
1025 3834 1057 3881 14
1074 3833 1128 3882 und
1143 3835 1173 3882 15
1186 3831 1260 3896 Oct;
1294 3831 1382 3883 Briefe
1401 3833 1448 3884 des

193 3917 327 3968 Cardinals
345 3933 379 3968 arr
396 3918 484 3984 Kttnig
501 3918 606 3984 Philipp
624 3934 685 3969 vom
703 3919 719 3968 2
737 3917 791 3968 und
810 3921 842 3970 16
861 3917 990 3981 October;
1008 3918 1069 3968 sehr
1094 3917 1285 3968 ausftthrliches
1304 3917 1447 3969 Schreiben

192 4005 277 4055 dieses
294 4005 395 4070 Kttnigs
413 4019 447 4054 an
465 4004 512 4054 das
531 4003 797 4069 Cardinalcolleginm
818 4003 886 4054 ohne
898 4004 998 4054 Datum
1016 4005 1042 4054 in
1061 4003 1108 4054 der
1124 4004 1266 4068 Abschrift,
1284 4005 1348 4055 aber
1366 4005 1446 4055 offen·

191 4091 237 4141 bar
253 4092 280 4140 in
299 4090 350 4141 deu
367 4090 516 4141 November
534 4089 651 4157 gehtrig‚
670 4089 830 4155 beginnend:
850 4105 910 4138 cum
928 4089 963 4139 ad
980 4105 1022 4138 me
1040 4089 1146 4155 quidam
1165 4106 1179 4140 e
1199 4090 1375 4140 cardinalibus
1393 4107 1445 4141 non

190 4179 268 4226 totius
286 4177 366 4225 vestri
384 4175 489 4225 ordinis.
518 4203 547 4213 -
567 4175 615 4225 Ich
627 4173 679 4224 will
696 4173 934 4238 hiereinschaltcn,
954 4189 1006 4224 was
1031 4175 1207 4242 gelegentlich
1224 4193 1276 4226 von
1300 4176 1359 4226 dam
1383 4177 1446 4226 Ver-

188 4249 254 4311 hebr
270 4261 316 4312 der
334 4261 473 4312 Cardintlle
491 4263 538 4311 mit
556 4261 603 4311 der
619 4260 784 4311 hussenwelt
801 4259 901 4310 eratthlt
918 4260 990 4310 wird.
1027 4261 1074 4309 hm
1094 4261 1108 4310 7
1128 4260 1186 4310 Oct
1206 4262 1309 4312 schriob
1328 4261 1442 4312 'l'hurme

190 4349 226 4396 ita
242 4347 353 4398 liberum
370 4346 441 4397 istud
460 4345 589 4397 conclave
607 4352 656 4409 est,
674 4351 703 4395 nt
721 4345 800 4397 facile
817 4346 910 4396 literae
928 4361 975 4410 per
991 4361 1052 4396 anos
1071 4345 1104 4396 de
1128 4346 1228 4398 familia
1245 4346 1280 4397 ad
1298 4347 1445 4398 cardinales

187 4433 294 4497 perferri
311 4437 426 4498 possent
444 4433 539 4482 Dleser
555 4432 610 4483 und
622 4431 734 4483 anderer
744 4432 835 4498 Unfng
846 4432 926 4482 nahm
937 4449 967 4482 so
980 4432 1124 4496 llberhand‚
1142 4433 1211 4497 dass,
1229 4435 1278 4484 wie
1291 4433 1338 4483 der
1350 4433 1446 4485 Orator

186 4534 229 4569 am
246 4521 262 4568 2
279 4519 348 4572 Nor.
366 4518 480 4583 meldet,
510 4520 568 4570 eine
585 4518 766 4570 Reformation
789 4517 835 4568 des
853 4517 987 4570 (lonclare
1010 4511 1181 4570 beschlossen
1204 4519 1259 4570 und
1284 4520 1336 4570 den
1354 4520 1444 4570 Cardi-

188 4605 265 4655 nttlen
282 4603 405 4668 Caesius,
435 4604 540 4655 Caralis
556 4604 611 4655 und
628 4619 681 4654 von
698 4604 789 4654 Trient
806 4605 964 4669 libertragen
981 4603 1083 4666 wurde,
1112 4621 1159 4670 per
1182 4621 1248 4670 quos
1272 4605 1443 4655 cardinalium

187 4693 272 4741 victus
290 4695 406 4741 arctatm
424 4697 471 4756 est,
489 4691 566 4740 nenti
585 4706 617 4740 ex
635 4689 743 4742 scedula
760 4691 864 4755 signata
880 4688 957 4739 litera
974 4689 998 4739 A
1016 4687 1096 4754 (noch
1113 4689 1275 4756 vorhanden)
1294 4689 1337 4739 M'¹
1359 4691 1391 4742 V.
1412 4690 1441 4741 C.

186 4778 295 4841 patebit,
314 4777 444 4826 fenestrae
463 4776 541 4826 etiam
558 4791 627 4841 pene
646 4791 736 4826 omnes
755 4781 926 4840 caeteraeque
940 4775 1048 4824 rimulae
1068 4775 1208 4826 conclusae
1220 4780 1292 4840 sunt,
1317 4774 1442 4840 multique

188 4878 220 4911 ex
243 4861 414 4913 cardinalium
438 4862 607 4912 servitoribus
630 4861 720 4912 horum
745 4863 816 4911 iussu
841 4861 967 4911 conclave
991 4863 1088 4926 egressi
1111 4867 1179 4911 sunt.
1215 4861 1270 4913 Auf
1284 4861 1441 4912 hchnlichen

186 4949 286 5014 Wegen
305 4949 413 4998 hucne
432 4948 501 4998 doch
519 4950 561 4997 ein
574 4947 661 5014 gleich
679 4947 809 4997 lebhaster
819 4946 938 4997 Verkehr
955 4947 1014 4996 fort.
1034 4946 1082 4997 Am
1095 4946 1249 4998 dreistesteu
1267 4961 1320 4998 war
1331 4946 1442 5012 vargas.

186 5034 243 5084 Wie
261 5036 305 5084 ein
322 5033 550 5100 Zeitungsbericht
568 5048 614 5083 aus
627 5033 687 5083 dem
706 5033 839 5084 conclave
857 5049 918 5085 vom
937 5034 968 5082 19
986 5031 1053 5083 Nor.
1064 5029 1191 5099 (Beilage
1211 5035 1283 5085 einer
1300 5033 1440 5098 Depesche

759 5205 771 5235 d
