3450 5818
1354 541 1417 606 tte

14 751 15 780 ³
88 725 264 794 scriberent
281 725 379 814 legati
394 736 427 793 et
441 725 668 815 supplicarent,
691 735 728 791 ut
749 726 791 792 ab
812 726 875 793 boc
897 728 1032 814 negocio
1055 750 1090 794 se
1110 749 1176 794 non
1191 750 1262 796 esse
1277 727 1417 796 ahenum

87 832 274 916 declararet,
298 834 343 897 ita
364 832 450 898 enim
472 831 616 896 tuburum
630 839 666 896 ut
680 839 789 918 patres
804 831 922 919 partim
937 853 1016 898 suae
1032 829 1081 897 8¹¹¹
1098 832 1277 916 voluntate,
1299 837 1416 921 partim

14 987 15 1008 ,
85 936 170 999 iustis
201 944 238 1000 et
266 933 512 1000 rationabilibus
543 933 650 999 causis
679 956 700 998 a
726 934 821 1001 nobis
850 933 998 1000 adductis
1020 939 1157 1024 permoti
1185 935 1347 1004 faciliores
1379 960 1415 1005 se

14 1027 15 1050 ³
82 1038 236 1124 deinceps
266 1038 359 1105 nobis
388 1037 590 1128 praeberent
620 1059 659 1104 ac
688 1059 760 1104 cum
789 1059 909 1126 magna
933 1040 1137 1108 contentione
1159 1039 1239 1109 nibil
1261 1041 1416 1130 perficere

79 1165 251 1230 possemus
287 1152 318 1208 et
344 1151 455 1229 aperte
483 1141 576 1209 nobis
608 1141 650 1207 D.
684 1138 782 1228 legati
813 1151 1051 1228 asseverarent,
1084 1165 1118 1208 se
1148 1144 1212 1209 iam
1241 1146 1416 1211 sessionem

79 1245 219 1332 amplius
250 1267 437 1334 prorogare.
458 1268 523 1312 non
554 1265 650 1335 posse
680 1264 784 1336 neque
815 1249 849 1311 in
877 1268 915 1312 eo
938 1245 1054 1312 nostris
1077 1249 1195 1334 optatis
1228 1247 1416 1315 safisfacere

78 1350 173 1434 velle,
203 1350 355 1416 utnulla
384 1359 516 1418 sanctae
538 1351 752 1419 eucharistiae
781 1352 814 1416 in
835 1353 985 1438 proxima
1007 1352 1149 1418 sessione
1182 1354 1301 1420 mentio
1323 1351 1416 1420 fieret

77 1465 129 1519 aut
151 1456 219 1541 ipsi
243 1463 384 1543 quatuor
406 1475 547 1520 canonem
569 1478 635 1521 non
656 1453 948 1542 promulgarentur,
972 1455 1029 1520 sed
1044 1457 1174 1522 omnino
1191 1465 1224 1522 et
1239 1458 1415 1523 sessionem

14 1619 15 1622 ,
78 1557 247 1626 celebrare
279 1569 311 1624 et
340 1567 480 1647 quatuor
508 1581 649 1626 canones
680 1559 880 1625 examinatos
908 1557 1114 1646 promulgare
1143 1559 1343 1644 decrevisse,
1372 1583 1412 1626 eo

14 1679 15 1698 .
78 1662 162 1748 quod
186 1662 232 1729 8¹¹
254 1685 334 1730 snae
355 1661 435 1728 nihil
456 1660 621 1728 molestius
649 1662 799 1728 accidere
827 1671 939 1749 posset
961 1684 1058 1750 quam
1080 1664 1108 1728 si
1129 1661 1210 1752 haee
1234 1664 1335 1730 sessio
1358 1661 1411 1732 vel

77 1790 179 1834 vacua
203 1766 312 1854 abiret
331 1764 394 1850 vel,
427 1775 464 1832 ut
486 1765 656 1854 aliquoties
678 1765 743 1832 iam
765 1765 889 1834 factum
911 1766 988 1850 fuit,
1012 1765 1207 1838 differretur:
1231 1768 1341 1834 visum
1363 1776 1413 1834 est

75 1870 163 1936 nobis
186 1880 260 1938 tres
281 1869 345 1936 illis
368 1869 566 1938 conditiones
588 1893 778 1957 proponere,
808 1893 889 1958 quas
911 1870 940 1935 si
962 1872 1156 1957 acciperent,
1187 1880 1256 1941 tum
1279 1870 1413 1937 demum

14 1959 15 1974 ¹
76 1999 129 2040 nos
147 1998 286 2064 quoque
300 1975 377 2041 huie
392 1996 504 2040 eornm
519 1975 698 2040 sententiae
712 1996 777 2041 non
792 1981 927 2061 gravate
942 1995 1131 2040 accessuros
1147 1972 1408 2043 ostendebamus.

14 2123 15 2136 2
74 2081 176 2166 prima
201 2079 347 2146 conditio
379 2078 441 2144 fuit
462 2086 498 2143 ut
525 2079 558 2142 in
580 2076 644 2142 ista
666 2079 809 2144 sessione
830 2079 980 2164 proxima
1002 2075 1132 2164 publice
1160 2079 1412 2167 promitteretur,

14 2137 16 2256 l
76 2183 159 2269 quod
183 2183 270 2250 duos
293 2181 364 2270 illos
387 2179 540 2248 articulos
564 2182 619 2270 qui
640 2190 774 2269 propter
796 2183 948 2268 temporis
964 2182 1145 2268 angustiam
1161 2180 1317 2254 hactenus
1334 2205 1411 2249 cxs-

74 2288 188 2352 minari
212 2309 280 2352 non
302 2294 485 2374 potuerunt,
518 2294 594 2372 post
616 2286 793 2352 sessionem
816 2285 922 2373 ipsam
943 2284 985 2351 D.
1008 2283 1108 2372 legati
1130 2286 1353 2376 proposituros
1376 2309 1411 2354 se

73 2391 223 2474 patribus
238 2391 479 2477 ‚promitterent
502 2388 647 2455 secunda
668 2388 810 2456 conditio
832 2388 894 2454 fruit
915 2397 951 2453 ut
971 2389 1025 2454 isti
1047 2386 1111 2454 duo
1128 2386 1255 2456 articuli
1270 2399 1340 2456 tum
1354 2412 1410 2478 pa·

14 2541 15 2548 .
73 2493 173 2558 tribus
199 2492 412 2560 examinandi
434 2500 699 2579 proponerentur,
733 2513 807 2558 cum
830 2489 1009 2558 oratoribus
1038 2491 1100 2558 ΜΨ
1126 2491 1166 2557 V.
1191 2491 1223 2560 S.
1246 2492 1282 2558 id
1303 2495 1409 2560 visum

14 2599 15 2674 ]
73 2596 175 2662 brerit.
208 2599 306 2664 tertia
328 2595 470 2664 conditio
499 2604 536 2661 ut
557 2597 681 2662 interea
702 2597 857 2683 temporis
885 2593 973 2684 apud
994 2593 1072 2660 ΒΜ·
1094 2595 1136 2660 D.
1158 2594 1197 2660 N.
1228 2595 1340 2663 sedulo
1362 2599 1409 2664 in·

14 2703 15 2706 ’
74 2708 205 2786 starent,
242 2708 278 2766 ut
301 2702 370 2768 eius
401 2698 456 2764 S*
482 2698 559 2766 huic
592 2701 793 2768 concessioni
822 2700 948 2766 faveret
977 2707 1009 2766 et
1035 2698 1121 2766 hanc
1148 2721 1240 2766 suam
1268 2709 1409 2768 mentem

73 2803 221 2888 patribus
237 2801 429 2870 declararet.
452 2801 532 2870 duas
550 2800 623 2869 illas
638 2804 762 2890 priores
778 2801 977 2870 conditiones
991 2811 1166 2890 propterea
1180 2804 1408 2892 proponendas

75 2909 347 2990 existimavimus,
379 2904 466 2993 quod
488 2927 643 2994 magnum
663 2905 844 2993 periculum
875 2928 946 2973 esse
968 2905 1161 2972 videbamus
1183 2930 1240 2992 ne,
1272 2910 1299 2974 si
1320 2929 1408 2976 nune

73 3011 121 3076 isti
151 3010 286 3078 articuli
315 3010 593 3092 examinarentur,
621 3011 655 3074 in
682 3011 745 3076 ista
771 3019 900 3097 patrum
932 3009 1133 3076 dissensione
1167 3019 1199 3077 et
1222 3009 1407 3078 Simonetae

74 3118 217 3200 practica
238 3135 371 3202 prorsus
402 3134 441 3178 ac
464 3121 566 3178 totum
587 3115 759 3200 negocium
782 3112 1036 3180 disturbaremus
1067 3123 1099 3178 et
1119 3113 1199 3180 nihil
1231 3137 1406 3204 conseque-

72 3239 195 3304 remur,
226 3216 344 3284 deinde
366 3225 403 3283 ut
423 3239 492 3284 rem
515 3216 675 3304 integram
706 3215 748 3282 ad
769 3215 832 3282 Me.
854 3217 895 3283 V.
919 3215 952 3282 S.
975 3218 1123 3284 notitiam
1154 3216 1351 3286 deferremus
1374 3230 1407 3286 et

74 3321 114 3386 its
136 3323 182 3388 ad
206 3322 247 3387 D.
269 3321 443 3409 Pragensis
466 3321 643 3390 adventum
664 3343 914 3404 reservaremus,
938 3343 1035 3408 quem
1056 3320 1123 3387 ΜΨ
1149 3322 1190 3388 V.
1207 3320 1239 3390 S.
1262 3332 1295 3389 et
1316 3345 1404 3390 man-

73 3423 153 3492 datis
179 3435 214 3496 et
235 3427 329 3492 novis
351 3425 615 3492 instructionibus
637 3422 700 3490 bac
723 3424 763 3492 de
785 3448 821 3490 re
843 3426 1002 3491 munitum
1024 3424 1089 3492 huc
1111 3425 1145 3490 in
1167 3436 1312 3516 ternpore
1333 3430 1403 3494 mit·

14 3547 16 3556 ’
74 3537 137 3594 tere
160 3537 283 3617 posset.
306 3537 504 3616 postremam
526 3537 635 3596 autem
659 3526 875 3595 conditionem
896 3538 1070 3617 propterea
1084 3532 1312 3619 proposuimus
1327 3534 1404 3620 quia

74 3631 334 3726 videbamus,1si
356 3630 591 3720 intelligeretur
611 3631 688 3700 S*mm
711 3631 752 3696 D.
775 3631 814 3698 N.
836 3631 913 3698 huic
935 3633 1070 3719 negocio
1094 3632 1213 3718 lavere,
1240 3634 1336 3702 facile
1357 3635 1404 3702 fu·

75 3745 176 3802 turum
208 3746 245 3802 ut
272 3737 408 3804 calicem
439 3745 549 3825 patres
577 3738 721 3802 unanimi
756 3759 915 3802 consensu
949 3735 1191 3804 eoncedendum
1225 3747 1404 3806 censerent.

74 3835 112 3904 D.
134 3841 235 3930 legati
256 3849 330 3928 post
351 3839 485 3906 multam
506 3841 698 3908 instanciam
713 3850 857 3908 noemam
873 3841 953 3908 duas
970 3843 1048 3906 istas
1063 3843 1187 3930 priores
1203 3842 1404 3910 conditiones

75 3965 106 4008 se
128 3955 315 4012 servaturos
337 3943 425 4010 bona
446 3943 510 4010 fide
533 3967 644 4010 omnes
666 3947 892 4033 promiserunt,
923 3943 965 4008 ad
986 3946 1114 4036 tertiam
1137 3953 1245 4012 autem
1269 3945 1403 4032 polliciti

76 4057 146 4114 sunt
161 4072 197 4116 se
220 4047 464 4136 diligentissime
485 4070 550 4113 non
574 4047 679 4114 solum
694 4049 907 4114 communiter
921 4069 1042 4127 omnes,
1065 4048 1123 4114 ssd
1137 4051 1290 4137 privatim
1305 4051 1403 4116 etiam

76 4151 189 4238 singuli
212 4151 268 4218 8⁰⁰
295 4149 337 4214 D.
359 4149 398 4214 N.
422 4152 597 4238 scripturos
621 4159 653 4216 et
675 4151 922 4239 supplicaturos,
946 4161 982 4217 ut
1003 4151 1059 4218 δ”·
1086 4153 1154 4218 eius
1177 4151 1253 4221 huic
1265 4156 1402 4244 negocio

76 4275 113 4318 ex
134 4256 242 4321 animo
265 4254 375 4322 favere
397 4255 485 4322 velit.
508 4257 619 4344 itaque
642 4254 861 4343 supplicamus
884 4255 936 4322 Me
959 4256 1000 4323 V.
1023 4253 1056 4322 S.
1079 4255 1243 4324 humilime
1265 4267 1302 4323 ut
1324 4257 1402 4346 quid

76 4377 129 4422 nos
152 4361 185 4424 in
207 4358 270 4423 bac
291 4382 327 4424 re
348 4359 455 4424 facere
477 4357 595 4442 iubeat,
625 4357 798 4425 clementer
819 4357 913 4426 nobis
936 4382 1033 4447 quam
1055 4360 1194 4449 primum
1223 4362 1398 4448 significari
1419 4411 1421 4416 -

79 4469 107 4523 ct
128 4483 315 4550 expressam
339 4485 431 4527 suam
452 4461 651 4529 voluntatem
672 4462 829 4551 perscribi
847 4461 955 4528 facere
972 4463 1130 4550 dignetur,
1154 4489 1230 4532 nam
1245 4465 1401 4532 hactenus
1463 4527 1465 4532 .

78 4584 201 4653 quoque
227 4565 340 4632 timide
370 4575 402 4632 et
422 4589 481 4654 per
504 4565 662 4654 quasdam
685 4566 888 4632 coniecturas
921 4588 960 4634 ac
982 4567 1138 4635 indirecte
1161 4568 1400 4658 quodammodo

78 4670 315 4748 procuravimus
338 4668 448 4735 calicis
470 4691 574 4751 usum,
597 4678 634 4733 ut
655 4677 792 4756 apparet
807 4691 850 4735 ex
864 4680 974 4737 nostro
990 4673 1109 4758 scripto
1124 4693 1228 4760 nuper
1243 4672 1295 4738 M*
1308 4673 1349 4739 V.
1366 4671 1399 4740 S.

78 4773 271 4859 transmisso,
295 4772 381 4861 quod
402 4772 545 4839 nondum
567 4781 691 4839 eertum
713 4771 907 4866 haberemus
930 4773 1098 4863 quid-Ma.
1120 4775 1160 4842 V.
1184 4774 1217 4872 S.
1238 4775 1302 4842 hac
1317 4778 1350 4842 in
1364 4800 1401 4844 re

79 4877 234 4943 sanasset
252 4927 260 4940 .
277 4927 284 4944 .
301 4927 308 4942 .

205 4980 265 5048 Vgl.
278 4979 432 5047 Raynaldus
446 4983 512 5034 teet
524 4981 569 5034 Νι.
583 4981 693 5033 ee-ee.
708 4979 754 5044 ⁷³5
773 4979 849 5048 Sarpi
861 4984 926 5048 ⁶153
943 4983 1045 5036 Pallav.
1058 4987 1083 5049 Ξ,
1092 4985 1158 5051 3833
1177 4984 1320 5038 Monetam
1334 4985 1398 5050 1475

138 5065 177 5116 ιι
194 5067 255 5118 ans
271 5069 296 5132 ι,
314 5069 374 5119 ιιι.
758 5067 763 5076 ’
