3460 5826
1346 509 1405 572 ΙΙΙ

5 719 6 776 3
86 695 165 760 simis
193 715 234 758 ao
262 692 497 778 urgentissimis
525 692 630 760 mnus
656 689 891 782 dispensentur.
926 703 1040 782 quarto
1071 695 1163 762 offert
1192 719 1226 764 se
1255 697 1407 764 articulus

85 820 154 883 pree
177 797 316 862 caeteris
339 794 480 862 difficilis
502 803 535 862 et
556 797 688 862 maximi
710 795 874 884 ponderis,
897 797 1051 866 videlicet
1073 800 1160 886 quod
1182 809 1313 887 propter
1330 801 1408 866 mul·

5 895 7 924 '
84 899 249 966 titudinem
271 901 496 987 episcoporum
523 898 725 984 Inlieorum,
755 903 810 989 qui
837 901 993 968 hactenus
1021 901 1166 970 volentes
1193 904 1338 970 nolentes
1366 905 1409 972 ad

5 1059 6 1064 ,
84 1003 253 1070 concilium
275 1005 429 1091 pertracti
451 1013 535 1082 sunt,
558 1025 754 1091 magnopere
775 1004 956 1072 timendum
978 1015 1027 1070 est
1060 1029 1100 1072 ne
1123 1005 1185 1072 boc
1208 1017 1340 1092 agatur,
1372 1019 1408 1074 nt

81 1106 273 1174 inferendis
295 1107 456 1194 suffragiis
477 1108 588 1173 vincat
608 1129 771 1174 numerus.
805 1131 865 1174 nos
889 1109 1020 1196 quidem
1049 1108 1153 1175 edocti
1176 1132 1285 1176 sumus
1309 1109 1406 1176 aliam

80 1212 108 1274 in
130 1211 274 1297 antiquis
309 1209 454 1278 conmliis
482 1212 641 1278 rationem
662 1210 787 1278 ferendi
815 1211 969 1298 suffragia
997 1213 1032 1276 in
1054 1235 1115 1278 usu
1137 1213 1283 1280 extitisse
1306 1213 1404 1280 adeo·

5 1371 6 1404 3
79 1335 137 1400 que
160 1315 302 1400 negocia
324 1313 433 1380 omnia
454 1335 514 1400 per
534 1315 681 1380 nationes
709 1335 768 1380 seu
796 1337 907 1380 earum
937 1314 1108 1401 deputatos
1136 1323 1275 1381 tractata
1297 1316 1405 1384 fuisse.

5 1445 6 1484 1
78 1439 187 1482 verum
212 1419 366 1503 quoniam
386 1439 484 1499 nunc,
507 1415 594 1504 quod
616 1419 686 1484 sine
697 1418 821 1504 ingenti
836 1417 947 1484 dolore
962 1417 1127 1484 recordari
1146 1441 1210 1484 non
1226 1441 1406 1506 possumus,

5 1519 6 1530 ’
77 1519 215 1608 Anglica
237 1522 325 1587 natio
349 1521 441 1607 quasi
463 1529 532 1586 tota
553 1518 597 1587 ab
619 1519 756 1586 ecclesia
779 1522 921 1600 recessit,
956 1519 1152 1588 Germanica
1172 1546 1251 1589 vero
1274 1532 1306 1588 et
1329 1521 1405 1588 Gal-

75 1619 136 1688 lica
157 1621 249 1690 mille
271 1623 376 1691 moffis
398 1623 515 1699 misere
531 1625 699 1692 conscisse
714 1633 798 1706 sunt,
821 1625 867 1689 ita
881 1633 918 1690 ut
939 1625 1174 1712 propemodum
1190 1624 1276 1692 solae
1292 1626 1406 1692 Italica

75 1735 104 1790 et
125 1726 310 1814 Hispanico
332 1737 496 1816 utcunque
518 1725 626 1794 adbuc
649 1729 793 1814 integrae
816 1738 1041 1815 permaneant,
1072 1729 1199 1798 videtur
1221 1728 1404 1794 huiusmodi

4 1917 5 1922 ἵ
73 1831 240 1896 undenum
264 1830 509 1916 suffragantium
532 1830 620 1896 viam
642 1853 708 1896 non
729 1853 826 1918 posse
849 1831 891 1898 ad
914 1831 1130 1898 desideratum
1160 1832 1309 1898 effectum
1333 1855 1404 1918 per-

4 1933 5 1954 *
75 1931 157 1999 duci.
183 1942 261 1998 sunt
282 1934 414 2020 quidem
440 1932 502 1999 boc
529 1931 602 1998 loco
630 1933 775 2000 nonnulli
805 1936 861 2020 qui
891 1933 1087 2000 arbitrantur
1114 1934 1190 2000 huic
1221 1933 1405 2000 difficultati

4 2051 6 2128 t
73 2037 134 2102 cito
158 2038 306 2104 succurri
328 2059 433 2125 posse,
457 2046 493 2102 ut
514 2037 669 2123 suffragia
689 2061 755 2104 uon
778 2047 986 2104 numerentur
1007 2038 1065 2104 sed
1088 2038 1323 2126 ponderentur;
1346 2038 1404 2104 sed

4 2157 6 2228 ᾗ
72 2137 160 2206 bisce
183 2139 394 2208 vehementer
421 2141 548 2208 obsistit
576 2131 663 2229 quod
685 2140 754 2216 tali¹
770 2163 849 2208 casu
878 2141 1074 2228 ponderator
1101 2164 1173 2207 esse
1201 2141 1288 2207 volet
1317 2141 1404 2205 solus

4 2249 5 2340 ἐ
72 2263 219 2310 summus
241 2244 390 2332 pontifex
413 2267 471 2310 seu
493 2245 639 2314 eiusdem
660 2244 769 2332 legati,
793 2243 1032 2332 quodquidam
1056 2267 1096 2310 an
1120 2268 1185 2310 non
1203 2247 1297 2310 nimis
1313 2267 1402 2330 prae·

72 2345 226 2412 iudiciale
247 2350 429 2414 auctoritati
451 2371 491 2416 ac
512 2349 730 2436 superioritati
758 2345 885 2414 concilii
912 2347 1054 2413 brumum
1084 2349 1142 2425 sit,
1172 2347 1205 2412 id
1235 2346 1405 2432 diligenter

4 2445 6 2534 ζ
73 2459 121 2514 est
144 2450 436 2535 considerandum,
465 2462 501 2518 ut
528 2454 655 2518 interim
684 2461 831 2518 taceatur
859 2451 955 2518 facile
982 2453 1014 2515 in
1042 2453 1127 2517 omni
1156 2473 1235 2516 casu
1262 2450 1405 2536 aliquam

4 2539 5 2546 ἵ
74 2563 202 2636 partem
225 2555 450 2642 suffragiorum
473 2557 570 2624 etiam
591 2557 626 2622 in
647 2555 745 2622 rebus
760 2554 998 2622 absurdissimis
1020 2555 1157 2620 obtineri
1180 2577 1285 2640 posse,
1309 2563 1345 2619 ut
1370 2555 1404 2619 id

71 2659 126 2724 fiat
141 2659 234 2748 quod
249 2658 407 2726 voluntati
423 2661 524 2746 magis
537 2681 635 2746 quam
646 2661 762 2726 rationi
774 2681 951 2745 congruum
968 2659 1017 2741 sit,
1041 2681 1080 2724 ao
1104 2657 1256 2743 deinceps
1272 2663 1404 2726 summis

3 2777 5 2808 ¹²
73 2764 198 2830 viribus
223 2763 436 2830 contendatur
457 2763 545 2828 illam
573 2783 644 2828 esse
674 2764 832 2850 potiorem
861 2783 920 2828 seu
951 2762 1111 2828 saniorem
1138 2770 1263 2848 partem
1294 2763 1404 2829 suffra-

72 2870 230 2952 gantium,
254 2877 417 2934 ettamen
438 2864 536 2934 rebus
557 2868 590 2932 in
614 2889 652 2932 eo
674 2876 760 2932 statu
783 2887 847 2953 quo
869 2888 957 2932 nunc
985 2875 1060 2932 sunt
1087 2866 1300 2930 existentibus
1321 2869 1403 2954 peri·

72 2969 180 3038 culum
205 2979 256 3038 est
276 2991 316 3038 ne
338 2979 446 3036 tantus
469 2971 696 3057 episcoporum
720 2969 905 3038 Italicorum
927 2991 1079 3036 uumerus
1100 2991 1215 3056 parum
1230 2968 1403 3036 admodum

72 3074 111 3140 sd
135 3073 310 3142 commoda
331 3083 364 3140 et
385 3075 595 3140 necessitates
617 3072 672 3140 vel
695 3071 911 3142 Germanicae
933 3072 989 3139 vel
1010 3072 1146 3138 aliarum
1170 3075 1335 3138 undenum
1357 3076 1403 3162 ip·

72 3181 114 3243 sis
137 3179 239 3244 etiam
260 3179 388 3264 ignotas
411 3177 454 3242 sit
474 3185 690 3262 respecturus.
715 3199 787 3242 cum
810 3178 909 3263 igitur
930 3176 984 3242 hic
1006 3175 1161 3241 articulus
1190 3199 1292 3263 usque
1321 3176 1402 3243 adeo

71 3281 111 3346 sit
132 3282 305 3348 intricatus
328 3289 361 3348 et
382 3278 567 3367 perplexus,
590 3287 627 3345 ut
647 3278 727 3344 nibil
750 3280 831 3346 certi
854 3301 1008 3367 queamus
1032 3279 1073 3344 de
1097 3302 1135 3344 eo
1166 3290 1306 3345 statuere
1329 3281 1401 3346 abs-

72 3407 133 3472 que
156 3384 310 3450 ulteriore
333 3391 365 3448 et
392 3381 449 3448 illa
477 3383 607 3471 quidem
636 3385 843 3448 exactissima
874 3381 1122 3464 deliberatione,
1152 3393 1239 3448 recte
1267 3384 1402 3470 proinde

71 3499 102 3554 et
113 3487 293 3554 secundum
310 3488 490 3574 graciosum
502 3486 701 3552 voluntatem
722 3495 866 3554 nostram
888 3487 1004 3550 facturi
1021 3497 1096 3551 sunt
1110 3497 1254 3552 oratores
1270 3498 1302 3553 et
1317 3510 1401 3552 com-

71 3592 211 3657 missarii
233 3591 348 3673 nostri,
378 3590 406 3654 si
428 3600 558 3676 captata
585 3592 757 3658 occasione
785 3599 818 3656 et
845 3589 1045 3670 confidenter
1076 3592 1250 3654 sententias
1278 3590 1401 3676 praela-

71 3703 178 3762 torum
204 3703 236 3760 et
257 3693 392 3760 eliorum
422 3695 596 3780 peritorum
625 3693 789 3760 hominum
817 3695 871 3780 qui
901 3717 943 3758 ex
973 3690 1044 3757 aliis
1073 3693 1257 3760 nationibus
1283 3694 1402 3759 adsunt

71 3795 265 3865 inconcilio
293 3797 535 3883 exquisiverint
569 3797 679 3884 quinto
708 3795 772 3862 alia
795 3795 901 3860 adbuc
924 3797 1070 3883 quaestio
1095 3797 1220 3879 incidit,
1252 3799 1401 3862 nimirum

72 3902 98 3964 si
118 3900 278 3988 pontifex,
307 3899 500 3987 posthabitis
528 3899 774 3987 quibuscunque
802 3899 919 3965 nostis
947 3897 1100 3966 officiosis
1129 3899 1400 3992 admonitionibus

72 4015 102 4070 et
123 4005 308 4093 postulatis,
331 4025 374 4070 ex
394 4013 519 4070 asserta
541 4003 683 4091 quadam
705 4004 873 4091 potestatis
896 4003 1099 4090 plenitudiue
1115 4002 1214 4070 vellet
1229 4004 1399 4070 concilium

73 4107 270 4195 suspendere
292 4115 349 4172 aut
371 4108 469 4172 etiam
490 4106 591 4191 fiune,
622 4129 686 4195 quo
708 4106 780 4174 loco
803 4108 966 4174 concurrit
988 4115 1020 4172 et
1042 4105 1098 4172 illa
1120 4106 1294 4193 disputatio
1318 4129 1399 4192 quae

72 4215 195 4298 agitata
228 4211 288 4276 luit
313 4211 444 4276 vivente
476 4209 583 4275 adhuc
613 4209 689 4276 divo
717 4209 879 4298 quondam
905 4210 1102 4296 imperatore
1134 4209 1249 4276 Oarolo
1283 4210 1347 4276 V..
1365 4260 1398 4275 ..

72 4337 134 4380 non
170 4314 239 4379 sine
262 4315 403 4378 maxima
425 4314 637 4396 contentione,
661 4312 812 4380 videlicet
839 4322 947 4379 utrum
969 4312 1032 4378 hoo
1061 4311 1103 4376 ad
1125 4311 1190 4376 ΞΜ
1213 4312 1298 4378 illius
1328 4337 1399 4400 per·

72 4419 173 4484 tinent
194 4439 236 4482 au
257 4439 333 4499 uon,
356 4424 452 4503 prout
472 4415 632 4482 habentur
653 4437 692 4482 ea
713 4417 784 4505 ipsa
806 4417 846 4482 de
867 4439 903 4482 re
935 4416 1055 4482 multae
1085 4439 1214 4504 qnoque
1244 4417 1398 4502 discepta-

73 4521 174 4586 tiones
185 4521 399 4607 antiquorum,
414 4520 554 4588 maxime
566 4521 599 4584 in
610 4521 746 4586 materia
757 4519 886 4586 concilii
898 4519 1094 4586 Basiliensis.
1113 4523 1398 4587 verumenimvero

73 4633 236 4710 utcunque
258 4646 294 4688 se
316 4645 368 4688 res
394 4621 527 4706 babeat,
554 4645 614 4690 nos
637 4625 867 4707 existimamus,
898 4623 980 4688 siin
1007 4621 1065 4688 tali
1089 4647 1166 4690 cusu
1193 4627 1296 4691 maior
1322 4647 1398 4710 pars

74 4736 199 4810 patrum
227 4723 449 4792 huiuscemodi
478 4726 682 4813 suspensioni
710 4735 766 4792 aut
800 4725 1004 4792 dissolutioni
1032 4725 1159 4793 concilii
1193 4739 1398 4814 repugnaret,

55 4829 159 4914 .quod
182 4830 279 4894 etiam
302 4830 364 4915 ipsi
387 4830 597 4896 commissarii
631 4839 663 4895 et
697 4837 842 4896 oratores
865 4830 967 4896 nostri
997 4851 1067 4894 sese
1092 4831 1125 4894 iu
1148 4829 1210 4896 bac
1232 4841 1323 4918 parte
1345 4855 1398 4896 ne-

75 4953 233 5020 quaquam
255 4931 383 4999 abillis
406 4931 561 5000 deberent
583 4955 771 5018 segregare;
794 4934 844 4997 sin
868 4935 982 5016 minus,
1005 4931 1103 4998 iidem
1132 4937 1232 4998 nosci
1254 4935 1398 4999 commis-

76 5036 148 5102 urii
171 5047 204 5102 et
225 5045 380 5118 oratores,
403 5057 477 5100 cum
500 5035 589 5103 baud
611 5035 707 5102 dubie
719 5033 859 5102 habituri
876 5046 950 5102 sunt
965 5039 1111 5122 spacium
1126 5061 1184 5105 nos
1201 5036 1397 5121 consulendi,
