3498 5830
174 697 336 769 Proximo
359 695 478 764 deinde
499 695 562 779 die,
585 715 671 782 quoe
692 694 753 764 fnit
767 694 836 762 dies
850 693 958 779 lnnee,
980 692 1103 762 indicte
1116 694 1176 761 fnit
1189 696 1407 782 congregotio,
1444 781 1447 788 .

89 827 111 869 n
130 825 199 890 qne
221 801 367 886 Cic-ds,
399 801 521 870 Potens
543 811 576 868 et
597 799 781 868 Saracenos
802 796 1000 883 cardineles,
1033 799 1174 865 omnium
1197 798 1252 886 qui
1274 797 1410 865 ederent

87 909 252 994 rte-iusque
271 907 350 972 iuris
373 906 651 989 consumetissimi,
685 911 842 993 quantum
863 904 1008 991 persensi
1030 912 1065 970 et
1086 901 1285 970 subodorere
1306 904 1408 989 potui,

85 1010 207 1076 berum
229 1011 301 1076 eius
323 1009 518 1092 sententiae,
551 1030 594 1074 nc
615 1029 736 1074 novnm
759 1006 930 1074 concilium
952 1005 1200 1090 concederetur,
1234 1004 1293 1071 sed
1314 1013 1409 1078 vetus

84 1115 197 1178 etism
217 1113 336 1180 initum
358 1111 578 1199 perficeretur.
600 1133 746 1177 summus
767 1119 875 1177 nutem
891 1109 1038 1197 pontifex
1058 1117 1145 1176 totus
1168 1129 1289 1196 anceps
1303 1129 1410 1195 neque

83 1219 204 1282 neem
225 1237 335 1304 neque
356 1217 391 1280 in
413 1213 576 1280 diversem
598 1215 782 1302 opinionem
803 1215 978 1303 quiequam
1009 1214 1136 1297 statuit,
1166 1212 1225 1279 sed
1252 1221 1409 1299 qnantum

81 1319 234 1404 intellexi,
255 1341 322 1386 non
342 1325 413 1385 eret
429 1319 527 1385 etiem
540 1316 637 1385 valde
653 1317 778 1384 alienus
790 1315 834 1384 ab
848 1315 899 1382 bis
915 1338 999 1405 quse
1014 1315 1082 1382 Mc·
1096 1315 1139 1382 V.
1155 1317 1296 1382 sentiret
1311 1315 1410 1382 oredo

82 1435 185 1490 sutem
206 1424 299 1510 ipsos
319 1430 493 1490 veoetnros
513 1443 573 1508 per
586 1421 646 1488 hos
661 1421 730 1488 diee
753 1421 829 1488 boio
845 1423 892 1488 rei
914 1430 947 1488 et
966 1419 1066 1488 nichil
1088 1422 1168 1487 certi
1188 1441 1410 1507 reeponsuros‚

82 1541 254 1616 mtequrn
276 1525 413 1599 eliorum
428 1526 612 1613 principum
625 1523 792 1592 voluntate
813 1532 986 1612 perspecte
1008 1523 1260 1591 deliberaverint
1280 1523 1410 1590 omnino

82 1632 155 1720 qnid
176 1631 365 1698 faciendum
386 1633 429 1698 sit
443 1681 452 1695 .
467 1679 500 1696 ..

178 1735 303 1803 Senem
317 1735 498 1802 liscmmm
511 1732 576 1800 ppo
594 1733 636 1800 V.
650 1753 736 1820 quoe
758 1734 792 1797 in
813 1730 877 1798 hcc
896 1740 991 1819 perte
1012 1730 1177 1799 exhibitae
1197 1731 1290 1799 fuere
1304 1729 1346 1796 S‘¹
1364 1729 1409 1816 8.,

82 1851 147 1906 eret
168 1838 259 1928 quod
281 1838 323 1906 de
337 1838 484 1906 Tridenti
505 1837 578 1904 loco
599 1860 665 1904 non
686 1836 784 1902 valde
805 1843 898 1902 curet
917 1835 987 1902 ΜΝ
1008 1835 1060 1920 V.‚
1094 1837 1122 1902 si
1151 1835 1244 1902 nliter
1264 1835 1334 1902 fieri
1355 1857 1409 1901 no·

83 1953 186 2029 queat,
209 1941 386 2010 dnmmodo
408 1941 471 2008 hoc
484 1949 635 2028 pretextu
655 1963 721 2007 non
743 1948 860 2028 egetur
880 1938 969 2027 quod
982 1941 1072 2026 prius
1094 1938 1265 2006 concilium
1287 1937 1409 2006 ibidem

83 2048 300 2130 continuetur,
335 2045 394 2112 sed
415 2043 590 2132 Oeniponti
618 2043 774 2132 oppidum
802 2064 875 2109 esee
895 2040 973 2109 huic
993 2043 1124 2129 negotio
1147 2041 1244 2130 longe
1265 2050 1410 2131 presten-

82 2153 246 2218 &simum

388 2233 635 2304 Seoratissimoe
656 2242 691 2302 et
710 2232 940 2300 invictissimae
963 2229 999 2298 O.
1022 2229 1087 2298 bii*
1107 2229 1149 2298 V.

674 2369 870 2458 humillimus
892 2379 926 2436 et
945 2367 1150 2437 fidelissimus
1173 2371 1309 2438 servitor

785 2474 926 2562 Prosper
947 2494 1056 2541 eomes
1076 2471 1186 2542 Archi.

222 2657 337 2720 De'tch
354 2664 398 2718 die
414 2663 570 2733 mgdnhrte
586 2664 696 2734 Beiiege
712 2665 786 2718 nicht
808 2664 892 2732 finde,
917 2666 1044 2718 verveise
1065 2664 1109 2718 ich
1132 2664 1181 2718 eni
1199 2663 1252 2718 den
1268 2663 1345 2718 Brief
1357 2680 1411 2718 von

155 2753 260 2806 Delfino
287 2768 323 2806 cn
348 2753 400 2806 den
422 2753 617 2806 cmsomohen
634 2751 730 2806 Orator
754 2751 782 2804 in
798 2751 874 2818 Rom,
901 2752 953 2805 den
973 2751 1085 2806 Bisoboi
1098 2768 1153 2804 von
1168 2751 1332 2822 Angonlbrne
1349 2769 1410 2806 vom

152 2843 185 2891 19
202 2840 320 2892 October
337 2841 365 2890 in
382 2840 422 2892 Le
438 2839 593 2893 Leboureur
612 2842 635 2906 1,
653 2841 712 2904 489,
734 2840 789 2892 nnd
806 2839 887 2892 tbeile
904 2841 952 2892 mit
968 2855 1023 2892 was
1041 2839 1146 2892 Onstno
1165 2855 1208 2891 em
1227 2842 1241 2890 1
1259 2839 1410 2892 November

151 2927 218 2978 fiber
235 2925 278 2979 die
295 2927 370 2978 nicht
386 2925 667 2978 bbereinstimmenden
684 2925 886 2994 Aeussernngen
903 2926 950 2978 der
966 2926 1064 2979 beiden
1081 2927 1196 2982 Nuntien
1213 2927 1241 2977 in
1253 2927 1331 2978 Wten
1349 2925 1409 2978 dem

151 3013 185 3064 K.
201 3013 365 3065 Mnrimilien
387 3011 533 3065 mittheilte.
636 3009 662 3065 ΙΙ
673 3011 826 3064 Vermiense
844 3013 903 3064 dice
921 3013 971 3065 ohe
987 3011 1015 3064 ln
1030 3011 1081 3064 Mn
1095 3011 1124 3064 G.
1142 3017 1239 3066 mestre
1257 3011 1411 3065 ch’heveva

151 3115 212 3152 cero
229 3099 374 3152 ilconm'iio
390 3101 419 3151 in
435 3099 589 3166 Innqrrnoh,
613 3103 640 3152 et
656 3099 761 3167 quondo
774 3099 801 3150 S.
813 3097 893 3154 Ssslo
905 3100 994 3168 voglio
1010 3099 1156 3165 in'Prentc,
1175 3099 1224 3152 che
1242 3112 1310 3152 anco
1327 3113 1357 3152 se
1375 3115 1409 3152 ne

152 3192 318 3252 mutuum,
345 3202 395 3254 por
422 3186 472 3240 che
494 3188 518 3239 si
540 3186 670 3253 principie
691 3203 728 3240 nn
753 3201 823 3242 novo
842 3187 954 3242 concilio
971 3193 999 3240 et
1016 3186 1066 3240 che
1080 3189 1106 3240 si
1123 3188 1257 3240 contineri
1274 3201 1354 3240 senne
1370 3185 1411 3240 far

150 3273 246 3328 neum
262 3276 395 3328 mentione
414 3274 457 3328 del
474 3273 637 3330 mommo.
655 3280 682 3327 et
697 3274 718 3328 il
734 3273 868 3342 Delpbine
887 3275 947 3328 dico
964 3273 1015 3328 ebe
1032 3273 1060 3326 S.
1077 3275 1130 3328 un
1142 3272 1174 3330 0.
1192 3275 1215 3326 si
1238 3279 1363 3328 contente
1380 3273 1408 3326 di

148 3365 216 3413 tutto
227 3361 317 3428 quello
327 3361 458 3429 ebepince
466 3375 484 3412 e
492 3359 519 3411 S.
528 3359 571 3411 5¹⁸
584 3361 639 3412 cosi
652 3360 695 3412 del
704 3361 764 3413 loco
775 3377 851 3415 como
861 3361 1130 3429 delprineipiernovo
1138 3359 1249 3414 concilio
1263 3378 1278 3412 ο
1292 3362 1409 3430 segniter

150 3446 169 3496 ii
189 3447 337 3515 principato
359 3447 403 3516 gie
425 3449 453 3498 in
470 3447 578 3513 Trento,
602 3447 780 3501 rimettendosi
799 3447 842 3499 del
859 3451 948 3516 tempo
967 3452 994 3500 et
1011 3447 1036 3500 d'
1046 3449 1108 3516 ogni
1126 3447 1194 3499 oltra
1212 3462 1275 3500 cose
1291 3445 1318 3499 nl
1335 3446 1410 3500 volet

149 3531 175 3584 di
191 3531 217 3585 S.
233 3533 294 3586 Bm.
311 3561 344 3571 -
361 3533 421 3601 Vgl.
440 3533 508 3587 doen
525 3547 580 3588 vas
597 3531 683 3587 Puteo
701 3549 735 3586 en
752 3527 852 3586 Hosius
869 3533 985 3587 schreibt
1001 3535 1029 3586 in
1047 3533 1195 3602 cyprinum
1215 3530 1272 3586 119.

643 3755 846 3770 Ἀ

665 4005 818 4094 LXVI.

390 4227 468 4302 Der
496 4227 628 4302 Keiser
653 4247 700 4302 en
728 4225 924 4324 Prospere
951 4229 1100 4305 d'Arco.

519 4379 624 4447 Wien,
646 4383 686 4432 31
705 4377 855 4434 October
874 4386 963 4436 1560.

589 4561 664 4618 Areo
684 4559 719 4618 A.
757 4559 895 4637 Ors'ffinol.

381 4739 608 4807 Perdinendus
630 4750 692 4809 etc.

176 4858 348 4946 Magnifice
369 4860 474 4928 fidelis
495 4862 589 4929 nobie
611 4862 737 4930 dllecte.
760 4865 945 4952 accepimus
967 4864 1078 4936 literas
1100 4873 1174 4932 tues
1197 4887 1279 4954 ques
1296 4867 1336 4932 12
1352 4867 1423 4952 die

90 4965 255 5048 proesentis
276 4965 395 5030 mensis
417 4964 569 5033 Octobris
591 4965 634 5033 nd
655 4989 715 5034 nos
739 4965 855 5033 dedisti
876 4976 943 5034 tom
967 4968 1008 5036 de
1028 4971 1165 5057 negocio
1188 4971 1313 5037 comitis
1329 4969 1404 5038 Piti-

91 5062 155 5133 timi
176 5089 274 5158 qnam
297 5066 339 5136 de
360 5067 432 5136 eliis
452 5069 551 5137 rebus
573 5079 606 5138 et
626 5071 816 5157 praesertim
839 5071 879 5140 de
894 5073 1030 5160 negocio
1046 5073 1182 5143 concilii.
1203 5095 1309 5164 neque
1324 5099 1403 5143 vero
