3460 5826
1369 553 1432 618 405

95 744 205 803 nmen
232 743 397 827 ssepioeri
420 743 591 829 quisquam
612 750 728 828 potest,
753 763 837 829 quae
859 741 952 806 istius
968 749 1077 805 motae
1093 739 1257 806 dilationis
1268 741 1367 807 reuss
1380 741 1432 807 sit

90 839 132 904 de
161 843 328 909 sessionis
358 846 585 932 prorogatione
611 843 736 910 nullum
764 843 871 910 adhue
897 846 930 908 in
954 845 1203 930 congregatione
1231 843 1353 910 fautum
1382 854 1432 910 est

89 945 252 1032 verbum,
276 949 332 1013 sed
354 950 537 1015 necessario
559 951 592 1013 in
614 947 703 1014 eliud
722 958 850 1035 tempus
874 949 934 1012 erit
954 946 1129 1013 reiieiende
1144 995 1152 1013 .
1169 994 1202 1011 ..

237 1137 273 1190 In
290 1139 376 1189 dieser
393 1139 447 1190 und
464 1141 492 1188 in
510 1140 582 1190 einer
599 1137 722 1188 irdheren
734 1138 875 1208 Depesehe
893 1152 954 1190 vom
973 1140 1004 1188 1⁷
1019 1138 1087 1188 uov.
1105 1139 1140 1188 ist
1156 1136 1360 1204 benptettebiioh
1377 1152 1431 1190 von

157 1221 213 1273 der
233 1224 355 1276 Ankunit
372 1226 426 1276 und
445 1227 505 1276 dem
521 1226 654 1292 Empsaug
672 1225 719 1274 der
736 1224 887 1274 Freuzosen
904 1226 931 1274 in
946 1224 1037 1274 Trient
1056 1225 1098 1274 die
1116 1223 1198 1289 Rede,
1216 1225 1337 1274 wordber
1355 1223 1427 1273 sehi-

158 1309 263 1360 reicbe
281 1311 405 1362 Berichte
424 1313 567 1377 vorliegen.
596 1311 733 1362 Nebenbei
750 1311 814 1361 wird
832 1309 964 1376 gemeldet
982 1309 1042 1361 dees
1061 1309 1108 1360 der
1124 1309 1237 1362 Biseboi
1251 1326 1305 1360 von
1323 1306 1430 1359 Cssndd

158 1396 189 1443 in
212 1393 265 1444 der
282 1396 371 1447 Nsoht
396 1413 457 1448 vom
477 1399 508 1448 13
527 1398 575 1447 suf
591 1397 642 1447 den
662 1400 693 1447 14
711 1396 790 1446 etsrb.
827 1397 890 1446 Sein
908 1395 1068 1462 Naehfolger
1086 1395 1203 1447 doselbet
1224 1395 1311 1446 wurde
1328 1394 1429 1447 Dudith

157 1481 261 1534 bisher
276 1483 308 1534 Β.
327 1499 380 1534 von
397 1480 473 1535 Tine.
492 1511 526 1521 -
544 1485 582 1534 Zu
601 1485 705 1550 obigem
723 1483 820 1534 Passne
842 1483 895 1548 vgl.
914 1483 1057 1533 Mendhsm
1080 1485 1142 1547 3563
1166 1481 1319 1533 Beeosdelli
1338 1483 1362 1541 8,
1379 1483 1429 1544 49;

155 1567 203 1618 Le
219 1569 319 1632 Plato,
331 1573 395 1632 ⁶643
413 1571 480 1622 Dee.
493 1569 563 1624 ints.
577 1573 601 1633 9,
614 1572 679 1636 318;
696 1569 894 1621 Boione-bisnei
906 1572 930 1633 3,
942 1571 1001 1621 435.
1019 1597 1052 1608 -
1070 1569 1146 1620 Anah
1164 1585 1206 1620 sm
1219 1572 1233 1619 l
1246 1569 1311 1620 Dee.
1330 1567 1428 1632 klsgeu

157 1653 210 1704 die
232 1655 363 1708 Oratores
385 1657 495 1708 wieder:
523 1660 563 1708 sie
587 1658 709 1708 inanibus
739 1656 951 1706 contentionibus
975 1661 1078 1722 tempus
1101 1655 1244 1706 extrahitur
1266 1669 1352 1719 neque
1374 1653 1430 1706 ulis

158 1739 198 1790 de
225 1743 308 1793 rebus
330 1746 486 1795 necessariis
509 1745 635 1796 hactonus
659 1742 814 1794 deliberatio
837 1745 994 1809 suscipitur3
1013 1759 1033 1792 e.
1046 1742 1116 1794 such
1132 1742 1231 1793 Areiriv
1249 1740 1266 1789 f.
1287 1745 1311 1791 ὅ.
1331 1739 1361 1790 G.
1384 1741 1426 1792 4⁷.

664 1901 865 1908 ---.--—--.

670 2125 862 2210 CCXXI.

351 2362 447 2436 Bruo
475 2362 549 2436 und
583 2359 813 2436 Dreskovies
835 2381 882 2434 en
917 2360 989 2435 den
1028 2361 1175 2451 Kettos-3

525 2506 655 2568 Trioni,
674 2507 689 2556 8
707 2483 1001 2556 Decemberlses.

391 2687 568 2744 Οοπσίὶαοίεη.
594 2685 732 2757 Originae
754 2687 783 2739 in
806 2692 889 2757 terpo:
914 2685 955 2739 16
977 2685 1130 2740 December.

196 2833 276 2898 Erst
295 2832 391 2898 heute
413 2833 520 2899 haben
542 2835 587 2898 sie
611 2833 668 2897 des
690 2831 824 2897 Keisers
847 2831 955 2896 Briefe
986 2853 1061 2896 vom
1082 2831 1124 2896 25
1146 2828 1330 2895 November
1351 2827 1418 2894 und

86 2932 141 2999 die
166 2935 349 3001 Naehrieht
370 2960 434 3002 von
458 2937 515 3002 der
536 2935 633 3000 Wehl
646 2936 864 3000 Maximiliaus
888 2935 1081 3022 empfengen
1103 2933 1170 2998 und
1190 2931 1296 2999 haben
1318 2932 1419 2997 soiort
1454 2949 1458 2964 ¹

86 3038 190 3105 einen
214 3040 524 3128 Denlsgettesdieust
545 3039 764 3106 versnetaltet.
788 3039 850 3104 Die
874 3061 948 3103 vom
966 3037 1104 3103 Bisehof
1120 3059 1186 3103 von
1207 3036 1289 3102 Tine
1311 3034 1419 3122 gebal-

86 3149 166 3208 tene
191 3141 348 3210 Festrede
371 3143 567 3209 werdensis
590 3144 648 3207 mit
670 3142 728 3207 der
748 3143 903 3207 niehsten
926 3142 1004 3206 Post
1026 3141 1156 3206 senden.
1189 3139 1242 3206 sie
1263 3137 1420 3228 gersthen

86 3245 134 3309 0st
158 3249 196 3311 in
219 3246 457 3334 Verlegenheit‚
487 3247 559 3312 weil
582 3248 628 3312 sie
650 3247 731 3312 tiber
752 3247 804 3310 die
827 3245 1029 3332 wiehtigsten
1049 3245 1224 3332 Vorgtinge
1252 3246 1297 3309 im
1318 3240 1419 3308 Reioh

1 3387 2 3408 κ
86 3349 312 3436 ungentigend
339 3349 548 3415 unterriehtet
570 3349 707 3415 werden.

196 3453 402 3542 Postseripts.
514 3475 593 3538 eras,
618 3461 653 3518 ut
683 3463 793 3521 nostra
820 3452 949 3541 quidem
970 3451 1033 3517 fert
1060 3451 1177 3538 opinio,
1208 3459 1317 3538 putres
1345 3469 1419 3514 sues

88 3559 270 3622 sententias
293 3557 333 3622 de
357 3581 395 3624 eo
419 3581 482 3644 quo
498 3557 566 3622 iure
582 3559 725 3645 episcopi
744 3557 855 3621 sintin
870 3554 1007 3622 eeclesia
1022 3578 1132 3622 omnes
1148 3553 1325 3620 absolvent
1348 3561 1421 3640 post

87 3659 131 3724 ed
157 3661 324 3728 decretum
343 3659 424 3725 illud
445 3659 486 3725 de
507 3661 680 3725 residentia
702 3658 950 3726 examinandum
972 3661 1128 3743 venietur,
1160 3658 1248 3746 quod
1269 3656 1331 3722 sibi
1352 3655 1419 3721 ΜΨ

86 3759 129 3827 V.
146 3763 183 3829 S.
202 3783 367 3850 nunquam
388 3766 494 3829 visum
511 3785 582 3829 esse
603 3765 637 3829 in
653 3766 719 3830 suis
740 3764 853 3829 litteris
875 3763 969 3828 nobis
992 3763 1166 3829 elementer
1187 3762 1360 3849 significari
1374 3759 1420 3825 fe·

89 3885 166 3933 cere
196 3866 328 3951 dignate
358 3876 415 3949 est,
447 3867 506 3932 etsi
539 3865 580 3931 D.
604 3866 798 3932 Mantuanus
825 3867 956 3954 publice
987 3876 1082 3932 entes
1103 3865 1196 3931 aliter
1225 3865 1352 3948 dixerit,
1381 3883 1420 3929 eo

88 3966 175 4035 forte
199 3969 333 4035 oonsilio
362 3967 508 4052 utillud,
540 3971 626 4058 quod
649 3971 790 4058 alioquin
813 3971 957 4057 piurimis
986 3993 1051 4036 non
1073 3969 1246 4058 probatum
1267 3969 1307 4033 iri
1329 3965 1421 4032 intel·

91 4068 223 4158 ligebut,
246 4071 308 4137 ΜΨ
322 4072 363 4137 V.
376 4071 407 4138 S.
433 4083 465 4139 et
485 4073 620 4139 aliorum
642 4094 755 4160 regum
779 4095 859 4161 quos
882 4073 1060 4140 nominavit
1083 4073 1252 4139 autoritate
1275 4081 1308 4140 et
1328 4093 1420 4159 pree·

91 4175 213 4241 iudicio
236 4175 371 4242 fulciret.

196 4277 238 4344 D.
255 4279 426 4345 cardinalis
442 4281 659 4366 Loteringius,
684 4304 757 4346 oum
779 4281 843 4346 iam
865 4282 961 4367 pauci
978 4280 1121 4368 episcopi
1136 4287 1343 4366 superessent
1363 4279 1419 4366 qni

94 4380 135 4448 de
159 4382 317 4470 superiori
340 4383 528 4472 quaestione
558 4381 838 4468 adhaesissent,
867 4388 938 4472 ipse
961 4405 1090 4474 quoque
1113 4381 1304 4449 sententiam
1328 4400 1419 4446 suam

93 4506 213 4573 magne
235 4508 307 4552 eum
330 4489 503 4575 prudentis
524 4491 684 4576 gravitate
707 4499 738 4554 et
753 4491 847 4575 eopia
868 4511 926 4575 pro
949 4487 1142 4553 affirmativa
1163 4486 1313 4574 parteitn
1328 4483 1419 4570 dixis,

93 4599 128 4654 ut
151 4599 183 4655 et
206 4587 318 4654 Gallos
342 4612 451 4658 omues
473 4593 527 4680 qui
544 4593 612 4657 eius
629 4591 817 4657 sententiam
833 4591 998 4657 subsecuti
1014 4600 1088 4656 eunt
1103 4601 1135 4657 et
1146 4590 1227 4656 elios
1243 4590 1298 4678 qui
1314 4588 1420 4656 adhue

93 4691 209 4758 dietmi
222 4704 320 4778 erent,
343 4714 403 4762 sua
420 4697 590 4762 autoritate
604 4697 799 4783 permoverit
813 4704 849 4760 ut
864 4695 925 4760 sibi
940 4693 1036 4782 piane
1052 4693 1313 4781 subscripserint.
1335 4713 1413 4782 quo·

92 4798 179 4862 niem
202 4819 278 4863 vero
301 4799 465 4886 praefatus
487 4799 530 4866 D.
553 4799 587 4865 Ο.
611 4797 818 4886 Loteringius
851 4799 955 4886 primo
978 4797 1049 4865 loeo
1071 4797 1209 4885 posthae
1230 4799 1264 4861 in
1287 4816 1419 4883 congre·

92 4901 276 4986 getiouibus
299 4901 442 4968 dicturus
466 4912 515 4967 ost
537 4911 569 4969 ot
589 4901 631 4969 D.
655 4901 753 4989 legati
775 4911 935 4986 verentur,
957 4924 999 4968 ne
1022 4900 1109 4990 quod
1132 4901 1196 4966 ism
1217 4899 1295 4966 feeit
1315 4901 1350 4965 in
1364 4911 1419 4987 'pe

93 5013 212 5069 sterum
241 5026 369 5096 quoque
397 5005 552 5092 plurimos
580 5007 613 5070 in
644 5027 735 5071 suem
765 5007 955 5071 sententiam
983 5001 1157 5092 pertrahet,
1187 5013 1224 5068 ut
1253 5005 1283 5069 ei
1310 5003 1358 5069 rei
1385 5003 1420 5070 in

92 5117 234 5196 tempore
258 5107 388 5175 obviam
410 5111 502 5192 irent,
525 5112 631 5198 ipsum
654 5109 694 5175 D.
719 5109 941 5197 Lotaringium
963 5111 1116 5197 privatim
1138 5111 1172 5174 in
1195 5108 1261 5172 suis
1284 5105 1419 5174 sedibus
