3512 5838
338 633 474 700 consilia
496 643 529 700 et
549 636 621 722 pias
644 634 880 701 admonitiones
903 656 968 702 non
990 636 1126 725 recipiet
1146 657 1252 726 neque
1280 635 1376 704 facile
1404 635 1446 704 ab
1469 637 1507 702 iis
1529 658 1646 724 qnorum

338 738 495 804 autoritas
517 737 607 802 nulla
630 739 690 802 erit
713 760 734 802 a
755 738 841 802 vitiis
865 748 898 804 et
919 737 1110 806 haeresibus
1132 739 1176 806 ad
1198 742 1350 808 virtutem
1370 749 1404 807 et
1418 740 1461 805 ad
1474 761 1578 806 veram
1591 743 1647 830 pie

339 849 439 908 tatem
461 843 609 908 revocari
630 841 758 928 poterit.

441 944 518 1012 Huc
540 944 666 1012 accedit
688 943 776 1034 quod
803 967 914 1010 omncs
936 943 1084 1034 plerique
1112 949 1256 1035 episcopi
1284 947 1346 1013 hoc
1374 956 1490 1035 petunt
1515 969 1534 1012 a
1559 947 1648 1014 nobis.

339 1048 429 1137 quod
450 1049 477 1114 si
499 1059 680 1136 negaretur,
704 1071 837 1137 prorsus
860 1058 973 1114 contra
996 1049 1124 1116 concilii
1145 1049 1327 1117 libertatem
1340 1051 1432 1117 lieret
1447 1100 1454 1116 .
1471 1099 1505 1117 ..
1526 1050 1650 1140 denique
1738 1093 1739 1118 ι

340 1152 505 1218 decretum
542 1151 604 1219 hcc
639 1175 706 1218 non
744 1173 926 1240 proponere
970 1151 1050 1220 nihil
1084 1153 1174 1220 aliud
1206 1163 1292 1219 esset
1327 1155 1389 1221 nisi
1425 1153 1586 1220 decretum
1619 1155 1651 1221 de

338 1255 514 1324 residentia
536 1264 569 1322 et
590 1265 698 1322 cetera
721 1278 805 1344 quae
832 1258 897 1321 iam
919 1257 1044 1322 sancita
1071 1268 1147 1324 sunt
1175 1259 1209 1324 in
1238 1256 1371 1324 dubium
1396 1269 1653 1346 revocarentque

341 1383 412 1426 eam
449 1381 534 1448 quae
569 1359 696 1446 reliqua
734 1369 784 1425 est
820 1359 1059 1426 reformationis
1088 1371 1215 1448 partem
1249 1362 1382 1426 missam
1416 1359 1533 1428 facere.
1569 1361 1652 1428 oredo
1739 1436 1740 1440 Ἰ

341 1485 422 1550 ego,
453 1484 527 1528 cum
565 1484 605 1528 ea
634 1462 674 1529 de
712 1485 747 1528 re
780 1462 847 1528 Mn.
871 1462 912 1529 V.
960 1463 1142 1530 oratoribus
1182 1467 1249 1530 suis
1281 1463 1370 1529 dedit
1402 1463 1567 1549 mandata,
1600 1487 1654 1530 non
1739 1447 1740 1498 l

320 1565 440 1654 plane
462 1564 662 1632 intellexisse
683 1568 730 1632 uti
752 1588 803 1631 res
827 1589 898 1633 sese
921 1566 1065 1651 haberat,
1101 1567 1160 1634 sed
1175 1568 1313 1656 primam
1329 1576 1454 1632 tantum
1470 1567 1589 1633 decreti
1602 1567 1653 1632 for·

340 1691 427 1734 mam
449 1667 579 1736 vidisse.
602 1691 689 1734 nunc
716 1677 823 1734 autem
845 1692 881 1736 re
903 1670 1017 1736 melius
1040 1655 1211 1759 perspecta
1233 1682 1266 1738 et
1280 1671 1410 1758 cognita
1425 1673 1569 1759 visisque
1585 1673 1654 1736 eius·

341 1772 414 1839 dem
437 1770 559 1839 decreti
580 1770 870 1848 reformationibus,
893 1795 988 1860 spero
1012 1773 1086 1838 M...
1105 1773 1145 1839 V.
1168 1796 1234 1840 non
1260 1774 1357 1840 modo
1373 1774 1581 1862 probaturam
1595 1799 1656 1840 esse

343 1885 379 1942 ut
400 1875 463 1942 hoc
485 1875 651 1942 decretum
673 1885 882 1962 proponatur,
906 1875 1082 1944 sedetiam
1106 1880 1194 1944 omni
1221 1876 1390 1965 diligentia
1421 1889 1603 1944 curaturam
1630 1889 1658 1942 nt

340 1981 406 2046 suis
428 1981 463 2043 in
485 1980 593 2064 regnis
616 1987 649 2044 et
671 1977 846 2044 ditionibus
868 1981 998 2066 penitus
1022 1989 1176 2063 servetur,
1200 2002 1397 2070 operamque
1413 1983 1509 2046 enixe
1524 1981 1656 2046 daturam
1740 1969 1741 1992 ¹

340 2093 376 2149 ut
397 2084 499 2171 ipsius
523 2080 672 2168 exemplo
696 2081 781 2147 idem
804 2081 926 2147 faciant
948 2081 1064 2170 reliqui
1085 2084 1258 2170 principes.
1282 2086 1372 2172 atqui
1401 2107 1452 2152 res
1481 2083 1564 2150 haec
1585 2087 1656 2149 eius·

340 2186 429 2252 modi
452 2195 501 2252 est
522 2196 577 2266 ut,
612 2187 759 2272 quamvis
789 2183 912 2250 nullum
935 2186 1149 2254 intercederet
1178 2185 1305 2255 concilii
1333 2187 1510 2272 decretum,
1541 2185 1658 2254 deberet

341 2299 449 2356 tamen
471 2289 537 2356 Mn.
553 2289 593 2356 V.
616 2297 649 2354 et
670 2290 780 2374 magni
802 2311 896 2375 reges
920 2291 985 2356 suis
1007 2291 1143 2380 privatis
1168 2291 1297 2379 legibus
1329 2315 1446 2358 cavere
1477 2315 1519 2358 ne
1543 2293 1656 2358 omnino

341 2395 512 2481 quisquam
535 2414 666 2458 suorum
689 2391 890 2458 subditorum
913 2394 1047 2461 auderet
1069 2418 1108 2462 ea
1130 2397 1238 2462 facere
1254 2417 1338 2481 quae
1360 2395 1423 2461 boc
1444 2394 1576 2461 decreto
1597 2416 1656 2482 pro·

341 2495 493 2564 hibentur
508 2548 515 2563 .
533 2546 565 2562 ..
587 2496 662 2562 nolo
686 2497 772 2561 enim
795 2498 970 2585 quicquam
993 2501 1125 2584 gravim
1148 2499 1266 2564 dicare:
1291 2500 1367 2564 novi
1390 2521 1451 2584 ego
1477 2497 1538 2562 Ml·
1549 2497 1588 2563 V.
1603 2519 1656 2562 mc·

340 2624 402 2686 res,
438 2602 514 2666 novi
536 2602 690 2688 pietatem
715 2600 921 2688 singularem,
956 2622 1039 2688 quae
1062 2623 1190 2668 mecum
1212 2602 1317 2688 egerit
1338 2601 1501 2684 recordor,
1526 2624 1586 2666 nec
1600 2623 1659 2687 pos-

343 2727 414 2770 sum
437 2703 585 2770 dubitare
608 2705 686 2791 quin
707 2702 791 2770 haec
813 2726 896 2792 quae
920 2727 940 2770 a
962 2726 1013 2770 me
1036 2707 1160 2770 sincere
1190 2705 1312 2792 scripta
1340 2715 1415 2770 sunt
1441 2704 1601 2770 benevolo
1625 2701 1659 2768 ab

341 2810 414 2896 ipsa
436 2809 543 2874 animo
567 2807 777 2892 accipiantur.
810 2806 993 2874 consideret
1022 2829 1143 2894 quaeso
1166 2808 1231 2873 ΜΝ
1252 2807 1292 2874 V.
1323 2818 1402 2896 quot
1424 2810 1615 2896 quantisque
1633 2809 1659 2872 in

343 2911 442 2977 rebus
462 2911 611 2976 Romana
634 2912 724 2976 ouria
747 2912 803 2976 auf
826 2911 896 2998 ipse
911 2912 1019 3000 potius
1034 2911 1181 2998 pontifex
1196 2911 1387 2977 reformatus
1403 2911 1453 2994 sit,
1477 2933 1553 2976 cum
1567 2921 1660 2975 tamen

343 3013 397 3080 ille
418 3015 538 3080 nostris
560 3011 687 3100 legibus
710 3012 826 3079 subiici
847 3036 914 3078 non
935 3017 1053 3101 possit;
1077 3014 1260 3080 consideret
1280 3013 1347 3078 ΜΝ
1358 3013 1398 3080 V.
1421 3013 1512 3079 nullo
1529 3035 1658 3102 unquam
1742 2999 1743 3018 ³

342 3128 488 3206 tempore
509 3116 723 3206 potestatibus
736 3117 934 3184 secularibus
957 3116 1058 3182 ullum
1080 3117 1114 3182 in
1137 3117 1374 3183 ecclesiasticos
1396 3119 1446 3182 ius
1470 3118 1659 3206 competisse.

344 3224 372 3288 si
392 3245 481 3288 nunc
502 3221 667 3287 decretum
689 3219 770 3286 illud
792 3243 812 3286 a
834 3219 889 3286 Μ’·
912 3220 953 3287 V.
969 3221 1003 3286 in
1024 3219 1142 3286 malam
1157 3231 1283 3308 partem
1299 3221 1404 3306 accipi
1419 3217 1661 3307 intelligetur...

343 3324 423 3415 quid
445 3347 566 3414 quaeso
589 3323 705 3412 reliqui
729 3325 838 3390 dicent
859 3325 1033 3413 principes,
1057 3324 1135 3413 quid
1160 3326 1229 3414 spei
1252 3327 1312 3390 erit
1333 3323 1580 3408 reformationis,
1608 3345 1662 3408 qua

343 3431 466 3496 ratione
489 3431 632 3517 episcopi
654 3438 687 3494 et
708 3429 812 3494 curati
834 3427 877 3492 ad
898 3427 1105 3494 residentiam
1128 3427 1278 3518 compelli
1298 3427 1475 3515 poterunt?
1493 3477 1501 3492 .
1518 3477 1550 3494 ..

481 3613 508 3666 S.
527 3615 570 3666 die
588 3616 706 3668 Antwort
724 3615 770 3666 des
788 3615 895 3666 Kaisers
912 3631 974 3666 vom
999 3617 1032 3666 12
1050 3613 1122 3682 Sept.
1147 3613 1279 3681 (Concept
1300 3615 1328 3666 in
1346 3615 1398 3666 den
1422 3613 1451 3669 C.
1470 3615 1514 3676 Δ.)
1539 3616 1566 3665 in
1589 3613 1663 3678 says

412 3701 457 3752 Νι.
480 3703 527 3753 ldb
541 3723 574 3747 =
585 3703 625 3753 Lo
644 3701 705 3753 Plat
722 3705 746 3766 a,
764 3703 830 3764 2043
849 3701 918 3752 dean
936 3701 1053 3753 Beccad.
1071 3704 1096 3762 2,
1117 3703 1174 3752 tac.
1194 3727 1226 3739 -
1245 3702 1295 3752 Διιι
1313 3703 1345 3753 23
1364 3701 1431 3767 Aug.
1449 3701 1543 3752 hatten
1561 3700 1602 3750 die
1614 3701 1662 3748 rior

413 3787 534 3854 Logaten
551 3789 629 3840 einen
645 3789 840 3855 gemeinsamsn
858 3788 934 3840 Rriaf
948 3803 983 3840 an
1000 3787 1051 3840 den
1069 3787 1163 3838 Kaisar
1181 3787 1310 3853 gerichtet
1331 3787 1386 3839 und
1409 3786 1501 3838 hatten
1522 3777 1662 3838 ddnselbcn

413 3875 473 3926 eine
496 3873 577 3926 ihnen
596 3890 659 3926 vom
681 3873 793 3926 Bischof
811 3890 865 3926 von
887 3873 978 3942 Asaph
1000 3875 1036 3926 im
1053 3874 1155 3926 Nomen
1178 3873 1225 3924 dor
1247 3873 1409 3926 Katholilran
1433 3872 1571 3940 Englands
1587 3875 1662 3922 ιιιιιιι

413 3962 525 4014 breitete
546 3960 661 4013 Potitios
682 3961 819 4028 beigefflgt
848 3960 889 4026 (G.
908 3960 948 4024 Δ.,
966 3959 1097 4026 godruclst
1119 3961 1147 4009 in
1170 3958 1300 4010 Bucholts
1319 3961 1344 4022 9,
1364 3959 1433 4025 sot).
1463 3961 1507 4011 Da
1524 3955 1661 4010 Ferdinsntl

413 4046 538 4098 indassen
549 4045 597 4098 aul
607 4047 649 4096 ein
662 4051 743 4098 crates
762 4045 907 4098 Schreiben
925 4061 958 4096 au
976 4043 1095 4096 Gunsten
1114 4045 1161 4096 der
1180 4045 1300 4110 dortigcn
1317 4044 1481 4096 Katholilsen
1498 4045 1555 4110 (Νι.
1569 4041 1660 4096 cccxl

412 4132 594 4199 Anmerkung)
611 4147 664 4184 von
680 4131 817 4183 Elisabeth
836 4133 895 4183 aine
912 4129 1076 4182 henndlichc
1094 4131 1212 4184 Antwort
1230 4130 1349 4182 erhalten
1361 4131 1442 4196 hatte,
1461 4131 1565 4183 schricb
1579 4145 1606 4181 er
1616 4128 1661 4178 dar

414 4219 515 4284 selben
526 4221 576 4270 wls
588 4218 677 4270 erden
689 4219 808 4284 Legaten
819 4233 862 4268 sm
879 4220 914 4269 24
925 4216 997 4283 Sept.
1009 4217 1133 4269 mitthellt
1145 4216 1244 4286 (ΟΛ),
1256 4217 1394 4272 noshmsts
1404 4219 1432 4268 in
1444 4217 1574 4285 gleichem
1587 4216 1660 4267 sinna
