3512 5838
345 483 404 547 su

415 671 534 722 crctariis
557 671 678 738 exempla
696 687 785 722 corum
804 673 983 738 acciperemus
1002 677 1028 722 et
1046 677 1139 738 postea
1156 687 1234 738 super
1252 671 1292 722 his
1315 672 1471 722 sententiam
1495 678 1614 724 nostram
1632 672 1666 722 di·

414 773 537 809 cercmus.
570 757 718 824 quodcum
736 774 784 809 uos
802 772 897 824 magno
920 773 979 808 cum
1001 757 1129 810 desiderio
1151 757 1279 810 hactenus
1306 759 1545 825 expectaverimus,
1569 759 1667 809 scribas

412 849 514 893 nostros
533 859 564 894 eo
583 843 699 894 misimus
718 845 762 909 qui
780 861 850 895 nunc
869 860 914 894 eos
932 841 1057 896 articulos
1076 845 1241 907 describunt,
1260 861 1325 912 quos
1343 846 1533 912 quamprimum
1553 847 1668 910 integros

412 925 588 992 hahuerimus,
605 925 650 978 Me
664 929 696 983 V.
708 929 733 980 S.
752 931 964 981 transmittemus.
983 931 1103 997 quamvis
1121 929 1186 982 illud
1204 947 1256 982 non
1274 947 1413 997 possumus
1430 947 1484 983 non
1501 944 1583 998 aegre
1602 931 1668 981 ferre

412 1015 483 1080 quod
501 1013 677 1082 intelligamus
695 1031 740 1066 eos
758 1021 862 1082 practer
880 1035 982 1070 omnem
1002 1018 1120 1070 ordinem
1138 1024 1166 1069 et
1183 1017 1324 1070 frustratim
1347 1019 1375 1068 in
1402 1017 1499 1070 chartis
1517 1017 1669 1069 describen-

413 1100 460 1152 dos
479 1100 604 1165 exhiberi,
621 1101 660 1152 its
677 1105 707 1152 ut
724 1103 768 1154 rix
788 1103 900 1156 discerni
918 1107 1002 1171 possit
1019 1105 1091 1171 quod
1108 1106 1210 1156 initium
1229 1105 1343 1156 medium
1367 1105 1411 1157 vel
1434 1103 1493 1155 finis
1516 1105 1553 1155 sit
1571 1119 1670 1164 eorum,

412 1203 461 1240 nos
478 1195 567 1242 mmen
585 1191 788 1244 deliberavimus
806 1205 883 1258 super
902 1191 941 1242 his
959 1196 1076 1242 cosham
1093 1193 1251 1242 sententiam
1268 1205 1321 1242 uon
1344 1193 1416 1257 prius
1436 1189 1568 1255 dicturos,
1593 1206 1669 1257 quam

412 1276 504 1328 ordine
522 1282 549 1327 et
566 1279 667 1344 integre
684 1279 761 1330 nobis
779 1276 888 1328 exhibiti
906 1279 1010 1330 fuerint
1029 1283 1167 1344 praeterea
1185 1293 1245 1328 cum
1264 1282 1336 1330 certo
1353 1279 1468 1328 sciamus
1490 1278 1518 1330 in
1536 1278 1615 1328 hisce
1632 1293 1669 1328 ar·

412 1361 500 1414 ticulis
518 1364 614 1415 multos
633 1363 776 1416 desiderari
795 1379 826 1415 ex
847 1363 887 1414 his
905 1380 971 1430 quos
988 1364 1049 1415 Me·
1067 1364 1099 1415 V.
1119 1363 1145 1415 S.
1163 1367 1190 1414 in
1209 1365 1322 1418 concilio
1335 1364 1519 1431 proponendos
1539 1363 1670 1415 iudicavit

413 1463 445 1499 ac
462 1452 614 1515 praesertim
632 1465 664 1500 ex
681 1450 722 1500 his
740 1465 817 1516 super
841 1451 935 1516 quibus
960 1455 1074 1502 nostram
1098 1452 1254 1501 sententiam
1279 1449 1426 1516 Oeniponte
1454 1450 1598 1502 discedens
1622 1452 1670 1502 sihi

412 1535 537 1601 perscribi
555 1537 667 1586 iusserat
689 1541 716 1587 et
740 1551 818 1602 super
836 1537 929 1602 quibus
953 1552 1001 1586 nos
1025 1551 1130 1602 quoque
1155 1536 1269 1587 clemens
1291 1535 1346 1586 Me.
1364 1533 1396 1587 V.
1420 1535 1446 1589 S.
1469 1551 1629 1604 responsum
1645 1539 1670 1590 iu

413 1619 469 1672 diss
488 1626 670 1688 expectamus,
697 1621 836 1688 diligenter
859 1623 1009 1674 curabimus
1032 1627 1062 1673 nt
1084 1622 1122 1672 illi
1140 1637 1245 1690 quoque
1262 1639 1316 1674 non
1332 1623 1511 1690 negligantur,
1541 1624 1592 1674 sed
1611 1624 1670 1675 huic

413 1709 515 1774 corpori
533 1707 702 1759 articulomm
720 1708 876 1758 mactantur.
894 1707 960 1758 illud
978 1723 1083 1774 quoquc
1101 1725 1149 1760 nos
1165 1723 1220 1762 nou
1237 1724 1328 1774 parum
1346 1709 1441 1776 affligit
1453 1709 1533 1775 quod,
1553 1727 1616 1762 cum
1634 1712 1669 1762 in·

412 1793 561 1862 telligamus
579 1791 650 1844 8³⁰¹*
669 1795 702 1844 D.
720 1795 752 1844 N.
779 1795 927 1846 universam
956 1795 1168 1846 reformationem
1194 1794 1229 1846 ad
1255 1796 1391 1846 arbitrium
1414 1795 1447 1846 D.
1469 1794 1622 1862 legatorum
1646 1803 1670 1848 et

413 1881 481 1930 sacri
499 1879 606 1931 concilii
622 1882 754 1943 reiecisse,
785 1879 904 1932 dominos
922 1886 1009 1932 tamen
1028 1881 1131 1946 legatos
1148 1881 1241 1932 horum
1260 1881 1429 1934 articulorum
1448 1884 1670 1949 conscriptionem

413 1981 465 2017 nou
484 1981 543 2016 cum
560 1967 678 2032 patribus
697 1983 728 2017 ex
747 1968 867 2018 omnibus
885 1968 1036 2018 nationibus
1055 1967 1166 2018 delectis
1185 1969 1379 2018 communicare
1397 1985 1541 2036 eorumque
1560 1971 1669 2022 consilio

413 2055 440 2102 iu
457 2053 508 2103 hac
526 2059 580 2104 tam
598 2056 672 2120 gravi
690 2069 718 2104 re
735 2057 783 2117 uti,
801 2055 848 2104 aed
865 2054 960 2104 saltem
979 2053 1080 2120 aliquot
1098 2055 1242 2105 canonistis
1255 2053 1380 2106 adhibitis
1396 2055 1524 2108 formulas
1544 2055 1669 2122 quasdam

413 2140 599 2204 praescribere.
628 2156 680 2206 qua
698 2140 731 2191 de
749 2157 778 2192 re
796 2142 846 2192 hac
863 2141 931 2192 hora
948 2157 1008 2192 cum
1026 2139 1068 2195 lll.
1084 2143 1180 2192 comite
1199 2141 1232 2191 de
1249 2141 1328 2192 Luna
1346 2143 1453 2208 copiose
1472 2144 1577 2208 egimus
1596 2159 1628 2193 ac
1644 2145 1668 2192 in

413 2241 471 2278 cam
488 2229 594 2280 tandem
612 2231 767 2280 sententiam
785 2229 950 2291 devenimus,
974 2227 1045 2296 qnod
1062 2231 1085 2280 si
1101 2229 1135 2282 D.
1154 2229 1235 2295 legati
1263 2230 1313 2279 hac
1341 2231 1386 2280 via
1402 2245 1511 2295 pergere
1529 2230 1668 2290 volueriut,

413 2331 461 2368 nos
479 2317 548 2366 viam
567 2315 645 2366 aliam
664 2316 773 2382 aggredi
791 2316 869 2382 velle,
886 2315 938 2366 hoc
957 2320 997 2366 sat
1016 2316 1170 2366 unanimiter
1194 2319 1220 2366 ct
1238 2319 1389 2367 constanter
1406 2317 1440 2367 ab
1459 2317 1522 2381 ipsis
1539 2316 1577 2368 D.
1602 2317 1667 2382 lega·

413 2403 447 2452 tis
464 2404 604 2469 petituros,
631 2408 661 2453 ut
684 2417 715 2453 ex
739 2403 859 2453 omuibus
881 2402 1032 2453 sedenibus
1056 2407 1127 2452 certo
1151 2416 1259 2454 numero
1284 2403 1356 2454 docti
1378 2405 1415 2470 pii
1438 2409 1466 2454 et
1490 2419 1580 2454 rerum
1598 2403 1668 2468 periti

413 2493 501 2556 patres
519 2488 674 2555 deligantur,
693 2490 737 2554 qui
755 2494 808 2540 tam
827 2505 860 2539 ex
877 2487 995 2540 articulis
1013 2503 1060 2554 per
1077 2489 1148 2555 ipsos
1168 2489 1234 2540 Bm·
1255 2488 1357 2555 legates
1374 2491 1570 2556 proponendis,
1594 2503 1666 2556 quam

414 2591 446 2627 cx
463 2575 505 2627 his
522 2591 587 2643 quos
605 2591 695 2628 omnes
713 2581 829 2627 oratores
848 2575 988 2626 exhibituri
1007 2579 1102 2638 essent,
1121 2579 1222 2625 certum
1240 2574 1372 2641 quoddam
1393 2592 1489 2643 corpus
1501 2576 1665 2628 articulomm

414 2661 605 2714 reformationis
623 2677 685 2713 rere
702 2660 737 2712 ad
755 2659 885 2712 ecclcsiae
903 2659 1080 2711 universalem
1099 2660 1310 2712 reformationem
1335 2663 1468 2729 pertinens
1492 2663 1665 2713 conscribant

413 2763 505 2800 vorum
522 2747 574 2801 hoc
591 2763 644 2800 non
661 2747 834 2798 iudicavimus
851 2747 993 2812 petendum
1011 2761 1076 2808 esse,
1095 2747 1247 2812 prinsquam
1265 2749 1298 2799 ab
1317 2749 1380 2814 ipsis
1397 2749 1431 2800 D.
1450 2748 1546 2816 legatis
1564 2747 1664 2798 articuli

414 2851 479 2903 quos
495 2835 534 2887 illi
551 2851 697 2902 proponere
714 2835 845 2886 voluerint
861 2835 938 2886 nobis
956 2833 1057 2885 dentur.
1074 2848 1136 2884 uam
1155 2836 1295 2885 metuimus
1312 2850 1354 2898 ne,
1371 2837 1392 2886 si
1406 2837 1477 2901 prius
1488 2841 1606 2888 nostram
1624 2853 1663 2904 pc·

414 2923 532 2986 titionem
549 2921 710 2988 intelligant,
734 2921 860 2972 articulos
884 2935 951 2987 quos
978 2923 1156 2987 conceperunt
1173 2921 1251 2972 uobis
1277 2920 1339 2971 dare
1359 2925 1496 2984 recusent,
1520 2924 1664 2990 priusquam

415 3007 448 3060 de
465 3014 553 3060 mente
571 3023 604 3058 ac
622 3009 748 3073 petitione
766 3011 857 3058 nosha
875 3008 1001 3058 certiores
1019 3006 1090 3057 fiant.

483 3111 514 3162 ln
532 3110 578 3162 der
596 3113 682 3163 ersten
699 3109 829 3178 Fassung,
846 3109 947 3161 welche
971 3109 1014 3161 die
1032 3109 1163 3161 Oratoreu
1186 3125 1228 3160 am
1251 3113 1267 3162 3
1285 3109 1387 3178 August
1412 3111 1596 3166 einschichtcn
1617 3113 1663 3164 und

414 3216 467 3252 von
485 3199 531 3250 der
549 3198 606 3250 sich
623 3198 693 3250 noch
711 3198 775 3249 awei
793 3198 951 3265 Exemplare
968 3199 995 3248 in
1015 3197 1066 3248 deu
1085 3198 1114 3250 C.
1133 3196 1164 3249 Δ.
1183 3197 1333 3262 rorfinden,
1357 3199 1462 3250 besteht
1489 3197 1532 3250 die
1555 3199 1663 3266 Vorlapc

415 3301 462 3337 aus
484 3287 518 3337 42
543 3286 631 3352 capita
654 3285 784 3351 generalis
808 3284 1000 3336 reformationis
1023 3283 1100 3348 (Pau
1119 3285 1188 3348 836).
1216 3283 1269 3334 Die
1292 3283 1319 3338 lr.
1339 3283 1490 3336 Gesandten
1516 3301 1605 3338 waren
1627 3286 1663 3336 dis

416 3376 501 3423 ersten
519 3370 620 3422 welche
637 3369 693 3420 ihre
711 3369 838 3436 Meinung
855 3371 922 3420 iiber
942 3371 981 3420 sie
1000 3370 1122 3437 abgabcn
1139 3371 1167 3420 in
1185 3369 1249 3419 avaei
1268 3369 1319 3420 den
1336 3369 1456 3436 Legaten
1473 3369 1557 3422 sehon
1577 3387 1618 3424 am
1634 3373 1662 3422 31

414 3456 470 3507 Juli
487 3454 671 3507 fiberreichten
698 3455 753 3505 und
774 3455 830 3504 drci
851 3453 925 3521 Tage
946 3457 1034 3521 sptiter
1055 3455 1114 3505 dem
1134 3455 1228 3506 Kaiser
1251 3455 1440 3522 eingesandten
1461 3455 1663 3516 Schriftatdchen

415 3539 455 3608 (G.
474 3541 515 3608 Α.)
533 3541 590 3591 Das
609 3543 667 3592 eine
685 3542 719 3592 ist
736 3540 954 3591 ilberschricbsn:
974 3541 1109 3592 annotatio
1129 3543 1261 3592 oratorum
1279 3541 1306 3591 S.
1325 3540 1355 3591 C.
1373 3540 1427 3591 Mi·
1446 3543 1517 3594 circa
1541 3545 1663 3610 quosdam

416 3628 541 3679 articulos
560 3629 750 3678 reformationis
768 3627 898 3693 generalis
910 3642 927 3676 a
939 3625 998 3676 ΒΜ·
1013 3627 1046 3677 D.
1059 3627 1154 3694 legatis
1172 3629 1236 3692 ipsis
1249 3625 1392 3692 exhibitum
1411 3628 1453 3680 die
1467 3629 1660 3696 cherlmugeu

415 3715 540 3766 beziehcn
559 3715 615 3766 sich
633 3713 681 3765 aui
692 3717 722 3764 lb
733 3714 833 3765 Stellcn
851 3713 1026 3779 dervorlage.
1045 3713 1139 3780 Einigc
1152 3714 1388 3782 Beispielembgen
1399 3718 1492 3781 seigen
1510 3717 1611 3767 welche
1621 3717 1662 3766 Art

415 3817 466 3851 von
485 3801 716 3867 Verbesserungen
738 3800 781 3850 die
804 3799 933 3852 Oratorcu
958 3799 1123 3850 cvliuachtcn:
1151 3801 1178 3849 in
1203 3801 1291 3866 capite
1315 3801 1328 3850 1
1351 3801 1397 3852 ubi
1420 3799 1516 3852 dicitur
1541 3817 1660 3853 summum

414 3887 565 3954 pontificem
583 3886 680 3939 debere
698 3887 748 3938 sibi
766 3889 897 3938 asciscere
915 3887 1072 3937 lectissimos
1095 3889 1197 3936 tautum
1223 3885 1383 3952 cardinales,
1407 3887 1557 3939 necessario
1576 3887 1658 3938 adius·

417 3975 530 4040 gendum
548 3973 707 4025 iudicamus:
727 3989 760 4024 ex
777 3975 898 4025 omuibus
915 3975 1079 4038 nationibus3
1104 3975 1201 4024 iustum
1220 3974 1288 4024 cuim
1314 3979 1354 4024 est
1376 3979 1407 4024 ut
1429 3989 1545 4026 summus
1571 3981 1597 4026 et
1613 3975 1659 4024 uni·

416 4061 524 4112 versalia
541 4061 658 4127 pontifex
677 4075 710 4110 ex
728 4061 850 4112 omnibus
868 4057 941 4110 Chr¹¹¹
957 4060 1026 4111 orbis
1049 4059 1200 4112 nationibus
1223 4075 1284 4110 suos
1309 4059 1438 4111 electores
1456 4060 1604 4112 cardinales
1619 4061 1657 4110 ha·

415 4148 486 4200 bcat.
504 4175 538 4183 -
554 4147 581 4196 in
599 4161 658 4212 rap.
677 4143 729 4196 Vll
746 4147 792 4196 ubi
811 4145 843 4196 de
861 4144 1011 4212 pluralitate
1029 4145 1215 4198 beneficiorum
1234 4147 1328 4212 agitari,
1346 4151 1438 4212 aperta
1454 4143 1484 4197 fit
1501 4149 1599 4199 mentio
1616 4146 1657 4196 dis·

417 4233 578 4300 pausationis
601 4232 780 4298 spostolicae;
808 4247 868 4282 cum
890 4237 980 4283 autem
1005 4247 1037 4283 ea
1060 4248 1101 4283 res
1124 4232 1209 4284 levior
1230 4231 1351 4282 videatur
1374 4247 1452 4297 quam
1475 4237 1505 4283 ut
1527 4231 1563 4284 ad
1581 4232 1656 4284 sedem

414 4319 586 4385 apostohcam
603 4318 701 4369 recurri
720 4317 823 4380 debeat,
842 4317 990 4368 existimant
1008 4317 1036 4369 id
1053 4318 1159 4369 arbitrio
1178 4317 1372 4382 metropolitani
1391 4323 1417 4367 et
1436 4316 1559 4369 ordinarii
1578 4319 1654 4385 potius

417 4404 629 4456 committendum
648 4418 713 4454 esse.
734 4431 763 4440 -
784 4404 810 4454 in
829 4418 886 4469 cap.
905 4402 943 4453 XI
960 4404 1006 4455 ubi
1025 4403 1121 4454 dicitur
1144 4405 1170 4454 iu
1196 4403 1373 4454 celebratione
1396 4403 1543 4454 divinorum
1567 4417 1656 4456 uerum

416 4491 582 4557 evangelium
598 4491 626 4540 in
643 4487 786 4541 vernacula
808 4489 898 4556 lingua
920 4504 978 4540 esse
996 4489 1235 4556 interpretandum,
1265 4487 1460 4554 adiungendum
1485 4489 1616 4542 videretur
1634 4493 1655 4537 ut

417 4578 557 4628 cansionae
575 4592 679 4642 quoque
697 4577 758 4642 piae
776 4579 802 4626 et
821 4575 968 4626 catholicae
986 4575 1078 4626 eadem
1096 4575 1188 4642 lingua
1204 4580 1259 4626 tam
1277 4576 1303 4625 in
1322 4573 1467 4626 divinorum
1487 4575 1655 4634 celebrah'ons,

416 4678 493 4728 quam
517 4663 544 4712 in
566 4663 720 4728 vespertinis
743 4663 822 4714 etiam
847 4663 970 4727 precibus
994 4661 1027 4712 ad
1050 4661 1176 4728 populum
1200 4658 1369 4712 alliciendum
1393 4660 1467 4711 iuxta
1490 4661 1611 4712 ordinarii
1624 4674 1654 4710 ar

416 4749 519 4798 bitrium
538 4747 730 4800 adhiberentur.
759 4775 790 4785 -
817 4749 843 4797 in
868 4762 926 4812 cap.
949 4747 1037 4798 xvnl
1059 4747 1155 4800 dicitnr
1177 4747 1249 4814 quod
1267 4748 1293 4797 in
1311 4752 1444 4813 posterum
1461 4762 1594 4812 regressus
1613 4759 1653 4797 uon

417 4831 609 4898 concedantur;
630 4834 762 4884 videretur
780 4832 975 4900 adiungendum
994 4839 1022 4884 ut
1040 4833 1066 4884 hi
1085 4849 1190 4902 quoque
1208 4835 1252 4900 qui
1270 4849 1315 4888 eos
1333 4847 1403 4883 nunc
1426 4831 1526 4886 habent
1548 4832 1598 4884 illis
1612 4831 1652 4898 pri·

417 4921 548 4971 verentur.
568 4927 599 4956 -‘-
