3468 5820
1381 503 1442 568 517

96 694 265 763 missione
286 691 353 760 111²*
374 691 417 761 D.
440 693 565 765 comitis
582 693 622 762 de
634 693 739 780 Luna,
762 693 854 762 cuius
868 693 998 764 nomine
1012 701 1087 784 post
1100 695 1268 762 recitatam
1286 717 1359 764 eam
1372 715 1443 780 pro·

97 799 390 866 testationem...
413 798 525 867 habita
547 809 596 866 est
618 801 721 866 oratio
744 796 905 888 quaedam
929 821 949 864 a
970 796 1123 886 theologo
1143 800 1292 887 Hispano
1316 801 1447 888 copiosa

96 899 155 966 illa
181 903 323 992 quidem
346 912 378 968 et
400 900 542 992 elegans,
566 901 623 970 sed
645 925 730 991 quae
751 912 859 971 temen
880 903 1006 968 nostris
1021 900 1119 969 rebus
1146 926 1213 968 uon
1243 904 1448 972 mediocriter

97 1005 369 1072 incommodaret
390 1016 522 1096 propter
543 1029 695 1094 magnam
711 1003 798 1072 Ser¹²¹¹
812 1005 1046 1093 Hispaniarum
1060 1006 1147 1092 regis
1162 1005 1251 1094 apud
1264 1007 1325 1073 hos
1340 1016 1449 1094 patres

96 1110 332 1192 autoritatem,
348 1109 437 1197 quod
451 1112 515 1176 iam
529 1132 552 1174 a
564 1107 726 1176 nonnullis
741 1107 888 1196 patribus
902 1108 997 1176 nobis
1012 1107 1109 1174 obiici
1125 1117 1276 1198 coeptum
1290 1119 1348 1177 est.
1372 1132 1448 1177 nam

96 1213 191 1278 inter
216 1212 285 1278 alia
308 1237 392 1302 quae
415 1213 449 1278 in
472 1235 510 1280 ea
531 1211 780 1279 continebantur
802 1209 883 1278 illud
903 1233 969 1278 non
984 1213 1099 1300 paucis
1113 1235 1221 1300 neque
1235 1211 1363 1280 levibus
1379 1236 1448 1280 ver·

95 1315 149 1380 bis
174 1339 200 1380 a
227 1317 367 1382 concilio
383 1317 513 1384 nomine
528 1315 615 1385 Ser“¹¹
630 1325 663 1383 et
677 1313 779 1384 Cethel
795 1317 881 1404 regis
895 1315 1075 1404 petebatur,
1098 1337 1140 1382 ne
1155 1315 1279 1385 scilicet
1294 1317 1339 1381 eis
1355 1337 1450 1388 aures

96 1419 352 1506 praeberentur
374 1421 431 1508 qui
453 1419 576 1508 aliquid
598 1419 794 1487 adversariis
816 1419 1061 1488 concedendum
1083 1419 1323 1488 arbitrarentur.
1354 1429 1452 1506 atque

97 1521 194 1588 banc
223 1521 355 1610 quidem
377 1521 431 1588 ille
459 1531 587 1612 partem
614 1521 849 1610 exaggerabat,
879 1522 1150 1612 quemadmodum
1179 1522 1246 1588 ΜΨ
1274 1523 1314 1588 V.
1344 1521 1377 1590 S.
1410 1545 1454 1591 ex

97 1628 215 1714 ipsius
243 1627 395 1692 orationis
417 1627 567 1716 exemplo
590 1625 771 1714 intelligere
792 1628 920 1716 poterit,
944 1625 1033 1714 quod
1055 1649 1090 1692 se
1104 1625 1155 1692 Me
1173 1627 1213 1692 V.
1230 1623 1262 1692 S.
1278 1626 1451 1694 missurum

97 1729 304 1816 praedictus
325 1728 368 1794 D.
392 1753 500 1804 comes
522 1754 544 1796 a
564 1730 660 1796 Luna
681 1729 871 1806 affirmavit,
900 1732 927 1796 si
949 1728 1047 1796 modo
1069 1730 1116 1797 ita
1136 1731 1261 1816 integre
1291 1728 1454 1815 descripta

100 1831 248 1900 videtur
269 1843 305 1899 ut
325 1833 379 1900 hic
402 1844 451 1901 est
471 1835 617 1902 recitata.
651 1856 690 1901 ea
712 1843 820 1903 autem
842 1835 952 1902 omnia
973 1835 1006 1900 in
1030 1856 1102 1900 eam
1123 1834 1280 1900 rationem
1303 1831 1454 1900 diceban-

99 1945 178 2016 tur,
216 1946 256 2002 ut
276 1956 370 2004 nemo
392 1959 458 2004 non
479 1936 675 2028 intelligeret
696 1961 736 2007 ea
758 1938 913 2004 orationis
935 1945 1028 2026 parte
1059 1935 1169 2033 rubeis
1190 1938 1378 2026 petitionem
1401 1935 1454 2004 de·

100 2041 316 2126 signari...
340 2041 381 2108 de
402 2041 598 2109 residentiae
619 2052 652 2110 et
673 2041 883 2109 institutionis
906 2043 1133 2130 episcoporum
1149 2038 1279 2111 decreto
1295 2039 1464 2120 nihildum¹

106 2143 262 2231 transigi
283 2145 387 2234 potuit
408 2156 542 2235 propter
562 2144 605 2211 D.
630 2145 665 2212 O.
688 2145 882 2232 Lotharingi
905 2144 1094 2229 absentiam,
1117 2145 1227 2234 quiin
1250 2143 1362 2232 vigilia
1376 2143 1456 2210 Pen-

102 2255 261 2313 tecostes
284 2247 344 2314 sub
366 2259 493 2317 noctem
516 2258 564 2317 cst
584 2271 735 2317 reversus
751 2299 758 2314 .
774 2297 806 2313 ..
828 2247 908 2316 nibil
930 2250 1082 2314 miramur
1092 2248 1169 2314 M²·'¹²
1184 2246 1223 2312 V.
1239 2244 1273 2313 S.
1296 2257 1362 2314 tam
1385 2248 1453 2316 diu·

104 2361 251 2418 turnam
283 2353 378 2418 istam
411 2363 595 2420 nostrarum
617 2354 846 2420 tractationum
876 2375 1000 2419 moram
1026 2350 1161 2431 moleste
1189 2351 1288 2436 serra,
1317 2362 1350 2418 et
1377 2375 1457 2422 sane

106 2477 155 2522 ex
182 2455 337 2522 omnibus
361 2458 417 2546 qui
438 2456 706 2524 hicsuntnemo
730 2456 857 2544 estqui
883 2455 962 2522 hinc
983 2465 1139 2544 tanquam
1169 2479 1212 2522 ax
1239 2455 1319 2522 duro
1349 2454 1458 2544 aliquo

107 2557 288 2648 ergastulo
322 2561 410 2626 exire
438 2583 504 2627 non
531 2562 672 2630 maxime
701 2560 826 2646 cupiat,
858 2559 916 2624 aed
943 2555 1013 2626 fieri
1042 2582 1108 2626 non
1131 2567 1236 2648 potest
1257 2560 1348 2626 utin
1369 2567 1461 2638 tanta

112 2674 256 2751 patrum
277 2661 458 2752 frequentia
480 2673 513 2732 et
535 2665 767 2732 sententiarum
789 2661 946 2730 varietate
974 2684 1027 2732 res
1054 2663 1241 2752 propositae
1262 2662 1355 2730 brevi
1379 2672 1458 2730 tcm-

109 2789 201 2854 pore
225 2765 461 2834 concludantur
476 2817 484 2834 .
501 2816 509 2833 .
526 2817 536 2835 .

263 2957 335 3026 'Paga
354 2956 450 3010 darauf
464 2957 559 3010 eandts
578 2957 743 3011 Draslrorics
761 2959 821 3011 den
839 2955 935 3010 Kaisar
953 2958 1010 3012 sein
1029 2957 1126 3010 Votum
1144 2975 1222 3028 super
1234 2956 1360 3011 abusibus
1373 2973 1460 3010 sacra·

192 3045 275 3097 menti
294 3045 393 3097 ordinis
411 3043 603 3111 (eonesseeten,
620 3045 673 3112 egl.
692 3045 835 3097 Mendham
854 3047 915 3110 538)
935 3047 985 3097 sin.
1003 3043 1051 3096 Am
1070 3047 1087 3096 4
1103 3047 1167 3097 Juni
1184 3046 1323 3097 schrieben
1341 3045 1384 3096 die
1397 3046 1462 3096 Ora·

193 3139 272 3184 toran
290 3131 427 3198 (Romane,
445 3130 514 3182 darn
531 3131 688 3184 Beccadelli
706 3135 731 3197 a,
749 3132 809 3200 84):
827 3133 861 3183 D.
878 3131 961 3199 legati
983 3147 1072 3183 rursus
1089 3131 1246 3184 dissidentes
1263 3137 1354 3198 patres
1370 3133 1398 3184 in
1415 3147 1463 3184 ns-

195 3220 276 3286 gocio
293 3217 452 3270 residentiae
470 3223 497 3268 et
514 3219 700 3284 epbmpomm
717 3219 890 3291 iustitutionis
907 3215 1072 3271 concordare
1089 3222 1225 3281 sonantur,
1243 3224 1273 3268 ut
1289 3221 1398 3270 remotis
1414 3221 1462 3270 im·

196 3305 355 3370 pedimentis
373 3304 515 3358 concilium
532 3305 641 3360 liberius
658 3304 783 3372 progredi
796 3309 823 3356 et
833 3304 869 3374 ad
881 3305 978 3356 bonum
991 3305 1090 3357 exitum
1103 3303 1200 3356 deduci
1211 3309 1315 3372 possen
1332 3305 1463 3358 bacondre

195 3391 277 3442 Mithe
297 3392 365 3460 gabe
383 3389 441 3441 sich
458 3392 584 3454 Morone;
611 3389 723 3442 manche
743 3389 843 3442 hod'tan
861 3390 945 3440 achon
969 3392 1016 3440 mit
1034 3388 1081 3440 der
1097 3389 1335 3458 ndcbstiolgenden
1354 3391 1464 3460 Simung

200 3478 249 3528 das
266 3475 360 3529 concil
377 3475 559 3528 abschliessen
577 3493 610 3528 au
627 3477 743 3530 kdnnen.
763 3475 842 3528 Sonat
860 3473 982 3528 eraa'hlen
1001 3475 1044 3527 die
1063 3475 1193 3530 Oratoren
1206 3476 1307 3530 damals
1319 3478 1380 3544 viel,
1398 3479 1463 3530 aber

199 3563 286 3616 nichts
302 3579 385 3615 nenas
401 3579 455 3616 von
472 3563 570 3631 Birago
588 3563 639 3629 (Ire
657 3563 719 3616 Plat
736 3565 762 3630 d,
779 3563 832 3630 et).

706 3965 909 4056 COLVH.

478 4185 557 4262 Der
585 4187 717 4263 Ketser
743 4207 789 4264 en
819 4187 860 4264 td
889 4187 1129 4286 Maximillam

582 4335 777 4402 inuebruclr,
795 4339 811 4388 2
829 4335 911 4388 duni
930 4337 1022 4394 156³.

640 4481 820 4540 cenea
845 4482 968 4555 anne.

243 4661 296 4732 Ex
317 4661 418 4732 literis
440 4663 527 4730 Dir‘·
549 4664 590 4732 V.
613 4664 667 4732 die
687 4663 754 4730 24.
772 4713 804 4730 ..
827 4662 906 4730 Maii
929 4663 1013 4730 datis
1035 4661 1262 4745 intelleximus,
1285 4689 1369 4756 quae
1391 4665 1462 4734 Dii·

142 4765 183 4836 V.
217 4779 424 4838 occurrerunt
450 4769 724 4838 considerationes
751 4770 793 4834 de
816 4771 855 4834 iis
884 4767 981 4836 rebus
1010 4791 1091 4858 quas
1112 4792 1216 4857 nuper
1238 4769 1290 4838 hic
1313 4795 1385 4838 cum
1407 4773 1469 4838 ΒΜ

143 4873 179 4940 C.
204 4873 340 4941 Morono
362 4876 395 4940 in
417 4876 553 4961 negocio
577 4874 704 4942 concilii
727 4876 861 4962 egimus,
883 4876 1034 4940 nimirum
1056 4875 1142 4963 quod
1163 4873 1240 4939 Dil¹¹
1259 4875 1299 4941 V.
1322 4876 1471 4943 videmur

143 4999 216 5045 cum
239 4979 285 5044 1³⁸⁶
307 4977 393 5044 illius
415 4978 477 5044 R...
499 4980 594 5044 nimis
617 4977 733 5046 leniter
745 5003 784 5046 ac
795 4978 999 5066 indulgenter
1019 4989 1176 5044 tractasse
1199 4989 1297 5068 atque
1312 4982 1408 5046 etiam
1422 4979 1471 5044 ni-

142 5082 259 5148 mirum
281 5080 328 5146 illi
352 5083 499 5150 cessisse.
524 5083 567 5150 ad
588 5081 671 5151 haec
690 5083 800 5150 facere
821 5107 887 5150 non
908 5105 1079 5171 possumus
1102 5085 1179 5172 quin
1201 5083 1278 5150 Dil¹¹
1292 5086 1334 5154 V.
1355 5085 1470 5174 paucis
