3498 5818
402 709 432 776 s}
454 709 582 777 diverso
604 722 712 778 autem
733 737 798 781 non
822 715 1079 801 praetermittant
1108 723 1251 782 oratores
1273 717 1465 784 mandatarii
1489 729 1522 784 et
1544 743 1639 787 com-

297 813 439 878 missarii
459 817 561 880 nostri
584 816 689 904 quoad
712 818 781 884 eiua
796 839 939 905 unquam
954 817 1122 885 commode
1136 819 1207 884 lieri
1221 821 1340 906 poterit
1354 822 1387 886 in
1402 821 1474 908 ipso
1490 823 1638 890 concilio

300 937 475 1002 procurare
496 927 529 983 et
550 915 696 984 laborare
718 929 769 1005 ut,
799 930 1012 1008 posteaquam
1041 919 1121 986 deus
1143 920 1183 986 Ο.
1205 921 1249 986 Μ.
1278 921 1456 990 nobishoc
1481 933 1638 1014 tempore

299 1027 366 1086 tem
397 1029 538 1107 optatam
566 1031 599 1086 et
626 1023 823 1108 praeclaram
854 1026 1056 1090 occasionem
1078 1023 1167 1089 dedit
1188 1026 1236 1089 rei
1258 1024 1413 1091 adversus
1435 1037 1637 1114 perpetuum

304 1121 470 1188 christiani
491 1125 630 1189 nominis
652 1124 777 1191 hostem
791 1127 875 1192 bene
891 1137 923 1192 et
937 1149 1092 1214 prospere
1107 1127 1278 1213 gerendae,
1295 1137 1332 1192 nt
1347 1127 1471 1194 collatis
1487 1134 1640 1195 omnium

304 1223 549 1291 christianorum
582 1228 764 1315 principum
797 1253 837 1295 ao
868 1239 1091 1318 potentatuum
1127 1229 1256 1296 auxiliis
1292 1232 1523 1297 immanissima
1560 1235 1640 1298 eius

301 1327 473 1393 erudelitas
497 1328 557 1394 deo
580 1329 663 1394 bene
685 1331 817 1398 iuvante
838 1333 1032 1420 reprimatur
1053 1341 1086 1398 et
1106 1355 1126 1398 a
1149 1335 1275 1399 cervice
1297 1333 1436 1400 afflictae
1451 1333 1639 1401 christiani·

300 1432 373 1497 tatis
395 1432 526 1497 tandem
548 1433 786 1500 submoveatur.

403 1533 566 1623 Quicquid
587 1538 686 1623 igitur
707 1540 741 1604 in
763 1539 989 1625 suprascriptis
1011 1547 1044 1604 et
1064 1537 1136 1603 aliis
1158 1537 1301 1604 articulis
1323 1540 1358 1603 in
1375 1537 1444 1604 dies
1461 1561 1640 1607 oecurren-

299 1637 385 1703 tibns
407 1639 599 1705 tractabitur
621 1651 677 1706 aut
699 1640 841 1731 alioquin
862 1640 917 1706 vel
936 1641 1068 1727 dignum
1083 1639 1137 1706 vel
1150 1643 1368 1707 necessarium
1382 1641 1451 1708 fore
1465 1643 1639 1709 videbitur

300 1750 335 1806 ut
357 1742 399 1806 ad
421 1765 480 1808 nos
502 1743 699 1828 perferatur,
722 1742 756 1808 id
778 1743 935 1832 saepefati
957 1753 1099 1810 oratores
1122 1752 1154 1808 et
1178 1745 1386 1809 commissarii
1407 1745 1509 1810 nostri
1531 1767 1639 1834 qnam

301 1845 461 1910 ociissime
484 1845 526 1910 ad
548 1868 607 1912 nos
628 1845 832 1934 perscribant
854 1855 886 1912 et
906 1845 963 1912 ubi
986 1867 1066 1933 opus
1089 1847 1150 1912 erit
1170 1845 1355 1912 ulteriorem
1373 1847 1638 1913 informationem

300 1956 334 2012 et
354 1943 617 2015 deliberationem
638 1958 782 2015 nostram
804 1948 1032 2037 expectabunt.
1061 1950 1094 2014 in
1125 1949 1166 2014 iis
1194 1958 1301 2014 autem
1328 1950 1427 2016 rebus
1450 1950 1490 2016 de
1513 1949 1637 2036 quibus

302 2071 323 2115 a
345 2048 438 2116 nobis
459 2051 600 2137 petenda
623 2052 684 2117 erit
704 2050 866 2135 resolutio,
890 2061 1033 2118 oratores
1049 2052 1260 2118 commissarii
1275 2059 1307 2117 et
1320 2051 1511 2118 mandatarii
1525 2055 1635 2118 nostri

300 2153 387 2217 omni
410 2163 527 2219 conatu
550 2163 583 2219 et
604 2153 795 2220 dexteritate
817 2155 1013 2242 perscrutari
1035 2153 1162 2238 debent,
1187 2175 1345 2243 quaenam
1369 2155 1410 2220 sit
1433 2156 1473 2220 de
1496 2155 1535 2218 iis
1558 2177 1636 2220 sen-

299 2257 400 2320 tentia
422 2263 454 2320 et
475 2255 584 2341 opinio
606 2254 734 2322 illorum
756 2278 837 2344 quos
866 2258 900 2322 in
929 2255 1066 2324 eoncilio
1094 2265 1218 2322 ceteros
1250 2255 1428 2323 eruditione
1456 2259 1575 2344 pietate
1600 2267 1637 2323 et

290 2358 459 2444 sapientia
487 2357 680 2424 antecellere
713 2359 938 2446 cognoverint,
971 2382 1037 2425 non
1070 2358 1155 2426 sacto
1191 2359 1375 2427 discrimine
1408 2360 1637 2447 cuiuscunque

299 2461 438 2526 nationis
469 2462 624 2546 existant,
654 2485 790 2551 eamque
817 2461 944 2528 illorum
972 2463 1164 2528 sententiam
1190 2461 1289 2528 iidem
1320 2470 1463 2529 oratores
1489 2472 1523 2527 et
1544 2485 1636 2528 oom-

299 2563 438 2628 missarii
459 2565 561 2630 nostri
583 2587 711 2653 quoquo
734 2576 879 2653 tempore
902 2563 1022 2630 diserte
1045 2574 1077 2630 et
1098 2565 1269 2652 perspicue
1285 2563 1327 2630 ad
1340 2585 1400 2632 nos
1415 2564 1634 2652 perscribant,

300 2687 391 2731 snam
414 2687 543 2755 quoque
565 2668 749 2754 opinionem
771 2668 850 2756 quid
871 2669 1022 2735 nimirum
1042 2669 1108 2755 ipsi
1122 2667 1215 2734 nobis
1232 2667 1372 2755 desuper
1386 2665 1635 2734 deliberandum

301 2777 334 2834 et
356 2767 560 2834 statuendum
583 2779 736 2836 censeant
758 2768 980 2858 adiungentes.

400 2871 568 2937 Postremo
591 2873 744 2960 qnoniam
765 2872 848 2939 haee
873 2873 1005 2960 negotia
1032 2870 1160 2938 concilii
1189 2869 1269 2936 talia
1298 2881 1372 2936 sunt
1394 2893 1479 2960 quae
1499 2894 1567 2938 non
1588 2873 1635 2938 ad

300 2996 359 3040 nos
384 2973 544 3041 duntaxat
565 2985 598 3041 et
623 2997 752 3042 ssorum
772 2977 943 3064 imperium
966 2997 1023 3042 seu
1044 2995 1146 3062 regna
1167 2983 1265 3062 atque
1286 2976 1471 3062 provincias
1492 2985 1633 3052 nostras,

299 3077 357 3144 sed
390 3078 433 3143 ad
465 3077 607 3167 reliquos
641 3081 738 3144 etiam
766 3099 860 3166 reges
892 3087 1075 3166 potentatus
1103 3099 1142 3144 ac
1168 3079 1315 3144 nationes
1350 3077 1542 3144 christianae
1571 3081 1634 3144 rei·

298 3179 448 3266 publicae
471 3191 625 3269 spectant,
649 3192 682 3247 et
702 3181 798 3248 facile
819 3171 890 3248 lieri
912 3191 1027 3270 potest,
1050 3181 1215 3269 quinimo
1237 3179 1413 3246 verisimile
1435 3202 1565 3268 quoque
1580 3193 1633 3248 est

297 3281 378 3348 alios
402 3283 504 3349 serm·
523 3307 617 3371 reges
640 3287 706 3350 suis
728 3285 911 3350 oratoribus
933 3293 966 3348 et
988 3283 1216 3349 commissaliis
1238 3283 1457 3363 mandaturos,
1481 3294 1516 3350 ut
1537 3285 1631 3372 ipsos

299 3395 442 3453 oratores
463 3396 591 3454 noan-os
613 3390 807 3454 conveniant
829 3409 869 3454 ao
890 3389 968 3473 ipsis
995 3395 1138 3452 mutuam
1166 3383 1410 3471 intelligentiam
1432 3395 1464 3451 et
1486 3409 1630 3454 commu-

296 3490 492 3556 nicationem
515 3491 659 3574 offerant,
681 3511 742 3556 nos
765 3511 843 3556 sane
864 3491 898 3554 in
920 3489 1007 3555 huno
1028 3511 1139 3554 casum
1160 3486 1308 3553 volumus
1335 3491 1426 3554 utin
1447 3489 1630 3558 istiusmodi

297 3593 443 3679 negociis
465 3591 604 3680 publicis
627 3603 769 3658 oratores
790 3595 892 3658 nostri
913 3591 977 3657 illis
1005 3592 1141 3658 eandem
1167 3601 1299 3657 mutuae
1325 3590 1573 3658 benevolentiae
1596 3605 1631 3660 et

298 3693 601 3783 correspondentiae
622 3695 908 3782 promptitudinem
929 3695 1071 3762 referant
1092 3715 1190 3782 seque
1205 3694 1316 3760 hocin
1330 3694 1491 3761 mandatis
1506 3695 1629 3762 habere

298 3797 495 3862 confirment

399 3900 444 3966 lit
464 3904 498 3967 in
519 3901 569 3966 his
593 3901 740 3968 omnibus
763 3901 962 3991 exequendis
984 3900 1082 3966 iidem
1104 3907 1246 3966 oratores
1267 3901 1478 3967 commissarii
1493 3910 1526 3967 et
1539 3923 1629 3967 man·

298 4002 413 4069 dotarii
441 4005 543 4069 nostri
573 4027 637 4070 non
668 4003 772 4072 solum
799 4004 921 4070 iaciant
951 4004 1126 4090 benignam
1155 4011 1187 4066 et
1214 4023 1402 4090 expressam
1429 4001 1629 4068 voluntatem

296 4115 448 4190 nostram,
471 4129 584 4172 verum
605 4108 739 4196 insuper
758 4111 856 4174 etiam
876 4115 1021 4174 nostram
1043 4126 1121 4193 erga
1143 4126 1179 4170 se
1200 4106 1338 4192 gratiam
1359 4127 1556 4194 magnopere
1572 4129 1627 4172 ou·

296 4209 472 4276 mulabunt

398 4311 521 4378 Datum
541 4313 668 4401 Pragao
690 4313 742 4380 die
766 4313 783 4378 1
807 4313 954 4380 Janumii
977 4311 1069 4378 1562.

434 4467 540 4520 Sowohl
559 4471 638 4538 obige
655 4471 816 4522 Instruction
833 4470 883 4519 wic
901 4469 982 4520 deren
999 4468 1133 4534 Nachtrag
1150 4467 1195 4518 Nr.
1215 4465 1260 4517 CL
1282 4465 1390 4516 wurden
1413 4480 1455 4516 am
1473 4468 1507 4517 29
1524 4463 1628 4516 Januar

368 4553 414 4605 der
432 4555 732 4606 oberosteneichisohen
750 4555 900 4622 Regiamng
923 4570 955 4604 au
977 4552 1127 4604 Innsbruols
1153 4551 1311 4620 mitgetbeilt
1336 4550 1376 4601 als
1399 4549 1527 4618 Beilagen
1554 4551 1628 4601 sines

365 4639 563 4691 Baccheids'an
581 4640 654 4692 dieas
670 4639 833 4706 Regiorung,
860 4641 888 4689 in
914 4637 973 4689 dem
991 4637 1049 4688 sich
1067 4637 1114 4688 der
1130 4637 1225 4688 Kaisar
1242 4635 1303 4687 sehr
1319 4631 1482 4687 ansidhrlioh
1498 4635 1566 4687 tiber
1583 4635 1628 4686 die

366 4725 498 4792 damaligs
506 4727 753 4792 Lageanssprioht:
768 4742 789 4776 s.
799 4725 898 4776 Archiv
906 4725 948 4774 ‘dtr
955 4723 1052 4776 Kunde
1071 4727 1118 4774 ost
1134 4721 1397 4788 nunnunquam
1406 4724 1430 4785 1,
1441 4723 1585 4774 189-1'12.
1594 4747 1625 4760 -

367 4809 522 4864 Gleichialls
539 4829 601 4866 vom
622 4816 636 4864 1
654 4813 757 4866 Jannar
774 4813 854 4864 daun
870 4811 996 4864 sinddas
1011 4811 1040 4861 11.
1058 4810 1169 4862 Mandat
1186 4809 1229 4862 tur
1254 4809 1298 4860 dis
1321 4808 1453 4860 Oratoren
1478 4805 1574 4874 (copie
1591 4809 1627 4858 1111

366 4899 543 4953 Innsbrueker
560 4899 627 4952 fleu
643 4899 689 4954 Ns.
708 4900 751 4964 41,
770 4897 902 4968 gedruckt
918 4898 946 4948 in
962 4896 1003 4948 Le
1014 4896 1075 4950 rut
1091 4899 1117 4961 t,
1137 4895 1179 4964 to)
1197 4895 1252 4948 und
1269 4895 1312 4946 dis
1325 4893 1520 4950 credentialieu
1532 4889 1628 4962 (copie

364 4985 428 5036 1111.
446 4986 491 5036 rr.
509 4985 563 5052 11).

883 5072 1087 5087 ψ
