3460 5826
91 691 194 756 exitus
216 692 293 780 ipse
315 690 546 779 comprobavit.
569 691 705 770 namsi,
728 699 902 779 antequam
925 691 985 762 ll²¹⁸
1007 691 1048 758 V.
1072 691 1105 758 S.
1127 691 1239 760 literas
1262 693 1326 760 illis
1349 695 1421 762 red·

88 795 241 878 didimus,
267 803 375 862 tantas
396 794 602 862 difficultates
625 796 750 882 experti
770 815 881 862 sumus
897 804 1035 882 quantos
1051 797 1182 864 iamiam
1196 797 1339 864 breviter
1352 822 1423 887 per·

85 897 283 980 scribemus,
313 899 393 988 quid
413 900 556 969 futurum
577 899 699 983 fuisset,
734 901 762 964 si
782 899 844 964 Me.
867 899 907 966 V.
931 897 964 966 S.
987 898 1097 967 literas
1128 910 1204 968 ante
1232 902 1295 989 ipsi
1316 902 1419 989 perle-

82 1003 217 1088 gissent,
233 1002 388 1090 quemad
400 1002 602 1090 exquirenda
616 1002 656 1069 de
670 1001 778 1068 calicis
791 1002 999 1070 concessione
1010 1012 1137 1090 patrum
1149 1014 1226 1070 vota
1235 1004 1423 1072 veniretur?

81 1127 141 1172 nos
163 1105 257 1172 nihil
280 1106 464 1176 dubitamus
486 1128 529 1172 ue
542 1105 605 1172 hoc
620 1105 752 1193 quidem
766 1104 933 1172 decretum
947 1106 1035 1194 quod
1049 1129 1137 1174 nunc
1152 1108 1307 1174 mittimus
1322 1109 1422 1197 quod-

81 1232 143 1295 que
166 1209 272 1276 nobis
288 1233 354 1276 non
370 1209 543 1276 admodum
557 1210 675 1297 placet,
698 1217 952 1297 consequuturos
976 1233 1041 1275 non
1066 1209 1173 1277 fiiisse.
1197 1209 1422 1279 difficultatum

79 1323 191 1380 autem
217 1337 289 1383 non
310 1315 475 1380 minimam
498 1333 632 1380 oausam
646 1313 835 1400 praebuisse
858 1314 1053 1380 arbitramur
1076 1313 1165 1402 quod
1178 1314 1244 1380 Me.
1260 1315 1299 1381 V.
1316 1315 1349 1381 S.
1366 1341 1421 1382 ex-

10 1406 18 1496 ξ
78 1418 230 1504 emplum
263 1417 393 1484 illamm
419 1417 585 1484 literarum
606 1416 788 1484 oratoribus
815 1417 905 1506 apud
926 1418 1003 1484 Μ’ιιι
1024 1417 1065 1484 V.
1090 1416 1122 1484 S.
1146 1427 1179 1482 et
1200 1417 1279 1485 alibi
1300 1416 1420 1506 degen-

77 1521 165 1588 tibus
193 1525 495 1606 communicaverit,
530 1522 619 1610 quod
641 1531 728 1590 certe
749 1543 814 1590 non
836 1524 949 1609 paucis
976 1524 1137 1610 episcopis
1159 1524 1223 1588 iam
1242 1524 1419 1588 innotuisse

78 1625 390 1711 animadvertimus,
414 1628 471 1714 qui
492 1628 525 1692 in
548 1628 614 1692 suis
636 1626 803 1695 sententiis
825 1625 888 1692 hoc
909 1648 975 1692 non
992 1625 1129 1692 obscura
1145 1623 1378 1712 significabant.

184 1729 321 1813 Quodsi
344 1751 456 1796 omnes
478 1739 586 1816 patres
609 1765 650 1778 -·
671 1737 708 1794 ut
737 1749 778 1794 ne
807 1727 870 1796 boc
892 1728 1022 1817 quidem
1045 1728 1212 1796 decrourm
1240 1727 1419 1796 accucilio
1456 1737 1458 1744 “

76 1834 246 1920 consequi
267 1855 435 1920 possemus
459 1830 523 1920 [ε
537 1831 696 1900 Bucholtz
719 1833 750 1916 9,
772 1829 967 1919 698-699].

182 1937 257 2002 Hic
277 1936 358 2002 nihil
380 1936 517 2004 dicimus
539 1936 579 2002 de
601 1937 679 2024 ipsis
701 1936 767 2002 R¹²¹¹
785 1936 828 2002 D.
843 1937 969 2024 legatis,
992 1936 1077 2002 inter
1091 1957 1172 2023 ques
1193 1944 1268 2000 sunt
1281 1934 1417 2002 fortasse

76 2039 236 2108 nonnulli
258 2041 316 2128 qni
336 2063 401 2110 non
423 2042 529 2108 minus
552 2063 649 2127 quam
670 2039 717 2106 illi
740 2040 782 2106 de
799 2039 916 2129 quibus
932 2040 1072 2106 diximus
1084 2039 1238 2128 episcopi,
1261 2038 1413 2104 reforma·

76 2145 207 2210 tionem
231 2143 450 2212 reformidant
480 2143 538 2210 sed
559 2142 642 2210 baec
663 2151 696 2211 et
717 2145 782 2212 alia
803 2146 901 2212 etiam
922 2147 990 2212 eius
1005 2144 1134 2233 generis
1151 2141 1318 2230 complura
1333 2163 1418 2231 quae

6 2329 7 2332 Ἴ
75 2249 108 2314 in
130 2249 230 2316 banc
251 2267 311 2316 nos
332 2257 472 2316 mentem
493 2247 698 2336 impulerunt,
721 2248 882 2316 credimus
903 2248 955 2316 Mt
974 2248 1015 2315 V.
1032 2246 1064 2314 S.
1081 2269 1102 2312 a
1115 2247 1158 2314 D.
1180 2246 1338 2332 Prageusi
1352 2247 1420 2312 iam

5 2343 7 2448 l
76 2353 159 2418 satis
187 2353 357 2442 explicata
379 2375 459 2434 esse,
483 2375 567 2442 qnae
582 2355 690 2419 omnia
704 2353 821 2420 um...
840 2353 882 2420 V.
898 2351 931 2420 S.
954 2353 988 2418 in
1010 2353 1167 2439 optimam
1186 2359 1311 2437 partem
1334 2350 1418 2416 acci-

5 2453 7 2482 ³
74 2478 156 2542 pere
168 2457 329 2544 dignetur
338 2455 505 2524 humilima
520 2455 750 2546 supplicemus.
765 2478 820 2523 eas
834 2455 945 2526 literas
959 2454 1021 2520 Me.
1038 2454 1078 2520 V.
1092 2453 1124 2520 S.
1141 2457 1221 2542 ipsis
1235 2454 1306 2519 ΒΜ·
1317 2453 1359 2518 D.
1373 2451 1418 2520 le·

5 2623 7 2630 ,
75 2563 163 2644 gatis
176 2583 249 2628 non
263 2565 333 2628 sina
348 2560 518 2630 commoda
532 2563 742 2628 excusatione
759 2581 797 2626 eo
811 2561 883 2648 ipso
899 2559 961 2644 die,
983 2558 1046 2626 boc
1061 2567 1111 2624 est
1124 2559 1163 2624 11
1179 2559 1274 2624 buius
1285 2559 1415 2643 mensis,

78 2687 144 2750 quo
175 2666 224 2734 de
245 2665 305 2732 Mu
324 2666 365 2733 V.
388 2664 422 2734 S.
444 2663 612 2734 voluntate
635 2665 790 2732 certiores
812 2665 890 2732 facti
912 2687 1033 2748 sumus,
1069 2662 1270 2730 reddidimus
1298 2671 1330 2728 et
1350 2685 1418 2730 non

75 2766 213 2836 levibus
229 2771 420 2839 coniecturis
434 2768 659 2845 intelleximus.
682 2770 710 2834 si
725 2790 780 2834 eas
795 2777 891 2837 autes
906 2767 1166 2850 reddidissemus,
1189 2765 1269 2832 illud
1284 2768 1414 2834 omnino

77 2874 169 2959 quod
195 2873 422 2940 divinabamus
444 2874 588 2940 inunum
609 2874 718 2940 fuisse.
740 2896 817 2939 nam
839 2874 899 2939 etsi
920 2895 986 2938 non
1010 2872 1194 2938 dubitamus
1217 2892 1272 2936 eos
1287 2869 1415 2936 illarum

78 2973 253 3043 literarum
275 2976 461 3066 exemplum
493 2986 526 3044 et
546 2999 567 3042 a
586 2977 650 3043 R⁸⁰
672 2976 714 3043 D.
737 2977 900 3044 Pharense
931 2986 964 3043 et
988 2977 1091 3042 Roma
1120 2977 1217 3040 etiam
1239 2974 1414 3063 accepisse,

78 3087 195 3146 tamen
216 3080 389 3169 plurimum
411 3080 574 3148 referebat
596 3103 651 3148 eas
674 3103 695 3146 a
715 3079 809 3147 nobis
832 3077 1013 3146 oratoribus
1035 3077 1197 3146 exhibitas
1219 3100 1285 3144 non
1306 3077 1414 3145 fuisse.

77 3183 121 3248 sd
151 3207 213 3250 eas
236 3183 298 3250 Mu.
323 3183 362 3250 V.
385 3183 417 3252 S.
439 3183 559 3271 literas,
591 3186 825 3272 cumprimum
852 3207 911 3272 per
934 3184 1163 3272 occupationes
1185 3192 1345 3272 potenmt,
1367 3207 1415 3250 re·

78 3286 302 3372 spondebant

186 3391 259 3458 Iam
281 3390 368 3478 quod
395 3390 439 3456 ad
460 3389 570 3458 calicis
591 3392 757 3478 negotium
784 3427 817 3438 -
842 3412 908 3456 non
935 3388 1138 3456 incommode
1168 3390 1289 3456 avitare
1317 3411 1414 3476 posse

78 3494 214 3562 videtur
230 3492 287 3583 [=
302 3494 470 3580 Euchaita,
486 3496 517 3575 9,
531 3497 611 3580 6993
634 3479 813 3562 Schelhorn
828 3495 977 3560 amoenit
995 3494 1024 3577 2,
1037 3493 1115 3579 5593
1130 3493 1180 3559 Le
1190 3493 1263 3559 Plat
1278 3499 1307 3578 5,
1325 3491 1411 3582 5031.

187 3599 283 3682 Quae
311 3608 420 3664 autem
450 3596 482 3664 S.
506 3596 556 3664 S*
590 3599 633 3664 ad
660 3598 747 3664 banc
781 3601 1022 3665 concessionem
1050 3635 1091 3646 -
1113 3599 1255 3664 maxime
1281 3605 1414 3685 propter

78 3705 220 3768 omissas
242 3699 442 3768 conditiones
467 3699 525 3790 [=
548 3699 728 3769 Schelhorn
749 3701 842 3786 ibid.;
864 3700 913 3767 Le
935 3701 1009 3766 Plat
1029 3698 1131 3789 ibid.].

188 3803 352 3887 Quoniam
372 3827 452 3874 vero
473 3806 541 3872 M*
564 3806 606 3896 V.
629 3803 662 3872 S.
684 3805 819 3872 mandat
840 3805 875 3872 in
896 3804 998 3872 literis
1012 3806 1054 3872 26
1069 3805 1149 3872 Julii
1165 3803 1248 3872 datis
1263 3815 1308 3888 ut,
1331 3828 1411 3893 quo·

81 3909 180 3975 modo
204 3907 292 3974 Galli
320 3909 522 3996 aliorumque
542 3917 766 3996 potentatuum
790 3917 935 3976 oratores
951 3931 1041 3993 erga
1062 3909 1321 3975 reformationem
1350 3909 1416 3975 sint

82 4013 203 4096 affecti,
233 4012 370 4078 eandem
392 4013 560 4078 certiorem
581 4013 771 4095 faceremus,
801 4035 860 4086 nos
888 4033 954 4078 uno
977 4011 1030 4078 die
1053 4021 1128 4078 ante
1150 4013 1303 4079 sessionis
1326 4011 1411 4080 diem

82 4117 211 4204 egimus
234 4137 308 4182 cum
330 4113 433 4200 cord,
462 4137 536 4182 cum
557 4113 764 4202 Portugaliae
785 4137 900 4203 regum
919 4124 954 4182 'et
975 4113 1198 4182 Helvetiorum
1222 4115 1411 4198 oratoribus,

85 4242 159 4287 oum
182 4230 298 4308 agente
320 4217 388 4284 Ill⁰¹
408 4218 603 4286 marchionis
625 4220 798 4303 Piscariae,
827 4230 864 4286 ut
884 4230 959 4308 post
982 4222 1157 4286 sessionem
1180 4222 1287 4286 statim
1313 4220 1412 4288 refor-

83 4326 258 4391 mationem
280 4326 471 4390 unanimiter
492 4346 690 4410 urgeremus.
722 4323 811 4391 Galli
839 4323 918 4390 nihil
948 4328 1062 4411 optant
1091 4324 1205 4411 magis,
1233 4323 1288 4388 alii
1315 4326 1410 4390 nimis

83 4427 201 4516 frigide
227 4451 296 4495 rem
324 4436 477 4511 tractant,
510 4427 709 4494 Venetorum
739 4439 772 4494 et
793 4426 979 4494 Florentiae
1006 4427 1098 4493 ducis
1121 4437 1263 4494 oratores
1296 4427 1347 4492 his
1370 4427 1411 4494 de

83 4531 181 4598 rebus
209 4555 274 4598 non
297 4540 371 4597 sunt
393 4530 530 4598 solliciti.
566 4541 663 4619 atque
684 4532 802 4599 Veneti
825 4531 955 4620 quidem
978 4540 1121 4597 oratores
1143 4532 1252 4598 vocati
1279 4554 1411 4620 respon·

85 4634 199 4702 derunt
214 4657 250 4701 ss
265 4634 343 4724 quid
357 4634 465 4702 facere
479 4635 514 4700 in
528 4635 763 4703 reformationis
778 4636 914 4721 negocio
931 4634 1079 4719 debeant,
1102 4634 1244 4700 nondum
1259 4658 1279 4699 a
1294 4644 1408 4702 senatu

84 4739 215 4805 edoctos
237 4761 318 4821 esse,
342 4747 515 4826 expectare
537 4747 643 4806 minen
666 4761 706 4805 ea
728 4739 768 4805 de
789 4762 825 4805 re
846 4738 964 4804 literas.
986 4737 1170 4804 Florentiae
1186 4738 1277 4804 ducis
1299 4749 1406 4807 orator

85 4851 216 4929 propter
236 4841 484 4929 praecedentiae
506 4844 759 4910 controversiam
782 4865 866 4930 quae
887 4839 934 4907 illi
956 4851 1102 4908 osteum
1123 4839 1284 4926 Helvetio,
1318 4865 1411 4910 suam

86 4945 265 5012 absentiam
286 4946 464 5012 excusavit.
497 4968 597 5032 agens
620 4944 689 5012 ΙΙΙΙΙιι
710 4945 940 5012 samsones
969 4947 1121 5033 privatim
1143 4968 1179 5010 se
1211 4969 1284 5012 cum
1307 4949 1409 5014 cardi·

6 5066 23 5077 ’·
86 5048 210 5117 nulibus
232 5071 273 5119 ca
293 5048 334 5116 de
347 5070 384 5114 re
399 5071 496 5138 agere
511 5047 608 5117 malle
628 5048 806 5137 respondit,
831 5071 928 5140 quam
950 5049 1310 5120 coniunctenobiscum.
1332 5051 1409 5119 Por·
