3532 5832
1403 511 1443 574 tl

112 718 300 763 secessum
332 696 377 762 ad
406 695 510 762 ullum
538 705 713 762 tractatum
743 717 850 784 neque
877 719 955 783 spes
983 699 1025 762 sit
1050 697 1123 764 illos
1155 695 1197 763 ad
1220 719 1331 764 veram
1359 701 1446 764 viam

110 799 303 884 reducendi,
337 803 398 865 nisi
428 799 491 865 illis
520 801 598 866 satis
628 809 784 866 caveatur
812 800 853 866 de
882 802 1054 868 securitate
1077 811 1109 866 et
1131 801 1218 888 quod
1241 803 1338 868 etiam
1360 804 1445 868 suffr·

108 907 227 970 denter
254 905 438 988 audiantur,
460 904 535 972 ideo
558 903 740 971 consultum
755 907 817 972 erit
830 914 867 971 ut
880 904 1034 993 deinceps
1049 905 1112 972 illis
1128 907 1168 972 de
1184 905 1441 974 salvoconductu

105 1012 151 1073 rui
174 1011 395 1098 acquiescere
417 1010 543 1096 possint
556 1009 767 1095 provideatur
781 1017 813 1074 ct
827 1009 917 1096 quod
938 1012 971 1074 in
993 1011 1032 1074 iis
1055 1032 1140 1098 quae
1162 1012 1359 1099 propositrni
1382 1013 1446 1080 sint

103 1113 308 1180 sufficienter
329 1113 506 1180 audiantur
526 1123 707 1200 agaturque
734 1135 809 1180 cum
831 1110 893 1178 illis
915 1113 1024 1178 mitius
1053 1115 1087 1178 in
1114 1115 1228 1201 spiritu
1250 1113 1392 1183 lenitatis
1414 1125 1447 1183 et

102 1215 381 1300 mansuetudinis,
411 1239 452 1284 nc
480 1215 542 1282 illis
564 1215 616 1284 vel
638 1215 701 1282 hoc
722 1215 775 1282 vel
806 1213 870 1282 alio
892 1239 1088 1304 quocunque
1110 1219 1240 1284 nomine
1263 1220 1348 1285 iusta
1370 1241 1444 1286 con·

101 1320 266 1407 querendi
290 1343 392 1386 causa
412 1319 623 1408 ralhquatur.

204 1424 313 1492 Sexto
336 1447 411 1490 cum
432 1423 583 1489 videatur
598 1422 656 1488 ΒΝ
677 1424 746 1490 eius
769 1445 808 1490 eo
831 1425 937 1490 animo
961 1447 1032 1490 esse
1055 1435 1091 1490 ut
1112 1425 1199 1508 velit,
1223 1425 1352 1492 sublata
1374 1450 1444 1494 sus·

102 1532 262 1616 pensione
285 1529 414 1596 concilii
435 1527 615 1594 Tridentini
637 1529 671 1592 in
699 1527 780 1594 duos
810 1550 913 1594 annos
940 1528 1043 1614 facta,
1076 1529 1111 1594 id
1138 1531 1244 1617 ipsum
1273 1530 1444 1596 concilium

100 1635 270 1721 prosequi,
295 1632 332 1700 Ο.
348 1632 402 1698 Μ*ί
423 1633 458 1698 in
472 1631 535 1698 hoc
557 1653 687 1718 quoque
710 1629 845 1697 articulo
867 1654 1007 1718 magnae
1029 1631 1236 1700 difficultates
1259 1643 1442 1716 occurrunt,

100 1761 161 1802 non
185 1736 328 1825 quidem
350 1757 410 1800 sna
431 1736 533 1823 ipsius
557 1756 657 1800 causa
680 1756 764 1820 quae
787 1755 847 1821 pro
869 1756 930 1800 sua
956 1745 1050 1822 parte
1078 1735 1132 1802 hic
1154 1759 1219 1802 non
1241 1739 1364 1823 cogitat
1385 1738 1442 1802 im-

99 1863 254 1926 pugnare
277 1850 334 1906 aut
354 1837 552 1904 labefactare
574 1835 659 1904 illius
683 1837 800 1924 synodi
823 1838 963 1919 decreta,
987 1838 1046 1905 sed
1067 1849 1241 1926 propterea
1263 1839 1351 1928 quod
1373 1839 1443 1906 ΜΝ

99 1941 128 2007 S.
151 1967 228 2008 non
250 1942 402 2030 intelligit
423 1941 585 2030 quomodo
609 1963 649 2006 ea
664 1942 861 2008 continuatio
877 1965 936 2008 seu
949 1944 1133 2029 prosecutio
1148 1942 1218 2008 fieri
1234 1953 1342 2030 queat
1366 1965 1442 2008 nam

99 2047 236 2112 ridetur
258 2045 389 2112 obstare
411 2045 500 2133 quod
521 2047 543 2110 ii
566 2047 621 2134 qui
637 2044 786 2112 diversae
807 2045 972 2132 religionis
994 2057 1078 2130 snut,
1100 2048 1259 2114 rationem
1274 2045 1441 2114 doctrinae

98 2175 176 2217 suae
203 2149 324 2238 procul
346 2148 446 2216 dubio
467 2157 534 2214 tam
556 2171 654 2236 super
675 2150 715 2214 iis
737 2147 880 2215 articulis
903 2151 959 2236 qui
974 2150 1039 2216 iam
1054 2151 1088 2216 in
1103 2149 1190 2218 dicto
1207 2150 1344 2217 concilio
1358 2159 1442 2218 trac·

97 2258 154 2320 tati
180 2264 276 2338 sunt,
299 2276 396 2341 quam
419 2275 518 2340 super
538 2251 610 2317 aliis
625 2252 764 2319 reddere
779 2275 819 2320 ac
834 2252 1031 2320 sufficienter
1045 2253 1186 2341 desuper
1201 2253 1306 2322 audiri
1320 2253 1440 2321 volent

97 2361 203 2426 immo
228 2368 263 2424 et
284 2355 327 2422 S‘¹
353 2355 387 2422 S.
411 2355 524 2424 sedulo
545 2355 684 2422 fortasse
707 2355 855 2424 cavenda
877 2358 939 2424 erit
953 2357 1129 2446 disputatio
1149 2379 1223 2424 cum
1246 2358 1442 2446 quibusdam

95 2461 308 2551 principibus
330 2459 497 2528 catholicis
520 2463 575 2548 qui
597 2461 829 2547 protestatione
851 2463 1041 2549 interposita
1056 2484 1129 2528 eam
1148 2462 1309 2548 synodum
1330 2461 1439 2528 nolue-

98 2577 177 2632 rmrt
202 2589 266 2653 pro
288 2563 424 2632 concilio
447 2586 634 2651 agnoscere,
662 2564 722 2631 sed
751 2587 822 2630 eam
851 2565 1013 2632 duntaxat
1033 2589 1093 2653 pro
1116 2575 1279 2632 conventu
1300 2567 1441 2654 particu-

100 2670 161 2736 lari
185 2669 384 2746 habuerunt,
407 2670 441 2734 in
464 2690 527 2756 quo
550 2670 648 2736 etiam
662 2668 829 2756 plaerique
844 2670 1007 2757 principes
1022 2691 1155 2757 prorsus
1169 2692 1235 2736 non
1251 2691 1439 2756 comparue-

99 2787 190 2857 runt,
219 2797 295 2840 cum
317 2774 455 2840 fortasse
477 2794 542 2839 non
564 2774 629 2838 sint
651 2771 792 2838 defuturi
815 2773 870 2858 qui
884 2771 993 2844 ‚velint
1020 2774 1233 2860 praetendere
1261 2795 1440 2860 paucorum

99 2879 234 2945 illorum
252 2879 305 2964 qui
320 2875 492 2942 adfuerunt
505 2877 723 2962 praesentiam
738 2873 941 2942 universitati
962 2875 1188 2962 praeiudicare
1203 2899 1269 2942 non
1284 2877 1438 2963 potuisse.

100 2983 190 3048 ultra
210 2981 295 3047 haec
315 2980 386 3045 ΜΝ
408 2982 478 3046 eins
500 2977 537 3045 O.
559 2994 625 3044 non
646 2977 796 3064 intelligit
818 2978 980 3064 quomodo
1003 2977 1075 3044 S⁰¹²¹
1102 2978 1145 3043 D.
1167 2979 1208 3044 N.
1230 2982 1333 3066 possit
1355 3002 1440 3067 com·

100 3086 200 3152 mode
222 3086 376 3173 prosequi
398 3081 619 3170 soepedictum
634 3080 805 3147 concilium
827 3091 860 3148 et
881 3103 1034 3148 amovere
1057 3084 1302 3169 suspensionem
1317 3084 1438 3150 factam
1524 3097 1532 3114 “

101 3213 120 3252 a
142 3189 201 3255 Sl·
227 3187 260 3254 S.
289 3186 540 3276 praedecessore
566 3185 670 3252 felicis
695 3183 931 3258 recordationis
953 3183 1041 3252 Julio
1063 3185 1130 3270 III,
1165 3209 1240 3252 cum
1270 3190 1439 3277 suspensio

100 3292 158 3358 illa
180 3293 269 3358 facta
291 3294 333 3357 sit
353 3300 479 3358 tantum
501 3288 545 3355 ad
567 3288 649 3356 duos
671 3310 783 3370 annos,
808 3311 882 3354 cum
903 3297 1014 3356 tamen
1033 3290 1099 3356 iam
1114 3299 1187 3356 octo
1203 3290 1322 3356 fuerint
1336 3290 1439 3379 elapsi

100 3419 167 3462 nec
187 3397 313 3462 interea
327 3394 427 3460 ullam
441 3393 621 3480 longiorem
636 3393 882 3480 suspensionem
896 3391 950 3459 vel
964 3417 984 3458 a
998 3391 1177 3479 praelibato
1194 3394 1270 3461 divo
1286 3394 1374 3462 Julio
1388 3394 1441 3459 III

99 3499 158 3564 rel
180 3522 201 3563 a
223 3497 324 3564 Paulo
346 3499 397 3564 IV
418 3497 537 3563 factam
561 3496 661 3562 fuisse
684 3504 818 3562 constet.
842 3519 906 3584 quo
929 3507 961 3562 et
983 3495 1063 3562 illud
1086 3496 1213 3564 accedit
1236 3496 1279 3564 Sa
1295 3495 1327 3564 S.
1343 3497 1440 3584 longe

98 3605 277 3690 gloriosius
299 3624 372 3670 esse
393 3601 536 3668 futurum
559 3611 595 3665 ut
624 3587 706 3666 haec
734 3601 834 3682 actio,
869 3622 953 3687 quae
979 3623 1039 3688 per
1060 3623 1095 3666 se
1124 3602 1266 3668 omnium
1293 3602 1439 3688 piissima

100 3717 155 3772 est
175 3717 210 3773 st
231 3705 275 3773 ad
296 3728 395 3772 verae
416 3704 545 3792 pietatis
568 3703 835 3769 restaurationem
863 3701 996 3780 directa,
1025 3712 1095 3770 tota
1121 3706 1167 3770 'sit
1187 3704 1236 3769 Pii
1265 3704 1435 3792 pontificis,
1543 3777 1555 3810 ι

101 3835 203 3899 quam
226 3809 316 3899 quod
337 3806 515 3897 quidquam
538 3805 663 3872 alienae
684 3805 791 3872 laudis
814 3808 844 3872 ei
866 3809 1123 3874 commisceatur.

205 3914 279 3980 Etsi
300 3921 410 3978 autem
432 3909 539 3978 S¹⁸⁸
511 3932 581 3978 erus
611 3909 658 3992 (id
680 3909 769 3998 quod
795 3909 1029 3977 ardentissimis
1053 3913 1196 3978 omnium
1217 3910 1337 3978 Christi
1359 3911 1436 3978 fide·
1506 3959 1522 3992 .

100 4018 179 4083 lium
202 4018 288 4083 votis
315 4015 534 4103 expetendum
564 4013 647 4100 erat)
677 4015 874 4080 oecumenici
903 4014 1031 4080 concilii
1059 4015 1323 4082 convocationem
1353 4013 1437 4080 ultro

100 4133 238 4209 paterne
261 4120 383 4202 offerat,
411 4139 473 4186 nec
495 4115 629 4184 dubium
653 4119 694 4182 sit
715 4115 782 4182 8ωιῃ
805 4113 890 4184 illius
912 4119 1133 4184 necessarium
1155 4117 1218 4184 hoc
1241 4139 1333 4204 opus,
1363 4117 1437 4183 sub·

100 4225 174 4290 latis
198 4220 443 4290 difficultatibus
465 4223 530 4288 iam
551 4222 747 4304 memoratis,
775 4222 879 4308 primo
902 4242 1032 4310 quoqne
1053 4232 1199 4310 tempore
1222 4220 1265 4287 ad
1287 4221 1436 4288 effectum

101 4329 343 4416 perducturam,
379 4328 456 4414 quia
487 4336 607 4408 tamen,
634 4326 682 4391 uti
704 4326 770 4392 iam
799 4323 1054 4392 demonstratum
1082 4334 1141 4408 est,
1174 4323 1277 4390 multa
1299 4324 1437 4404 subsunt

101 4455 185 4518 quae
216 4439 364 4496 sanctum
385 4428 473 4494 hunc
493 4427 548 4494 8²¹¹
569 4427 603 4495 S.
632 4437 784 4494 conatum
812 4436 845 4494 et
871 4429 1027 4494 remorari
1056 4438 1088 4496 et
1115 4427 1272 4515 impedire
1293 4436 1435 4514 possent,

101 4557 173 4600 cum
195 4534 404 4600 manifestum
425 4535 468 4598 sit
489 4541 522 4598 et
543 4533 745 4618 experientia
766 4533 839 4618 ipsa
860 4531 1013 4619 loquatur
1027 4554 1127 4620 quam
1141 4530 1282 4598 difficilis
1298 4534 1340 4597 sit
1353 4533 1435 4598 ratio

101 4639 359 4720 convocationis,
389 4647 422 4704 et
449 4635 538 4726 quod
558 4635 683 4703 tardior
705 4638 803 4722 etiarn
824 4658 1031 4723 progressus,
1063 4639 1205 4704 incertus
1227 4659 1306 4703 vero
1329 4638 1435 4702 exitus

99 4753 130 4808 et
151 4741 250 4828 longe
273 4741 405 4808 tandem
425 4740 638 4828 periculosior
652 4741 838 4830 exequutio,
860 4741 1003 4806 maxime
1025 4763 1099 4806 cum
1119 4742 1185 4807 iam
1199 4763 1286 4806 nunc
1300 4737 1435 4804 infoelix

98 4845 162 4912 hoc
176 4847 297 4912 scisma
311 4869 376 4912 non
391 4844 499 4912 solunt
508 4844 727 4929 Germaniam,
751 4843 810 4911 sed
830 4854 863 4910 et
876 4843 1053 4932 plaeraque
1069 4844 1135 4911 alia
1155 4867 1258 4932 regna
1280 4853 1313 4910 et
1333 4844 1434 4908 natio-

99 4971 158 5015 nes
180 4947 297 5014 eadcm
319 4947 394 5015 labe
415 4948 552 5015 mestas
581 4949 793 5016 communiter
821 4956 1010 5031 concernat,
1039 4949 1085 5013 ita
1115 4971 1194 5014 sane
1216 4958 1252 5013 ut
1274 4946 1435 5012 communi

100 5051 215 5119 morbo
238 5053 401 5119 communi
416 5051 534 5119 amodo
549 5073 632 5140 opus
647 5073 720 5120 esse
733 5050 884 5118 videatur
900 5050 1063 5118 antidoto:
1085 5052 1284 5119 existimavit
1297 5048 1434 5136 proinde
