3468 5820
849 743 1076 832 CCLXIII.

571 969 650 1041 Der
679 967 811 1040 Kaisar
837 988 884 1040 an
914 967 975 1041 die
1003 964 1340 1055 Oonctloratoren3

717 1122 919 1188 Innsbrnck,
939 1123 976 1172 14
993 1121 1072 1172 Juni
1092 1123 1182 1174 1563.

800 1287 936 1340 Romanu.
969 1283 1092 1356 concept.

389 1465 546 1532 Redditus
568 1465 661 1531 nobis
677 1465 807 1530 fuerumt
821 1463 931 1531 literae
953 1474 1081 1530 vestrae
1104 1464 1198 1530 datae
1221 1463 1274 1530 die
1290 1465 1310 1530 9
1326 1465 1506 1550 praesentis
1531 1483 1631 1528 men·

289 1571 345 1636 sis.
356 1617 379 1633 ..
396 1570 605 1655 cognovimus
617 1578 724 1634 autern
735 1591 890 1656 perquam
903 1567 1051 1634 lubenter
1062 1590 1102 1634 ea
1111 1590 1194 1654 quae
1205 1567 1277 1632 ΒΜ·
1290 1566 1325 1634 0.
1344 1565 1572 1652 Lotharingus
1582 1613 1591 1629 .
1601 1611 1630 1628 ..

288 1672 381 1737 vobis
404 1671 600 1738 confidenter
637 1674 786 1758 exposuit
822 1671 865 1736 ad
900 1693 960 1736 nos
996 1669 1175 1736 scribenda.
1212 1669 1341 1734 videtur
1369 1671 1468 1752 enim,
1512 1669 1541 1733 si
1569 1667 1632 1733 Rni

292 1775 344 1839 isti
365 1774 463 1862 legati
473 1775 627 1862 pontificii
642 1775 729 1862 quod
743 1797 822 1862 prae
846 1795 880 1840 se
902 1777 1008 1840 lerunt
1021 1797 1057 1839 re
1072 1775 1145 1860 ipsa
1161 1772 1386 1861 exequendum
1403 1772 1628 1859 susceperint,
1724 1797 1725 1802 ¹

292 1877 379 1966 quod
402 1877 693 1966 praeclarissimum
716 1879 830 1943 facturi
861 1880 924 1942 sint
945 1879 1070 1943 initium
1091 1900 1198 1942 rerum
1228 1879 1262 1941 in
1292 1874 1428 1942 concilio
1455 1875 1543 1942 bene
1570 1897 1632 1962 ge·
1724 1887 1725 1936 ι

289 1981 843 2070 rendarum,nsqueeni1nparum
866 1983 1019 2048 momenti
1047 1979 1219 2046 allaturum
1242 1991 1291 2046 est
1312 1979 1355 2046 ad
1376 1979 1520 2046 debitum
1545 2002 1631 2045 con·
1724 1963 1725 1976 ¹

290 2086 355 2152 cilii
376 2107 598 2172 progressum,
629 2089 656 2151 si
678 2095 743 2152 tres
772 2087 951 2168 secretarii,
981 2085 1105 2150 etiamsi
1131 2107 1197 2150 non
1224 2085 1289 2148 sint
1315 2083 1469 2170 episcopi,
1499 2082 1629 2148 consti·

289 2197 420 2254 tuantur
449 2211 612 2281 operaque
640 2188 734 2255 detur
760 2199 797 2253 ιιι
825 2199 899 2254 ants
925 2191 1020 2253 tinem
1050 2189 1310 2274 congregationis
1337 2199 1370 2254 et
1398 2187 1627 2252 dimissionem

289 2301 417 2379 patrum
445 2294 469 2357 ii
497 2295 552 2380 qui
580 2289 731 2378 ambigue
764 2291 914 2356 dixerunt
943 2286 1073 2356 suarum
1109 2291 1338 2356 sententiarum
1367 2291 1474 2378 capita
1500 2292 1627 2356 iterum

289 2397 471 2462 summatim
493 2393 665 2484 explicent.
688 2393 803 2460 deindo
826 2393 906 2460 illud
928 2417 1056 2482 quoque
1077 2393 1170 2460 nobis
1192 2417 1387 2481 magnopere
1401 2393 1509 2482 placet
1532 2392 1625 2482 quod

289 2509 448 2564 statuetur
474 2501 571 2564 etiam
599 2499 667 2564 sine
696 2522 794 2585 opera
823 2508 855 2564 et
882 2496 1032 2564 ulteriore
1061 2498 1269 2584 requisitione
1296 2508 1416 2581 nostra,
1444 2507 1481 2562 ut
1502 2521 1624 2585 procn-
1724 2561 1725 2568 ,

288 2611 411 2668 ratores
434 2603 659 2689 episcoporum
682 2599 873 2668 Germanice
895 2603 928 2668 in
950 2602 1258 2688 congregationibus
1291 2601 1425 2687 posthac
1447 2601 1625 2668 admittan-

288 2713 342 2770 tur
364 2715 397 2770 et
416 2707 507 2771 vocis
531 2704 693 2771 decisivae
722 2714 913 2792 potestatem
935 2703 1090 2786 habeant,
1120 2713 1278 2792 quotquot
1298 2703 1345 2769 illi
1365 2703 1497 2770 tandem
1520 2705 1623 2771 futuri

290 2810 362 2873 sint.
385 2808 502 2874 deinde
524 2809 605 2874 illud
627 2809 739 2874 itidem
761 2830 959 2895 magnopere
981 2807 1156 2894 probamus
1179 2806 1267 2895 quod
1282 2807 1407 2872 dicatur
1421 2809 1530 2872 statim
1545 2817 1624 2896 post

287 2909 428 2976 futuram
458 2911 544 2977 hanc
576 2913 753 2979 sessionem
786 2913 966 2978 institutum
1000 2911 1040 2976 iri
1073 2920 1138 2976 tres
1161 2921 1288 2998 patrum
1319 2910 1545 2998 deputationes
1578 2911 1623 2976 ad

288 3013 458 3080 tractanda
481 3015 610 3081 diversa
632 3015 760 3080 concilii
782 3016 920 3100 negocia
941 3035 1000 3100 per
1021 3036 1080 3079 vos
1104 3025 1317 3098 enumeratas,
1346 3012 1564 3102 volumusque
1586 3025 1622 3080 ut

289 3118 376 3184 omni
398 3139 475 3182 cura
497 3127 529 3184 et
551 3118 657 3184 studio
679 3117 832 3185 laboretis
855 3127 888 3184 et
909 3119 1033 3183 instetis
1056 3127 1091 3182 ut
1113 3115 1295 3184 istiusmodi
1311 3117 1537 3202 deputationes
1554 3141 1620 3182 om·

288 3221 364 3286 nino
388 3219 430 3286 ad
452 3221 600 3287 effectum
622 3221 857 3308 perducantur,
886 3230 1025 3308 atquae
1048 3221 1165 3307 cuique
1188 3219 1389 3306 deputationi
1412 3222 1621 3307 assignantur

290 3345 397 3409 opera,
421 3323 533 3389 sedulo
556 3335 761 3411 peragantur.
784 3324 841 3389 ubi
863 3325 957 3390 nobis
980 3325 1013 3388 in
1036 3332 1177 3388 mentem
1197 3326 1288 3388 venit
1310 3323 1344 3386 id
1366 3320 1407 3388 dc
1430 3345 1494 3410 quo
1518 3327 1619 3390 etiam

290 3435 384 3490 antea
406 3424 529 3492 scilieet
550 3429 583 3491 in
605 3437 715 3492 nostra
737 3430 840 3514 prima
863 3427 1072 3493 instructione
1095 3427 1220 3491 advos
1242 3425 1396 3492 mandata
1419 3425 1549 3492 dedisse
1571 3451 1619 3493 re·

290 3529 474 3613 cordamnr‚
500 3530 586 3620 quod
613 3529 811 3622 reipublicae
840 3531 1032 3598 christianae
1060 3531 1199 3598 maxime
1226 3529 1395 3618 expediret
1423 3531 1456 3595 in
1479 3529 1620 3598 concilio

288 3654 354 3698 nun
375 3632 472 3698 modo
495 3632 746 3700 cathechismum
769 3643 801 3699 et
822 3633 1044 3700 homeliarium
1066 3636 1135 3702 sive
1150 3633 1296 3720 postillas
1313 3633 1481 3711 conscribi,
1504 3657 1620 3702 verum

290 3735 387 3799 etiam
419 3757 501 3821 opus
532 3736 695 3823 quoddam
728 3737 893 3803 doctrinae
917 3739 1136 3823 componi...
1175 3737 1381 3824 quamobrem
1413 3737 1562 3803 volumus
1583 3749 1620 3803 ιιι

292 3837 388 3901 etiam
409 3836 472 3904 hoc
493 3849 638 3906 noenum
660 3841 749 3925 pium
774 3839 968 3906 desiderium
990 3840 1055 3904 R“¹'
1076 3839 1191 3926 legatis
1218 3843 1405 3926 proponatis
1434 3851 1466 3906 et
1491 3850 1529 3905 nt
1562 3866 1617 3928 pa·

291 3938 394 4004 tribus
417 3963 494 4005 cura
517 3952 549 4008 et
577 3943 745 4028 provincia
773 3943 986 4030 componendi
1013 3943 1195 4009 istiusmodi
1223 3966 1340 4032 corpus
1368 3943 1534 4010 doctrinae
1562 3944 1618 4010 de·
1724 3983 1725 3986 κ

290 4042 481 4108 mandetur.
501 4091 533 4109 ..
556 4046 651 4112 enixe
675 4045 857 4112 elaboretis.

392 4145 563 4213 Praeterea
585 4148 781 4236 singularem
804 4173 932 4238 quoque
954 4151 1153 4236 voluptatem
1181 4149 1275 4214 nobis
1304 4150 1411 4216 attulit
1438 4149 1526 4238 quod
1547 4151 1617 4216 1³⁸⁸·

292 4247 327 4314 O.
349 4247 551 4336 Navagcrius
574 4251 726 4339 optimam
749 4276 839 4340 spem
860 4252 1046 4340 praebuerit
1067 4253 1194 4318 futurae
1217 4252 1452 4320 reformationis
1476 4263 1508 4320 et
1530 4255 1617 4341 qnod

292 4351 409 4418 dixerit
430 4375 589 4418 summum
611 4355 795 4441 pontificem
816 4356 900 4422 velle
922 4366 958 4421 ut
981 4357 1078 4423 etiam
1101 4356 1140 4422 de
1163 4356 1376 4422 cardinalium
1403 4367 1510 4424 aetate
1541 4381 1617 4446 qua·

289 4453 379 4520 litate
402 4465 434 4522 et
455 4460 654 4544 promotione
676 4460 710 4524 in
732 4481 822 4525 sacro
846 4461 907 4524 isto
931 4459 1066 4525 concilio
1088 4469 1211 4545 agatur.
1242 4459 1304 4525 hoo
1330 4462 1435 4546 ipsum
1461 4463 1548 4526 enim
1571 4472 1617 4528 est

291 4559 374 4622 inter
396 4558 462 4625 alia
484 4560 524 4626 de
547 4583 610 4648 quo
632 4560 686 4627 hio
709 4584 782 4627 cum
803 4562 864 4626 ΒΜ
887 4563 1023 4628 Morono
1053 4563 1197 4628 maxima
1226 4565 1429 4629 contentione
1457 4574 1489 4630 et
1512 4565 1615 4631 studio

291 4662 424 4746 egimus,
448 4663 535 4750 quod
557 4672 665 4730 tamen
687 4673 723 4730 ut
744 4665 886 4730 futurum
908 4664 1114 4752 polliceretur
1137 4674 1193 4730 aut
1215 4687 1307 4753 spem
1328 4665 1471 4754 aliquam
1486 4669 1614 4750 laceret,
1724 4685 1725 4718 ³

291 4764 332 4829 ab
356 4786 394 4830 eo
416 4765 595 4853 intelligere
617 4788 681 4832 non
704 4769 874 4854 potuimus,
902 4780 1065 4856 utcunque
1087 4769 1121 4833 in
1143 4771 1308 4855 proposito
1332 4791 1435 4856 nsque
1457 4770 1615 4836 adfinem

291 4871 614 4954 perseveraverimus,
639 4870 908 4958 quemadmodum
930 4894 989 4938 vos
1019 4892 1148 4960 quoque
1177 4871 1238 4937 hac
1260 4873 1432 4939 occasione
1455 4873 1564 4939 oblata
1585 4871 1614 4938 id

293 4970 400 5062 ipsum
424 4972 536 5040 sedulo
559 4995 674 5060 urgere
697 4972 864 5046 debebitis.
903 4985 1065 5043 caeterum
1088 4975 1175 5063 quod
1202 4973 1292 5042 bisce
1313 4975 1475 5042 nunciatis
1496 4975 1553 5044 ΙΨ
1580 4975 1613 5041 C.
