<?xml version="1.0" encoding="UTF-8"?>
<!DOCTYPE html PUBLIC "-//W3C//DTD XHTML 1.0 Transitional//EN"
    "http://www.w3.org/TR/xhtml1/DTD/xhtml1-transitional.dtd">
<html xmlns="http://www.w3.org/1999/xhtml" xml:lang="en" lang="en">
 <head>
  <title>
</title>
<meta http-equiv="Content-Type" content="text/html;charset=utf-8" />
  <meta name='ocr-system' content='tesseract 3.04.00' />
  <meta name='ocr-capabilities' content='ocr_page ocr_carea ocr_par ocr_line ocrx_word'/>
</head>
<body>
  <div class='ocr_page' id='page_1' title='image "./zurgeschichtede00unkngoog/zurgeschichtede00unkngoog_0641.png"; bbox 0 0 3512 5838; ppageno 0'>
   <div class='ocr_carea' id='block_1_1' title="bbox 377 651 1647 1424">
    <p class='ocr_par' dir='ltr' id='par_1_1' title="bbox 379 651 1644 1061">
     <span class='ocr_line' id='line_1_1' title="bbox 448 651 1642 722; baseline 0.002 -16"><span class='ocrx_word' id='word_1_1' title='bbox 448 653 574 706; x_wconf 72' lang='lat' dir='ltr'><strong>Purdae</strong></span> <span class='ocrx_word' id='word_1_2' title='bbox 593 652 703 706; x_wconf 84' lang='lat' dir='ltr'><strong>Sclrlnas</strong></span> <span class='ocrx_word' id='word_1_3' title='bbox 720 651 768 704; x_wconf 87' lang='lat' dir='ltr'><strong>des</strong></span> <span class='ocrx_word' id='word_1_4' title='bbox 786 652 895 706; x_wconf 83' lang='lat' dir='ltr'><strong>Concils</strong></span> <span class='ocrx_word' id='word_1_5' title='bbox 912 669 999 706; x_wconf 73' lang='lat' dir='ltr'><strong>waren</strong></span> <span class='ocrx_word' id='word_1_6' title='bbox 1016 653 1143 721; x_wconf 83' lang='lat' dir='ltr'><strong>dbrigens</strong></span> <span class='ocrx_word' id='word_1_7' title='bbox 1159 655 1321 722; x_wconf 82' lang='lat' dir='ltr'><strong>uacbgrade,</strong></span> <span class='ocrx_word' id='word_1_8' title='bbox 1339 671 1415 710; x_wconf 82' lang='lat' dir='ltr'><strong>arcun</strong></span> <span class='ocrx_word' id='word_1_9' title='bbox 1433 656 1504 710; x_wconf 88' lang='lat' dir='ltr'><strong>auch</strong></span> <span class='ocrx_word' id='word_1_10' title='bbox 1522 671 1573 710; x_wconf 81' lang='lat' dir='ltr'><strong>aus</strong></span> <span class='ocrx_word' id='word_1_11' title='bbox 1588 673 1642 709; x_wconf 82' lang='lat' dir='ltr'><strong>ver-</strong></span> 
     </span>
     <span class='ocr_line' id='line_1_2' title="bbox 380 738 1644 808; baseline 0.003 -18"><span class='ocrx_word' id='word_1_12' title='bbox 380 739 542 792; x_wconf 78' lang='lat' dir='ltr'><strong>schiedenen</strong></span> <span class='ocrx_word' id='word_1_13' title='bbox 559 738 696 798; x_wconf 77' lang='lat' dir='ltr'><strong>(irttuden,</strong></span> <span class='ocrx_word' id='word_1_14' title='bbox 713 738 766 791; x_wconf 76' lang='lat' dir='ltr'><strong>sest</strong></span> <span class='ocrx_word' id='word_1_15' title='bbox 783 738 835 792; x_wconf 82' lang='lat' dir='ltr'><strong>alls</strong></span> <span class='ocrx_word' id='word_1_16' title='bbox 852 739 938 790; x_wconf 71' lang='lat' dir='ltr'><strong>Reus</strong></span> <span class='ocrx_word' id='word_1_17' title='bbox 957 739 1004 792; x_wconf 87' lang='lat' dir='ltr'><strong>des</strong></span> <span class='ocrx_word' id='word_1_18' title='bbox 1022 741 1138 804; x_wconf 73' lang='lat' dir='ltr'><strong>Kabem,</strong></span> <span class='ocrx_word' id='word_1_19' title='bbox 1161 741 1231 794; x_wconf 82' lang='lat' dir='ltr'><strong>anch</strong></span> <span class='ocrx_word' id='word_1_20' title='bbox 1249 742 1293 794; x_wconf 88' lang='lat' dir='ltr'><strong>die</strong></span> <span class='ocrx_word' id='word_1_21' title='bbox 1312 742 1539 807; x_wconf 79' lang='lat' dir='ltr'><strong>(iouciloratoren,</strong></span> <span class='ocrx_word' id='word_1_22' title='bbox 1558 744 1601 794; x_wconf 86' lang='lat' dir='ltr'><strong>dis</strong></span> <span class='ocrx_word' id='word_1_23' title='bbox 1614 743 1644 808; x_wconf 87' lang='lat' dir='ltr'><strong>ja</strong></span> 
     </span>
     <span class='ocr_line' id='line_1_3' title="bbox 380 823 1643 902; baseline 0.003 -26"><span class='ocrx_word' id='word_1_24' title='bbox 380 829 449 876; x_wconf 82' lang='lat' dir='ltr'><strong>etws</strong></span> <span class='ocrx_word' id='word_1_25' title='bbox 465 826 517 876; x_wconf 87' lang='lat' dir='ltr'><strong>seit</strong></span> <span class='ocrx_word' id='word_1_26' title='bbox 534 825 595 876; x_wconf 81' lang='lat' dir='ltr'><strong>daur</strong></span> <span class='ocrx_word' id='word_1_27' title='bbox 611 823 715 902; x_wconf 78' lang='lat' dir='ltr'><strong>August</strong></span> <span class='ocrx_word' id='word_1_28' title='bbox 732 823 811 889; x_wconf 79' lang='lat' dir='ltr'><strong>(Pell.</strong></span> <span class='ocrx_word' id='word_1_29' title='bbox 828 825 891 890; x_wconf 76' lang='grc'><strong>899)</strong></span> <span class='ocrx_word' id='word_1_30' title='bbox 909 825 966 876; x_wconf 85' lang='lat' dir='ltr'><strong>aiclr</strong></span> <span class='ocrx_word' id='word_1_31' title='bbox 983 825 1058 879; x_wconf 85' lang='lat' dir='ltr'><strong>mehr</strong></span> <span class='ocrx_word' id='word_1_32' title='bbox 1075 827 1131 878; x_wconf 87' lang='lat' dir='ltr'><strong>und</strong></span> <span class='ocrx_word' id='word_1_33' title='bbox 1148 827 1223 880; x_wconf 90' lang='lat' dir='ltr'><strong>melrr</strong></span> <span class='ocrx_word' id='word_1_34' title='bbox 1240 843 1293 879; x_wconf 85' lang='lat' dir='ltr'><strong>ron</strong></span> <span class='ocrx_word' id='word_1_35' title='bbox 1309 829 1420 880; x_wconf 82' lang='lat' dir='ltr'><strong>Morene</strong></span> <span class='ocrx_word' id='word_1_36' title='bbox 1438 830 1521 880; x_wconf 88' lang='lat' dir='ltr'><strong>leiten</strong></span> <span class='ocrx_word' id='word_1_37' title='bbox 1539 829 1643 880; x_wconf 71' lang='lat' dir='ltr'><strong>neuen</strong></span> 
     </span>
     <span class='ocr_line' id='line_1_4' title="bbox 379 909 1644 978; baseline 0.003 -18"><span class='ocrx_word' id='word_1_38' title='bbox 379 909 436 961; x_wconf 84' lang='lat' dir='ltr'><strong>Nur</strong></span> <span class='ocrx_word' id='word_1_39' title='bbox 457 909 501 960; x_wconf 79' lang='lat' dir='ltr'><strong>Fr.</strong></span> <span class='ocrx_word' id='word_1_40' title='bbox 520 909 555 960; x_wconf 90' lang='lat' dir='ltr'><strong>de</strong></span> <span class='ocrx_word' id='word_1_41' title='bbox 572 909 696 960; x_wconf 74' lang='lat' dir='ltr'><strong>cordon</strong></span> <span class='ocrx_word' id='word_1_42' title='bbox 712 915 812 962; x_wconf 76' lang='lat' dir='ltr'><strong>warnis</strong></span> <span class='ocrx_word' id='word_1_43' title='bbox 829 925 879 960; x_wconf 83' lang='lat' dir='ltr'><strong>vor</strong></span> <span class='ocrx_word' id='word_1_44' title='bbox 896 911 1077 978; x_wconf 86' lang='lat' dir='ltr'><strong>Uebereilung</strong></span> <span class='ocrx_word' id='word_1_45' title='bbox 1104 912 1160 964; x_wconf 88' lang='lat' dir='ltr'><strong>und</strong></span> <span class='ocrx_word' id='word_1_46' title='bbox 1186 914 1354 966; x_wconf 84' lang='lat' dir='ltr'><strong>tiberreicbte</strong></span> <span class='ocrx_word' id='word_1_47' title='bbox 1377 919 1455 966; x_wconf 84' lang='lat' dir='ltr'><strong>anter</strong></span> <span class='ocrx_word' id='word_1_48' title='bbox 1481 915 1584 966; x_wconf 85' lang='lat' dir='ltr'><strong>anderu</strong></span> <span class='ocrx_word' id='word_1_49' title='bbox 1609 916 1644 964; x_wconf 92' lang='lat' dir='ltr'><strong>iru</strong></span> 
     </span>
     <span class='ocr_line' id='line_1_5' title="bbox 379 993 837 1061; baseline -0.004 -15"><span class='ocrx_word' id='word_1_50' title='bbox 379 995 497 1046; x_wconf 83' lang='lat' dir='ltr'><strong>October</strong></span> <span class='ocrx_word' id='word_1_51' title='bbox 513 993 637 1061; x_wconf 82' lang='lat' dir='ltr'><strong>folgende</strong></span> <span class='ocrx_word' id='word_1_52' title='bbox 654 997 720 1046; x_wconf 76' lang='lat' dir='ltr'><strong>sirei</strong></span> <span class='ocrx_word' id='word_1_53' title='bbox 737 996 837 1046; x_wconf 79' lang='lat' dir='ltr'><strong>Noton:</strong></span> 
     </span>
    </p>

    <p class='ocr_par' dir='ltr' id='par_1_2' title="bbox 377 1097 1647 1424">
     <span class='ocr_line' id='line_1_6' title="bbox 447 1097 1646 1168; baseline 0.003 -19"><span class='ocrx_word' id='word_1_54' title='bbox 447 1097 647 1164; x_wconf 79' lang='lat' dir='ltr'><strong>Religiosisslmi</strong></span> <span class='ocrx_word' id='word_1_55' title='bbox 664 1099 796 1164; x_wconf 88' lang='lat' dir='ltr'><strong>principes</strong></span> <span class='ocrx_word' id='word_1_56' title='bbox 814 1099 858 1164; x_wconf 90' lang='lat' dir='ltr'><strong>qui</strong></span> <span class='ocrx_word' id='word_1_57' title='bbox 876 1099 1034 1152; x_wconf 81' lang='lat' dir='ltr'><strong>unanimiter</strong></span> <span class='ocrx_word' id='word_1_58' title='bbox 1051 1107 1079 1151; x_wconf 87' lang='lat' dir='ltr'><strong>et</strong></span> <span class='ocrx_word' id='word_1_59' title='bbox 1096 1099 1201 1152; x_wconf 84' lang='lat' dir='ltr'><strong>solicite</strong></span> <span class='ocrx_word' id='word_1_60' title='bbox 1223 1101 1361 1167; x_wconf 84' lang='lat' dir='ltr'><strong>bucusque</strong></span> <span class='ocrx_word' id='word_1_61' title='bbox 1383 1117 1491 1168; x_wconf 87' lang='lat' dir='ltr'><strong>operam</strong></span> <span class='ocrx_word' id='word_1_62' title='bbox 1514 1103 1646 1156; x_wconf 87' lang='lat' dir='ltr'><strong>dederunt</strong></span> 
     </span>
     <span class='ocr_line' id='line_1_7' title="bbox 379 1182 1647 1252; baseline 0.004 -18"><span class='ocrx_word' id='word_1_63' title='bbox 379 1182 414 1234; x_wconf 85' lang='lat' dir='ltr'><strong>ad</strong></span> <span class='ocrx_word' id='word_1_64' title='bbox 430 1183 622 1235; x_wconf 83' lang='lat' dir='ltr'><strong>refonnaudam</strong></span> <span class='ocrx_word' id='word_1_65' title='bbox 641 1185 782 1234; x_wconf 88' lang='lat' dir='ltr'><strong>ecclesiam</strong></span> <span class='ocrx_word' id='word_1_66' title='bbox 801 1186 828 1234; x_wconf 94' lang='lat' dir='ltr'><strong>in</strong></span> <span class='ocrx_word' id='word_1_67' title='bbox 845 1183 923 1235; x_wconf 87' lang='lat' dir='ltr'><strong>tinem</strong></span> <span class='ocrx_word' id='word_1_68' title='bbox 940 1199 1025 1251; x_wconf 86' lang='lat' dir='ltr'><strong>usque</strong></span> <span class='ocrx_word' id='word_1_69' title='bbox 1044 1185 1150 1236; x_wconf 90' lang='lat' dir='ltr'><strong>concilii</strong></span> <span class='ocrx_word' id='word_1_70' title='bbox 1167 1187 1203 1237; x_wconf 86' lang='lat' dir='ltr'><strong>ab</strong></span> <span class='ocrx_word' id='word_1_71' title='bbox 1221 1186 1273 1238; x_wconf 83' lang='lat' dir='ltr'><strong>bae</strong></span> <span class='ocrx_word' id='word_1_72' title='bbox 1292 1201 1357 1238; x_wconf 84' lang='lat' dir='ltr'><strong>cura</strong></span> <span class='ocrx_word' id='word_1_73' title='bbox 1380 1203 1434 1240; x_wconf 81' lang='lat' dir='ltr'><strong>non</strong></span> <span class='ocrx_word' id='word_1_74' title='bbox 1456 1187 1598 1252; x_wconf 80' lang='lat' dir='ltr'><strong>desistant,</strong></span> <span class='ocrx_word' id='word_1_75' title='bbox 1621 1195 1647 1239; x_wconf 87' lang='lat' dir='ltr'><strong>et</strong></span> 
     </span>
     <span class='ocr_line' id='line_1_8' title="bbox 377 1269 1645 1340; baseline 0.002 -19"><span class='ocrx_word' id='word_1_76' title='bbox 377 1269 469 1336; x_wconf 90' lang='lat' dir='ltr'><strong>procul</strong></span> <span class='ocrx_word' id='word_1_77' title='bbox 487 1269 568 1320; x_wconf 91' lang='lat' dir='ltr'><strong>dubio</strong></span> <span class='ocrx_word' id='word_1_78' title='bbox 585 1271 608 1319; x_wconf 87' lang='lat' dir='ltr'><strong>si</strong></span> <span class='ocrx_word' id='word_1_79' title='bbox 625 1271 860 1334; x_wconf 84' lang='lat' dir='ltr'><strong>perseveraverint,</strong></span> <span class='ocrx_word' id='word_1_80' title='bbox 879 1271 1010 1322; x_wconf 87' lang='lat' dir='ltr'><strong>ecclesiae</strong></span> <span class='ocrx_word' id='word_1_81' title='bbox 1029 1270 1241 1322; x_wconf 74' lang='lat' dir='ltr'><strong>reformationem</strong></span> <span class='ocrx_word' id='word_1_82' title='bbox 1259 1273 1429 1334; x_wconf 83' lang='lat' dir='ltr'><strong>obtinebunt;</strong></span> <span class='ocrx_word' id='word_1_83' title='bbox 1452 1275 1476 1324; x_wconf 88' lang='lat' dir='ltr'><strong>si</strong></span> <span class='ocrx_word' id='word_1_84' title='bbox 1492 1290 1557 1326; x_wconf 79' lang='lat' dir='ltr'><strong>vero</strong></span> <span class='ocrx_word' id='word_1_85' title='bbox 1576 1275 1645 1340; x_wconf 89' lang='lat' dir='ltr'><strong>prin·</strong></span> 
     </span>
     <span class='ocr_line' id='line_1_9' title="bbox 377 1355 1645 1424; baseline 0.002 -18"><span class='ocrx_word' id='word_1_86' title='bbox 377 1357 449 1421; x_wconf 87' lang='lat' dir='ltr'><strong>cipes</strong></span> <span class='ocrx_word' id='word_1_87' title='bbox 476 1357 503 1406; x_wconf 90' lang='lat' dir='ltr'><strong>in</strong></span> <span class='ocrx_word' id='word_1_88' title='bbox 521 1355 572 1407; x_wconf 82' lang='lat' dir='ltr'><strong>hac</strong></span> <span class='ocrx_word' id='word_1_89' title='bbox 590 1357 721 1406; x_wconf 86' lang='lat' dir='ltr'><strong>sententis</strong></span> <span class='ocrx_word' id='word_1_90' title='bbox 749 1356 843 1406; x_wconf 83' lang='lat' dir='ltr'><strong>nolunt</strong></span> <span class='ocrx_word' id='word_1_91' title='bbox 870 1362 1009 1420; x_wconf 82' lang='lat' dir='ltr'><strong>constare,</strong></span> <span class='ocrx_word' id='word_1_92' title='bbox 1038 1371 1092 1408; x_wconf 89' lang='lat' dir='ltr'><strong>non</strong></span> <span class='ocrx_word' id='word_1_93' title='bbox 1118 1358 1204 1408; x_wconf 85' lang='lat' dir='ltr'><strong>solum</strong></span> <span class='ocrx_word' id='word_1_94' title='bbox 1223 1359 1355 1410; x_wconf 87' lang='lat' dir='ltr'><strong>ecclesiae</strong></span> <span class='ocrx_word' id='word_1_95' title='bbox 1376 1375 1430 1424; x_wconf 80' lang='lat' dir='ltr'><strong>pax</strong></span> <span class='ocrx_word' id='word_1_96' title='bbox 1454 1376 1506 1412; x_wconf 87' lang='lat' dir='ltr'><strong>non</strong></span> <span class='ocrx_word' id='word_1_97' title='bbox 1531 1375 1645 1424; x_wconf 86' lang='lat' dir='ltr'><strong>recupe-</strong></span> 
     </span>
    </p>
   </div>
   <div class='ocr_carea' id='block_1_2' title="bbox 374 1441 1643 1592">
    <p class='ocr_par' dir='ltr' id='par_1_3' title="bbox 374 1441 1643 1592">
     <span class='ocr_line' id='line_1_10' title="bbox 374 1441 1643 1508; baseline 0.002 -16"><span class='ocrx_word' id='word_1_98' title='bbox 374 1442 483 1506; x_wconf 88' lang='lat' dir='ltr'><strong>rabitur,</strong></span> <span class='ocrx_word' id='word_1_99' title='bbox 500 1441 547 1492; x_wconf 87' lang='lat' dir='ltr'><strong>sed</strong></span> <span class='ocrx_word' id='word_1_100' title='bbox 564 1443 652 1507; x_wconf 86' lang='lat' dir='ltr'><strong>potius</strong></span> <span class='ocrx_word' id='word_1_101' title='bbox 670 1447 725 1492; x_wconf 87' lang='lat' dir='ltr'><strong>tam</strong></span> <span class='ocrx_word' id='word_1_102' title='bbox 748 1441 875 1492; x_wconf 71' lang='lat' dir='ltr'><strong>catholici</strong></span> <span class='ocrx_word' id='word_1_103' title='bbox 898 1455 977 1508; x_wconf 86' lang='lat' dir='ltr'><strong>qnam</strong></span> <span class='ocrx_word' id='word_1_104' title='bbox 995 1443 1123 1493; x_wconf 85' lang='lat' dir='ltr'><strong>baeretici</strong></span> <span class='ocrx_word' id='word_1_105' title='bbox 1140 1444 1259 1496; x_wconf 87' lang='lat' dir='ltr'><strong>videntes</strong></span> <span class='ocrx_word' id='word_1_106' title='bbox 1278 1444 1410 1498; x_wconf 83' lang='lat' dir='ltr'><strong>ccclesiae</strong></span> <span class='ocrx_word' id='word_1_107' title='bbox 1427 1445 1643 1498; x_wconf 74' lang='lat' dir='ltr'><strong>reformationem</strong></span> 
     </span>
     <span class='ocr_line' id='line_1_11' title="bbox 376 1525 1185 1592; baseline 0.002 -15"><span class='ocrx_word' id='word_1_108' title='bbox 376 1527 454 1578; x_wconf 89' lang='lat' dir='ltr'><strong>simul</strong></span> <span class='ocrx_word' id='word_1_109' title='bbox 472 1541 489 1578; x_wconf 87' lang='lat' dir='ltr'><strong>a</strong></span> <span class='ocrx_word' id='word_1_110' title='bbox 506 1529 670 1592; x_wconf 89' lang='lat' dir='ltr'><strong>principibus</strong></span> <span class='ocrx_word' id='word_1_111' title='bbox 689 1531 716 1577; x_wconf 88' lang='lat' dir='ltr'><strong>et</strong></span> <span class='ocrx_word' id='word_1_112' title='bbox 733 1527 805 1578; x_wconf 82' lang='lat' dir='ltr'><strong>clerc</strong></span> <span class='ocrx_word' id='word_1_113' title='bbox 824 1529 909 1577; x_wconf 88' lang='lat' dir='ltr'><strong>omitti</strong></span> <span class='ocrx_word' id='word_1_114' title='bbox 927 1525 1185 1580; x_wconf 82' lang='lat' dir='ltr'><strong>scandalisabuutnr.</strong></span> 
     </span>
    </p>
   </div>
   <div class='ocr_carea' id='block_1_3' title="bbox 373 1630 1755 2472">
    <p class='ocr_par' dir='ltr' id='par_1_4' title="bbox 373 1630 1755 2472">
     <span class='ocr_line' id='line_1_12' title="bbox 441 1630 1645 1698; baseline 0.002 -14"><span class='ocrx_word' id='word_1_115' title='bbox 441 1633 478 1684; x_wconf 89' lang='lat' dir='ltr'><strong>Ut</strong></span> <span class='ocrx_word' id='word_1_116' title='bbox 496 1647 614 1698; x_wconf 87' lang='lat' dir='ltr'><strong>eaquae</strong></span> <span class='ocrx_word' id='word_1_117' title='bbox 632 1632 659 1681; x_wconf 90' lang='lat' dir='ltr'><strong>iu</strong></span> <span class='ocrx_word' id='word_1_118' title='bbox 672 1630 787 1682; x_wconf 86' lang='lat' dir='ltr'><strong>concilio</strong></span> <span class='ocrx_word' id='word_1_119' title='bbox 807 1631 915 1681; x_wconf 82' lang='lat' dir='ltr'><strong>delinita</strong></span> <span class='ocrx_word' id='word_1_120' title='bbox 933 1638 1001 1696; x_wconf 88' lang='lat' dir='ltr'><strong>sunt,</strong></span> <span class='ocrx_word' id='word_1_121' title='bbox 1019 1649 1072 1682; x_wconf 91' lang='lat' dir='ltr'><strong>non</strong></span> <span class='ocrx_word' id='word_1_122' title='bbox 1091 1639 1226 1684; x_wconf 79' lang='lat' dir='ltr'><strong>vertantur</strong></span> <span class='ocrx_word' id='word_1_123' title='bbox 1244 1635 1271 1684; x_wconf 90' lang='lat' dir='ltr'><strong>in</strong></span> <span class='ocrx_word' id='word_1_124' title='bbox 1290 1635 1407 1698; x_wconf 91' lang='lat' dir='ltr'><strong>dubium,</strong></span> <span class='ocrx_word' id='word_1_125' title='bbox 1426 1637 1534 1686; x_wconf 84' lang='lat' dir='ltr'><strong>omuino</strong></span> <span class='ocrx_word' id='word_1_126' title='bbox 1547 1649 1645 1686; x_wconf 85' lang='lat' dir='ltr'><strong>caren-</strong></span> 
     </span>
     <span class='ocr_line' id='line_1_13' title="bbox 376 1717 1645 1786; baseline 0 -14"><span class='ocrx_word' id='word_1_127' title='bbox 376 1719 438 1772; x_wconf 85' lang='lat' dir='ltr'><strong>dum</strong></span> <span class='ocrx_word' id='word_1_128' title='bbox 457 1724 547 1772; x_wconf 89' lang='lat' dir='ltr'><strong>estne</strong></span> <span class='ocrx_word' id='word_1_129' title='bbox 567 1717 708 1768; x_wconf 90' lang='lat' dir='ltr'><strong>concilium</strong></span> <span class='ocrx_word' id='word_1_130' title='bbox 726 1717 907 1782; x_wconf 85' lang='lat' dir='ltr'><strong>suspendatur,</strong></span> <span class='ocrx_word' id='word_1_131' title='bbox 926 1733 986 1767; x_wconf 87' lang='lat' dir='ltr'><strong>nam</strong></span> <span class='ocrx_word' id='word_1_132' title='bbox 1003 1717 1070 1768; x_wconf 85' lang='lat' dir='ltr'><strong>haec</strong></span> <span class='ocrx_word' id='word_1_133' title='bbox 1087 1719 1197 1784; x_wconf 85' lang='lat' dir='ltr'><strong>pristina</strong></span> <span class='ocrx_word' id='word_1_134' title='bbox 1214 1719 1361 1770; x_wconf 72' lang='lat' dir='ltr'><strong>Tridentini</strong></span> <span class='ocrx_word' id='word_1_135' title='bbox 1380 1721 1487 1772; x_wconf 85' lang='lat' dir='ltr'><strong>concilii</strong></span> <span class='ocrx_word' id='word_1_136' title='bbox 1503 1723 1645 1786; x_wconf 82' lang='lat' dir='ltr'><strong>suspensio</strong></span> 
     </span>
     <span class='ocr_line' id='line_1_14' title="bbox 375 1801 1646 1857; baseline 0.002 -2"><span class='ocrx_word' id='word_1_137' title='bbox 375 1802 472 1856; x_wconf 86' lang='lat' dir='ltr'><strong>Christi</strong></span> <span class='ocrx_word' id='word_1_138' title='bbox 491 1802 620 1855; x_wconf 78' lang='lat' dir='ltr'><strong>ecclcsiae</strong></span> <span class='ocrx_word' id='word_1_139' title='bbox 639 1803 721 1852; x_wconf 89' lang='lat' dir='ltr'><strong>multa</strong></span> <span class='ocrx_word' id='word_1_140' title='bbox 739 1803 809 1853; x_wconf 88' lang='lat' dir='ltr'><strong>mala</strong></span> <span class='ocrx_word' id='word_1_141' title='bbox 827 1803 916 1852; x_wconf 88' lang='lat' dir='ltr'><strong>attulit</strong></span> <span class='ocrx_word' id='word_1_142' title='bbox 934 1809 961 1852; x_wconf 87' lang='lat' dir='ltr'><strong>et</strong></span> <span class='ocrx_word' id='word_1_143' title='bbox 979 1801 1085 1853; x_wconf 90' lang='lat' dir='ltr'><strong>concilii</strong></span> <span class='ocrx_word' id='word_1_144' title='bbox 1099 1805 1266 1855; x_wconf 69' lang='lat' dir='ltr'><strong>autoritatem</strong></span> <span class='ocrx_word' id='word_1_145' title='bbox 1280 1807 1428 1856; x_wconf 76' lang='lat' dir='ltr'><strong>evacuavit</strong></span> <span class='ocrx_word' id='word_1_146' title='bbox 1447 1806 1646 1857; x_wconf 70' lang='lat' dir='ltr'><strong>reformationis</strong></span> 
     </span>
     <span class='ocr_line' id='line_1_15' title="bbox 375 1887 1647 1959; baseline 0 -17"><span class='ocrx_word' id='word_1_147' title='bbox 375 1889 480 1942; x_wconf 90' lang='lat' dir='ltr'><strong>articuli</strong></span> <span class='ocrx_word' id='word_1_148' title='bbox 498 1891 526 1940; x_wconf 86' lang='lat' dir='ltr'><strong>ir.</strong></span> <span class='ocrx_word' id='word_1_149' title='bbox 544 1887 657 1940; x_wconf 92' lang='lat' dir='ltr'><strong>concilio</strong></span> <span class='ocrx_word' id='word_1_150' title='bbox 684 1889 812 1954; x_wconf 90' lang='lat' dir='ltr'><strong>propositi</strong></span> <span class='ocrx_word' id='word_1_151' title='bbox 840 1893 867 1938; x_wconf 90' lang='lat' dir='ltr'><strong>et</strong></span> <span class='ocrx_word' id='word_1_152' title='bbox 895 1889 923 1939; x_wconf 91' lang='lat' dir='ltr'><strong>in</strong></span> <span class='ocrx_word' id='word_1_153' title='bbox 951 1889 1118 1955; x_wconf 84' lang='lat' dir='ltr'><strong>generalibus</strong></span> <span class='ocrx_word' id='word_1_154' title='bbox 1146 1892 1395 1957; x_wconf 71' lang='lat' dir='ltr'><strong>congregationibus</strong></span> <span class='ocrx_word' id='word_1_155' title='bbox 1418 1906 1435 1942; x_wconf 88' lang='lat' dir='ltr'><strong>a</strong></span> <span class='ocrx_word' id='word_1_156' title='bbox 1456 1893 1581 1959; x_wconf 88' lang='lat' dir='ltr'><strong>patribus</strong></span> <span class='ocrx_word' id='word_1_157' title='bbox 1599 1907 1647 1958; x_wconf 90' lang='lat' dir='ltr'><strong>per</strong></span> 
     </span>
     <span class='ocr_line' id='line_1_16' title="bbox 374 1967 1645 2043; baseline 0.002 -17"><span class='ocrx_word' id='word_1_158' title='bbox 374 1975 499 2042; x_wconf 80' lang='lat' dir='ltr'><strong>suffragia</strong></span> <span class='ocrx_word' id='word_1_159' title='bbox 518 1973 637 2026; x_wconf 80' lang='lat' dir='ltr'><strong>conclusi</strong></span> <span class='ocrx_word' id='word_1_160' title='bbox 655 1971 762 2024; x_wconf 84' lang='lat' dir='ltr'><strong>finiendi</strong></span> <span class='ocrx_word' id='word_1_161' title='bbox 782 1973 888 2024; x_wconf 91' lang='lat' dir='ltr'><strong>concilii</strong></span> <span class='ocrx_word' id='word_1_162' title='bbox 907 1967 1045 2040; x_wconf 84' lang='lat' dir='ltr'><strong>praetextu</strong></span> <span class='ocrx_word' id='word_1_163' title='bbox 1069 1991 1123 2025; x_wconf 92' lang='lat' dir='ltr'><strong>nou</strong></span> <span class='ocrx_word' id='word_1_164' title='bbox 1140 1977 1388 2042; x_wconf 87' lang='lat' dir='ltr'><strong>praetermittantur,</strong></span> <span class='ocrx_word' id='word_1_165' title='bbox 1412 1979 1465 2027; x_wconf 89' lang='lat' dir='ltr'><strong>imo</strong></span> <span class='ocrx_word' id='word_1_166' title='bbox 1488 1977 1645 2043; x_wconf 84' lang='lat' dir='ltr'><strong>prinsquam</strong></span> 
     </span>
     <span class='ocr_line' id='line_1_17' title="bbox 373 2057 1645 2128; baseline 0 -16"><span class='ocrx_word' id='word_1_167' title='bbox 373 2059 479 2114; x_wconf 86' lang='lat' dir='ltr'><strong>liniatur</strong></span> <span class='ocrx_word' id='word_1_168' title='bbox 497 2061 646 2124; x_wconf 91' lang='lat' dir='ltr'><strong>concilium,</strong></span> <span class='ocrx_word' id='word_1_169' title='bbox 666 2057 831 2110; x_wconf 86' lang='lat' dir='ltr'><strong>deliniantur.</strong></span> <span class='ocrx_word' id='word_1_170' title='bbox 857 2059 939 2125; x_wconf 88' lang='lat' dir='ltr'><strong>legati</strong></span> <span class='ocrx_word' id='word_1_171' title='bbox 962 2061 990 2110; x_wconf 91' lang='lat' dir='ltr'><strong>in</strong></span> <span class='ocrx_word' id='word_1_172' title='bbox 1015 2059 1119 2110; x_wconf 91' lang='lat' dir='ltr'><strong>concilii</strong></span> <span class='ocrx_word' id='word_1_173' title='bbox 1138 2061 1231 2112; x_wconf 90' lang='lat' dir='ltr'><strong>ultima</strong></span> <span class='ocrx_word' id='word_1_174' title='bbox 1253 2063 1370 2112; x_wconf 89' lang='lat' dir='ltr'><strong>sessione</strong></span> <span class='ocrx_word' id='word_1_175' title='bbox 1394 2063 1490 2112; x_wconf 86' lang='lat' dir='ltr'><strong>summi</strong></span> <span class='ocrx_word' id='word_1_176' title='bbox 1507 2063 1645 2128; x_wconf 84' lang='lat' dir='ltr'><strong>pontificis</strong></span> 
     </span>
     <span class='ocr_line' id='line_1_18' title="bbox 375 2143 1755 2220; baseline -0.001 -21"><span class='ocrx_word' id='word_1_177' title='bbox 375 2146 516 2200; x_wconf 81' lang='lat' dir='ltr'><strong>exhibeant</strong></span> <span class='ocrx_word' id='word_1_178' title='bbox 533 2144 632 2210; x_wconf 87' lang='lat' dir='ltr'><strong>literas,</strong></span> <span class='ocrx_word' id='word_1_179' title='bbox 650 2161 698 2211; x_wconf 89' lang='lat' dir='ltr'><strong>per</strong></span> <span class='ocrx_word' id='word_1_180' title='bbox 715 2159 781 2210; x_wconf 87' lang='lat' dir='ltr'><strong>quas</strong></span> <span class='ocrx_word' id='word_1_181' title='bbox 799 2159 869 2210; x_wconf 87' lang='lat' dir='ltr'><strong>papa</strong></span> <span class='ocrx_word' id='word_1_182' title='bbox 893 2145 981 2194; x_wconf 79' lang='lat' dir='ltr'><strong>omnia</strong></span> <span class='ocrx_word' id='word_1_183' title='bbox 1005 2143 1114 2196; x_wconf 85' lang='lat' dir='ltr'><strong>decreta</strong></span> <span class='ocrx_word' id='word_1_184' title='bbox 1137 2143 1285 2196; x_wconf 81' lang='lat' dir='ltr'><strong>Tridentini</strong></span> <span class='ocrx_word' id='word_1_185' title='bbox 1309 2147 1415 2197; x_wconf 89' lang='lat' dir='ltr'><strong>concilii</strong></span> <span class='ocrx_word' id='word_1_186' title='bbox 1439 2146 1595 2211; x_wconf 77' lang='lat' dir='ltr'><strong>confirmet,</strong></span> <span class='ocrx_word' id='word_1_187' title='bbox 1619 2153 1645 2198; x_wconf 84' lang='lat' dir='ltr'><strong>et</strong></span> <span class='ocrx_word' id='word_1_188' title='bbox 1754 2207 1755 2220; x_wconf 13' lang='grc' dir='ltr'>ἵ</span> 
     </span>
     <span class='ocr_line' id='line_1_19' title="bbox 374 2229 1755 2296; baseline 0.001 -13"><span class='ocrx_word' id='word_1_189' title='bbox 374 2249 427 2284; x_wconf 87' lang='lat' dir='ltr'><strong>nou</strong></span> <span class='ocrx_word' id='word_1_190' title='bbox 445 2231 551 2283; x_wconf 85' lang='lat' dir='ltr'><strong>finiatur</strong></span> <span class='ocrx_word' id='word_1_191' title='bbox 569 2231 712 2283; x_wconf 89' lang='lat' dir='ltr'><strong>concillum</strong></span> <span class='ocrx_word' id='word_1_192' title='bbox 730 2245 781 2281; x_wconf 89' lang='lat' dir='ltr'><strong>nec</strong></span> <span class='ocrx_word' id='word_1_193' title='bbox 799 2236 887 2296; x_wconf 85' lang='lat' dir='ltr'><strong>patres</strong></span> <span class='ocrx_word' id='word_1_194' title='bbox 907 2229 1065 2282; x_wconf 74' lang='lat' dir='ltr'><strong>a‘l&#39;ridentc</strong></span> <span class='ocrx_word' id='word_1_195' title='bbox 1086 2231 1225 2282; x_wconf 85' lang='lat' dir='ltr'><strong>discedant</strong></span> <span class='ocrx_word' id='word_1_196' title='bbox 1250 2233 1307 2282; x_wconf 90' lang='lat' dir='ltr'><strong>aine</strong></span> <span class='ocrx_word' id='word_1_197' title='bbox 1329 2231 1480 2284; x_wconf 87' lang='lat' dir='ltr'><strong>huiusmodi</strong></span> <span class='ocrx_word' id='word_1_198' title='bbox 1503 2231 1645 2285; x_wconf 80' lang='lat' dir='ltr'><strong>conflrma-</strong></span> <span class='ocrx_word' id='word_1_199' title='bbox 1754 2229 1755 2254; x_wconf 63' lang='lat'>¹</span> 
     </span>
     <span class='ocr_line' id='line_1_20' title="bbox 373 2315 1644 2386; baseline 0 -16"><span class='ocrx_word' id='word_1_200' title='bbox 373 2319 453 2381; x_wconf 88' lang='lat' dir='ltr'><strong>tione,</strong></span> <span class='ocrx_word' id='word_1_201' title='bbox 472 2332 533 2368; x_wconf 90' lang='lat' dir='ltr'><strong>nam</strong></span> <span class='ocrx_word' id='word_1_202' title='bbox 550 2317 627 2386; x_wconf 87' lang='lat' dir='ltr'><strong>plura</strong></span> <span class='ocrx_word' id='word_1_203' title='bbox 645 2316 759 2366; x_wconf 87' lang='lat' dir='ltr'><strong>concilia</strong></span> <span class='ocrx_word' id='word_1_204' title='bbox 777 2330 794 2366; x_wconf 88' lang='lat' dir='ltr'><strong>a</strong></span> <span class='ocrx_word' id='word_1_205' title='bbox 811 2315 937 2366; x_wconf 81' lang='lat' dir='ltr'><strong>Romanis</strong></span> <span class='ocrx_word' id='word_1_206' title='bbox 955 2315 1116 2380; x_wconf 86' lang='lat' dir='ltr'><strong>reiiciuntnr,</strong></span> <span class='ocrx_word' id='word_1_207' title='bbox 1134 2321 1274 2382; x_wconf 87' lang='lat' dir='ltr'><strong>propterca</strong></span> <span class='ocrx_word' id='word_1_208' title='bbox 1291 2321 1321 2368; x_wconf 90' lang='lat' dir='ltr'><strong>nt</strong></span> <span class='ocrx_word' id='word_1_209' title='bbox 1339 2319 1388 2385; x_wconf 89' lang='lat' dir='ltr'><strong>ipsi</strong></span> <span class='ocrx_word' id='word_1_210' title='bbox 1400 2324 1558 2383; x_wconf 85' lang='lat' dir='ltr'><strong>praeterunt</strong></span> <span class='ocrx_word' id='word_1_211' title='bbox 1570 2319 1644 2386; x_wconf 89' lang='lat' dir='ltr'><strong>quod</strong></span> 
     </span>
     <span class='ocr_line' id='line_1_21' title="bbox 373 2401 805 2472; baseline -0.009 -16"><span class='ocrx_word' id='word_1_212' title='bbox 373 2420 426 2456; x_wconf 91' lang='lat' dir='ltr'><strong>nou</strong></span> <span class='ocrx_word' id='word_1_213' title='bbox 443 2409 505 2456; x_wconf 86' lang='lat' dir='ltr'><strong>sunt</strong></span> <span class='ocrx_word' id='word_1_214' title='bbox 522 2419 539 2456; x_wconf 90' lang='lat' dir='ltr'><strong>a</strong></span> <span class='ocrx_word' id='word_1_215' title='bbox 556 2417 625 2472; x_wconf 85' lang='lat' dir='ltr'><strong>papa</strong></span> <span class='ocrx_word' id='word_1_216' title='bbox 644 2401 805 2454; x_wconf 82' lang='lat' dir='ltr'><strong>confirmata.</strong></span> 
     </span>
    </p>
   </div>
   <div class='ocr_carea' id='block_1_4' title="bbox 364 2503 1643 5074">
    <p class='ocr_par' dir='ltr' id='par_1_5' title="bbox 365 2503 1643 4560">
     <span class='ocr_line' id='line_1_22' title="bbox 439 2503 1643 2572; baseline -0.003 -10"><span class='ocrx_word' id='word_1_217' title='bbox 439 2509 472 2562; x_wconf 87' lang='lat' dir='ltr'><strong>In</strong></span> <span class='ocrx_word' id='word_1_218' title='bbox 487 2509 558 2564; x_wconf 77' lang='lat' dir='ltr'><strong>Bora</strong></span> <span class='ocrx_word' id='word_1_219' title='bbox 573 2507 627 2560; x_wconf 89' lang='lat' dir='ltr'><strong>nud</strong></span> <span class='ocrx_word' id='word_1_220' title='bbox 645 2507 738 2558; x_wconf 82' lang='lat' dir='ltr'><strong>Trient</strong></span> <span class='ocrx_word' id='word_1_221' title='bbox 751 2503 857 2572; x_wconf 87' lang='lat' dir='ltr'><strong>jubelte</strong></span> <span class='ocrx_word' id='word_1_222' title='bbox 875 2522 936 2558; x_wconf 89' lang='lat' dir='ltr'><strong>man</strong></span> <span class='ocrx_word' id='word_1_223' title='bbox 953 2504 1084 2556; x_wconf 83' lang='lat' dir='ltr'><strong>natilrliclr</strong></span> <span class='ocrx_word' id='word_1_224' title='bbox 1104 2505 1170 2558; x_wconf 83' lang='lat' dir='ltr'><strong>dber</strong></span> <span class='ocrx_word' id='word_1_225' title='bbox 1187 2505 1230 2556; x_wconf 91' lang='lat' dir='ltr'><strong>die</strong></span> <span class='ocrx_word' id='word_1_226' title='bbox 1247 2514 1375 2558; x_wconf 87' lang='lat' dir='ltr'><strong>neuesteu</strong></span> <span class='ocrx_word' id='word_1_227' title='bbox 1388 2506 1583 2560; x_wconf 79' lang='lat' dir='ltr'><strong>Resolntiouen</strong></span> <span class='ocrx_word' id='word_1_228' title='bbox 1597 2508 1643 2560; x_wconf 85' lang='lat' dir='ltr'><strong>des</strong></span> 
     </span>
     <span class='ocr_line' id='line_1_23' title="bbox 371 2591 1642 2660; baseline -0.003 -12"><span class='ocrx_word' id='word_1_229' title='bbox 371 2597 487 2650; x_wconf 83' lang='lat' dir='ltr'><strong>Kaisers.</strong></span> <span class='ocrx_word' id='word_1_230' title='bbox 503 2595 568 2648; x_wconf 85' lang='lat' dir='ltr'><strong>Pius</strong></span> <span class='ocrx_word' id='word_1_231' title='bbox 585 2593 689 2646; x_wconf 87' lang='lat' dir='ltr'><strong>schrieb</strong></span> <span class='ocrx_word' id='word_1_232' title='bbox 708 2591 1071 2659; x_wconf 75' lang='lat' dir='ltr'><strong>eigeubindigeDaukbricie</strong></span> <span class='ocrx_word' id='word_1_233' title='bbox 1089 2607 1124 2643; x_wconf 91' lang='lat' dir='ltr'><strong>an</strong></span> <span class='ocrx_word' id='word_1_234' title='bbox 1134 2591 1285 2644; x_wconf 72' lang='lat' dir='ltr'><strong>Fertinand</strong></span> <span class='ocrx_word' id='word_1_235' title='bbox 1302 2591 1357 2643; x_wconf 90' lang='lat' dir='ltr'><strong>und</strong></span> <span class='ocrx_word' id='word_1_236' title='bbox 1369 2593 1533 2644; x_wconf 80' lang='lat' dir='ltr'><strong>Maximilian</strong></span> <span class='ocrx_word' id='word_1_237' title='bbox 1553 2593 1642 2660; x_wconf 90' lang='lat' dir='ltr'><strong>(Orig.</strong></span> 
     </span>
     <span class='ocr_line' id='line_1_24' title="bbox 371 2677 1642 2746; baseline -0.001 -13"><span class='ocrx_word' id='word_1_238' title='bbox 371 2686 399 2736; x_wconf 89' lang='lat' dir='ltr'><strong>in</strong></span> <span class='ocrx_word' id='word_1_239' title='bbox 416 2682 469 2734; x_wconf 87' lang='lat' dir='ltr'><strong>den</strong></span> <span class='ocrx_word' id='word_1_240' title='bbox 485 2681 613 2744; x_wconf 70' lang='grc' dir='ltr'><strong>Βοιιιιιιι,</strong></span> <span class='ocrx_word' id='word_1_241' title='bbox 631 2679 763 2746; x_wconf 85' lang='lat' dir='ltr'><strong>gedruckt</strong></span> <span class='ocrx_word' id='word_1_242' title='bbox 781 2677 806 2730; x_wconf 88' lang='lat' dir='ltr'><strong>iu</strong></span> <span class='ocrx_word' id='word_1_243' title='bbox 825 2679 864 2728; x_wconf 88' lang='lat' dir='ltr'><strong>Le</strong></span> <span class='ocrx_word' id='word_1_244' title='bbox 882 2677 942 2728; x_wconf 87' lang='lat' dir='ltr'><strong>Plat</strong></span> <span class='ocrx_word' id='word_1_245' title='bbox 961 2681 985 2742; x_wconf 99' lang='grc'><strong>6,</strong></span> <span class='ocrx_word' id='word_1_246' title='bbox 1004 2681 1054 2730; x_wconf 82' lang='grc'><strong>269</strong></span> <span class='ocrx_word' id='word_1_247' title='bbox 1072 2679 1127 2728; x_wconf 87' lang='lat' dir='ltr'><strong>und</strong></span> <span class='ocrx_word' id='word_1_248' title='bbox 1145 2679 1171 2729; x_wconf 90' lang='lat' dir='ltr'><strong>in</strong></span> <span class='ocrx_word' id='word_1_249' title='bbox 1183 2677 1313 2730; x_wconf 81' lang='lat' dir='ltr'><strong>Bucholtr</strong></span> <span class='ocrx_word' id='word_1_250' title='bbox 1327 2681 1351 2741; x_wconf 90' lang='grc'><strong>9,</strong></span> <span class='ocrx_word' id='word_1_251' title='bbox 1364 2677 1434 2746; x_wconf 79' lang='grc'><strong>716).</strong></span> <span class='ocrx_word' id='word_1_252' title='bbox 1452 2677 1513 2730; x_wconf 73' lang='lat' dir='ltr'><strong>wie</strong></span> <span class='ocrx_word' id='word_1_253' title='bbox 1527 2680 1642 2732; x_wconf 74' lang='lat' dir='ltr'><strong>Morcus</strong></span> 
     </span>
     <span class='ocr_line' id='line_1_25' title="bbox 371 2761 1641 2834; baseline -0.001 -14"><span class='ocrx_word' id='word_1_254' title='bbox 371 2768 423 2820; x_wconf 79' lang='lat' dir='ltr'><strong>tien</strong></span> <span class='ocrx_word' id='word_1_255' title='bbox 439 2767 535 2818; x_wconf 82' lang='lat' dir='ltr'><strong>Kaisar</strong></span> <span class='ocrx_word' id='word_1_256' title='bbox 552 2767 622 2818; x_wconf 90' lang='lat' dir='ltr'><strong>beim</strong></span> <span class='ocrx_word' id='word_1_257' title='bbox 631 2765 708 2816; x_wconf 86' lang='lat' dir='ltr'><strong>Wort</strong></span> <span class='ocrx_word' id='word_1_258' title='bbox 725 2763 803 2816; x_wconf 89' lang='lat' dir='ltr'><strong>nahm</strong></span> <span class='ocrx_word' id='word_1_259' title='bbox 823 2761 885 2831; x_wconf 83' lang='lat' dir='ltr'><strong>(rgl</strong></span> <span class='ocrx_word' id='word_1_260' title='bbox 905 2765 975 2815; x_wconf 90' lang='lat' dir='ltr'><strong>auch</strong></span> <span class='ocrx_word' id='word_1_261' title='bbox 987 2767 1078 2816; x_wconf 89' lang='lat' dir='ltr'><strong>seiuen</strong></span> <span class='ocrx_word' id='word_1_262' title='bbox 1091 2763 1166 2814; x_wconf 87' lang='lat' dir='ltr'><strong>Briei</strong></span> <span class='ocrx_word' id='word_1_263' title='bbox 1174 2780 1209 2816; x_wconf 87' lang='lat' dir='ltr'><strong>an</strong></span> <span class='ocrx_word' id='word_1_264' title='bbox 1222 2765 1273 2816; x_wconf 89' lang='lat' dir='ltr'><strong>den</strong></span> <span class='ocrx_word' id='word_1_265' title='bbox 1284 2765 1374 2832; x_wconf 71' lang='lat' dir='ltr'><strong>Kenig</strong></span> <span class='ocrx_word' id='word_1_266' title='bbox 1384 2767 1413 2816; x_wconf 92' lang='lat' dir='ltr'><strong>in</strong></span> <span class='ocrx_word' id='word_1_267' title='bbox 1431 2765 1543 2830; x_wconf 71' lang='lat' dir='ltr'><strong>Lel’lst</strong></span> <span class='ocrx_word' id='word_1_268' title='bbox 1562 2763 1641 2834; x_wconf 72' lang='lat' dir='ltr'><strong>ic),</strong></span> 
     </span>
     <span class='ocr_line' id='line_1_26' title="bbox 370 2848 1640 2919; baseline 0 -15"><span class='ocrx_word' id='word_1_269' title='bbox 370 2859 465 2919; x_wconf 82' lang='lat' dir='ltr'><strong>mdgen</strong></span> <span class='ocrx_word' id='word_1_270' title='bbox 484 2851 527 2902; x_wconf 88' lang='lat' dir='ltr'><strong>die</strong></span> <span class='ocrx_word' id='word_1_271' title='bbox 544 2848 732 2918; x_wconf 83' lang='lat' dir='ltr'><strong>Hauptstellen</strong></span> <span class='ocrx_word' id='word_1_272' title='bbox 750 2851 822 2900; x_wconf 84' lang='lat' dir='ltr'><strong>eines</strong></span> <span class='ocrx_word' id='word_1_273' title='bbox 840 2849 998 2901; x_wconf 82' lang='lat' dir='ltr'><strong>Schreihcus</strong></span> <span class='ocrx_word' id='word_1_274' title='bbox 1016 2865 1077 2902; x_wconf 84' lang='lat' dir='ltr'><strong>vom</strong></span> <span class='ocrx_word' id='word_1_275' title='bbox 1097 2852 1126 2898; x_wconf 97' lang='grc'><strong>11</strong></span> <span class='ocrx_word' id='word_1_276' title='bbox 1148 2849 1206 2902; x_wconf 88' lang='lat' dir='ltr'><strong>Oct.</strong></span> <span class='ocrx_word' id='word_1_277' title='bbox 1226 2849 1266 2912; x_wconf 83' lang='lat' dir='ltr'><strong>(C.</strong></span> <span class='ocrx_word' id='word_1_278' title='bbox 1285 2851 1326 2914; x_wconf 78' lang='lat' dir='ltr'><strong>A.)</strong></span> <span class='ocrx_word' id='word_1_279' title='bbox 1346 2853 1452 2918; x_wconf 80' lang='lat' dir='ltr'><strong>reigeu:</strong></span> <span class='ocrx_word' id='word_1_280' title='bbox 1560 2851 1640 2915; x_wconf 82' lang='lat' dir='ltr'><strong>Quod</strong></span> 
     </span>
     <span class='ocr_line' id='line_1_27' title="bbox 370 2935 1642 3005; baseline 0 -15"><span class='ocrx_word' id='word_1_281' title='bbox 370 2937 584 3005; x_wconf 58' lang='lat' dir='ltr'><strong>vprosrwvmr</strong></span> <span class='ocrx_word' id='word_1_282' title='bbox 601 2935 651 2987; x_wconf 88' lang='lat' dir='ltr'><strong>sibi</strong></span> <span class='ocrx_word' id='word_1_283' title='bbox 670 2951 749 2986; x_wconf 87' lang='lat' dir='ltr'><strong>curae</strong></span> <span class='ocrx_word' id='word_1_284' title='bbox 768 2935 823 2986; x_wconf 86' lang='lat' dir='ltr'><strong>iore</strong></span> <span class='ocrx_word' id='word_1_285' title='bbox 842 2941 871 2985; x_wconf 90' lang='lat' dir='ltr'><strong>ut</strong></span> <span class='ocrx_word' id='word_1_286' title='bbox 889 2937 1009 2986; x_wconf 87' lang='lat' dir='ltr'><strong>manibus</strong></span> <span class='ocrx_word' id='word_1_287' title='bbox 1027 2935 1191 3002; x_wconf 84' lang='lat' dir='ltr'><strong>pedibusque</strong></span> <span class='ocrx_word' id='word_1_288' title='bbox 1203 2935 1311 2986; x_wconf 88' lang='lat' dir='ltr'><strong>concilii</strong></span> <span class='ocrx_word' id='word_1_289' title='bbox 1329 2951 1495 3002; x_wconf 86' lang='lat' dir='ltr'><strong>progressum</strong></span> <span class='ocrx_word' id='word_1_290' title='bbox 1505 2935 1642 3004; x_wconf 87' lang='lat' dir='ltr'><strong>finemque</strong></span> 
     </span>
     <span class='ocr_line' id='line_1_28' title="bbox 370 3021 1641 3088; baseline -0.002 -12"><span class='ocrx_word' id='word_1_291' title='bbox 370 3027 452 3088; x_wconf 81' lang='lat' dir='ltr'><strong>iuret,</strong></span> <span class='ocrx_word' id='word_1_292' title='bbox 469 3024 497 3074; x_wconf 91' lang='lat' dir='ltr'><strong>id</strong></span> <span class='ocrx_word' id='word_1_293' title='bbox 517 3037 589 3086; x_wconf 89' lang='lat' dir='ltr'><strong>saue,</strong></span> <span class='ocrx_word' id='word_1_294' title='bbox 609 3023 658 3072; x_wconf 83' lang='lat' dir='ltr'><strong>etsi</strong></span> <span class='ocrx_word' id='word_1_295' title='bbox 675 3027 779 3088; x_wconf 85' lang='lat' dir='ltr'><strong>praeter</strong></span> <span class='ocrx_word' id='word_1_296' title='bbox 796 3037 869 3088; x_wconf 91' lang='lat' dir='ltr'><strong>spem</strong></span> <span class='ocrx_word' id='word_1_297' title='bbox 899 3037 985 3072; x_wconf 87' lang='lat' dir='ltr'><strong>meam</strong></span> <span class='ocrx_word' id='word_1_298' title='bbox 1012 3037 1064 3074; x_wconf 91' lang='lat' dir='ltr'><strong>uon</strong></span> <span class='ocrx_word' id='word_1_299' title='bbox 1083 3023 1184 3084; x_wconf 87' lang='lat' dir='ltr'><strong>evenit,</strong></span> <span class='ocrx_word' id='word_1_300' title='bbox 1213 3021 1280 3071; x_wconf 89' lang='lat' dir='ltr'><strong>adeo</strong></span> <span class='ocrx_word' id='word_1_301' title='bbox 1306 3027 1393 3072; x_wconf 85' lang='lat' dir='ltr'><strong>tamen</strong></span> <span class='ocrx_word' id='word_1_302' title='bbox 1421 3027 1524 3087; x_wconf 87' lang='lat' dir='ltr'><strong>gratum</strong></span> <span class='ocrx_word' id='word_1_303' title='bbox 1543 3031 1587 3074; x_wconf 85' lang='lat' dir='ltr'><strong>est</strong></span> <span class='ocrx_word' id='word_1_304' title='bbox 1605 3031 1641 3088; x_wconf 84' lang='lat' dir='ltr'><strong>nt,</strong></span> 
     </span>
     <span class='ocr_line' id='line_1_29' title="bbox 371 3107 1642 3178; baseline -0.002 -16"><span class='ocrx_word' id='word_1_305' title='bbox 371 3126 450 3178; x_wconf 83' lang='lat' dir='ltr'><strong>quam</strong></span> <span class='ocrx_word' id='word_1_306' title='bbox 468 3109 502 3160; x_wconf 91' lang='lat' dir='ltr'><strong>ds</strong></span> <span class='ocrx_word' id='word_1_307' title='bbox 521 3126 552 3161; x_wconf 91' lang='lat' dir='ltr'><strong>eo</strong></span> <span class='ocrx_word' id='word_1_308' title='bbox 571 3108 734 3173; x_wconf 82' lang='lat' dir='ltr'><strong>voluptatem</strong></span> <span class='ocrx_word' id='word_1_309' title='bbox 754 3110 876 3174; x_wconf 86' lang='lat' dir='ltr'><strong>ceperim,</strong></span> <span class='ocrx_word' id='word_1_310' title='bbox 895 3107 974 3158; x_wconf 91' lang='lat' dir='ltr'><strong>nullis</strong></span> <span class='ocrx_word' id='word_1_311' title='bbox 992 3108 1081 3158; x_wconf 85' lang='lat' dir='ltr'><strong>verbis</strong></span> <span class='ocrx_word' id='word_1_312' title='bbox 1105 3109 1250 3173; x_wconf 83' lang='lat' dir='ltr'><strong>exprimere</strong></span> <span class='ocrx_word' id='word_1_313' title='bbox 1273 3109 1381 3173; x_wconf 89' lang='lat' dir='ltr'><strong>possim.</strong></span> <span class='ocrx_word' id='word_1_314' title='bbox 1406 3108 1454 3158; x_wconf 88' lang='lat' dir='ltr'><strong>sed</strong></span> <span class='ocrx_word' id='word_1_315' title='bbox 1475 3107 1544 3158; x_wconf 92' lang='lat' dir='ltr'><strong>illud</strong></span> <span class='ocrx_word' id='word_1_316' title='bbox 1562 3125 1642 3175; x_wconf 83' lang='lat' dir='ltr'><strong>prae-</strong></span> 
     </span>
     <span class='ocr_line' id='line_1_30' title="bbox 370 3191 1639 3264; baseline -0.002 -15"><span class='ocrx_word' id='word_1_317' title='bbox 370 3199 447 3264; x_wconf 87' lang='lat' dir='ltr'><strong>cipue</strong></span> <span class='ocrx_word' id='word_1_318' title='bbox 466 3200 492 3248; x_wconf 88' lang='lat' dir='ltr'><strong>et</strong></span> <span class='ocrx_word' id='word_1_319' title='bbox 509 3194 593 3246; x_wconf 90' lang='lat' dir='ltr'><strong>solide</strong></span> <span class='ocrx_word' id='word_1_320' title='bbox 611 3194 725 3264; x_wconf 87' lang='lat' dir='ltr'><strong>gaudeo,</strong></span> <span class='ocrx_word' id='word_1_321' title='bbox 743 3193 885 3260; x_wconf 87' lang='lat' dir='ltr'><strong>quodiam</strong></span> <span class='ocrx_word' id='word_1_322' title='bbox 902 3191 981 3259; x_wconf 87' lang='lat' dir='ltr'><strong>plane</strong></span> <span class='ocrx_word' id='word_1_323' title='bbox 999 3193 1145 3259; x_wconf 79' lang='lat' dir='ltr'><strong>intelligam</strong></span> <span class='ocrx_word' id='word_1_324' title='bbox 1163 3193 1231 3242; x_wconf 67' lang='lat' dir='ltr'><strong>Mem</strong></span> <span class='ocrx_word' id='word_1_325' title='bbox 1248 3191 1279 3242; x_wconf 86' lang='lat' dir='ltr'><strong>V.</strong></span> <span class='ocrx_word' id='word_1_326' title='bbox 1298 3191 1324 3242; x_wconf 85' lang='lat' dir='ltr'><strong>S.</strong></span> <span class='ocrx_word' id='word_1_327' title='bbox 1343 3193 1593 3261; x_wconf 69' lang='lat' dir='ltr'><strong>serenissimumque</strong></span> <span class='ocrx_word' id='word_1_328' title='bbox 1612 3195 1639 3246; x_wconf 82' lang='lat' dir='ltr'><strong>fl-</strong></span> 
     </span>
     <span class='ocr_line' id='line_1_31' title="bbox 368 3277 1641 3346; baseline -0.001 -12"><span class='ocrx_word' id='word_1_329' title='bbox 368 3283 432 3334; x_wconf 89' lang='lat' dir='ltr'><strong>lium</strong></span> <span class='ocrx_word' id='word_1_330' title='bbox 449 3282 626 3333; x_wconf 83' lang='lat' dir='ltr'><strong>Romanorum</strong></span> <span class='ocrx_word' id='word_1_331' title='bbox 643 3295 733 3346; x_wconf 88' lang='lat' dir='ltr'><strong>regem</strong></span> <span class='ocrx_word' id='word_1_332' title='bbox 751 3279 865 3329; x_wconf 86' lang='lat' dir='ltr'><strong>maxima</strong></span> <span class='ocrx_word' id='word_1_333' title='bbox 877 3295 937 3328; x_wconf 88' lang='lat' dir='ltr'><strong>cnm</strong></span> <span class='ocrx_word' id='word_1_334' title='bbox 950 3294 1051 3329; x_wconf 90' lang='lat' dir='ltr'><strong>summo</strong></span> <span class='ocrx_word' id='word_1_335' title='bbox 1063 3277 1188 3344; x_wconf 83' lang='lat' dir='ltr'><strong>pontifice</strong></span> <span class='ocrx_word' id='word_1_336' title='bbox 1200 3277 1387 3329; x_wconf 83' lang='lat' dir='ltr'><strong>benevolentia</strong></span> <span class='ocrx_word' id='word_1_337' title='bbox 1400 3281 1558 3332; x_wconf 88' lang='lat' dir='ltr'><strong>coniunctos</strong></span> <span class='ocrx_word' id='word_1_338' title='bbox 1572 3298 1641 3346; x_wconf 86' lang='lat' dir='ltr'><strong>esse,</strong></span> 
     </span>
     <span class='ocr_line' id='line_1_32' title="bbox 369 3363 1638 3434; baseline -0.001 -14"><span class='ocrx_word' id='word_1_339' title='bbox 369 3367 622 3434; x_wconf 80' lang='lat' dir='ltr'><strong>communicatisque</strong></span> <span class='ocrx_word' id='word_1_340' title='bbox 641 3365 757 3416; x_wconf 88' lang='lat' dir='ltr'><strong>consiliis</strong></span> <span class='ocrx_word' id='word_1_341' title='bbox 776 3363 840 3431; x_wconf 89' lang='lat' dir='ltr'><strong>quid</strong></span> <span class='ocrx_word' id='word_1_342' title='bbox 858 3381 873 3415; x_wconf 92' lang='lat' dir='ltr'><strong>e</strong></span> <span class='ocrx_word' id='word_1_343' title='bbox 891 3365 1052 3429; x_wconf 87' lang='lat' dir='ltr'><strong>reipublicae</strong></span> <span class='ocrx_word' id='word_1_344' title='bbox 1071 3364 1230 3415; x_wconf 84' lang='lat' dir='ltr'><strong>christianae</strong></span> <span class='ocrx_word' id='word_1_345' title='bbox 1250 3363 1387 3416; x_wconf 89' lang='lat' dir='ltr'><strong>commodo</strong></span> <span class='ocrx_word' id='word_1_346' title='bbox 1400 3365 1519 3416; x_wconf 86' lang='lat' dir='ltr'><strong>futurum</strong></span> <span class='ocrx_word' id='word_1_347' title='bbox 1530 3369 1567 3417; x_wconf 92' lang='lat' dir='ltr'><strong>sit</strong></span> <span class='ocrx_word' id='word_1_348' title='bbox 1578 3383 1638 3433; x_wconf 89' lang='lat' dir='ltr'><strong>pro·</strong></span> 
     </span>
     <span class='ocr_line' id='line_1_33' title="bbox 368 3449 1637 3520; baseline -0.002 -14"><span class='ocrx_word' id='word_1_349' title='bbox 368 3459 512 3518; x_wconf 86' lang='lat' dir='ltr'><strong>curaturos,</strong></span> <span class='ocrx_word' id='word_1_350' title='bbox 532 3457 559 3504; x_wconf 91' lang='lat' dir='ltr'><strong>et</strong></span> <span class='ocrx_word' id='word_1_351' title='bbox 575 3454 739 3520; x_wconf 85' lang='lat' dir='ltr'><strong>potissimum</strong></span> <span class='ocrx_word' id='word_1_352' title='bbox 757 3456 788 3502; x_wconf 88' lang='lat' dir='ltr'><strong>ut</strong></span> <span class='ocrx_word' id='word_1_353' title='bbox 805 3449 946 3502; x_wconf 86' lang='lat' dir='ltr'><strong>concilium</strong></span> <span class='ocrx_word' id='word_1_354' title='bbox 964 3449 1016 3502; x_wconf 92' lang='lat' dir='ltr'><strong>hoc</strong></span> <span class='ocrx_word' id='word_1_355' title='bbox 1034 3453 1087 3501; x_wconf 90' lang='lat' dir='ltr'><strong>cito</strong></span> <span class='ocrx_word' id='word_1_356' title='bbox 1105 3449 1141 3502; x_wconf 90' lang='lat' dir='ltr'><strong>ad</strong></span> <span class='ocrx_word' id='word_1_357' title='bbox 1159 3455 1276 3516; x_wconf 90' lang='lat' dir='ltr'><strong>optatum</strong></span> <span class='ocrx_word' id='word_1_358' title='bbox 1295 3449 1373 3501; x_wconf 89' lang='lat' dir='ltr'><strong>tinem</strong></span> <span class='ocrx_word' id='word_1_359' title='bbox 1384 3451 1555 3516; x_wconf 83' lang='lat' dir='ltr'><strong>perducatur,</strong></span> <span class='ocrx_word' id='word_1_360' title='bbox 1575 3468 1637 3504; x_wconf 90' lang='lat' dir='ltr'><strong>curu</strong></span> 
     </span>
     <span class='ocr_line' id='line_1_34' title="bbox 368 3535 1638 3606; baseline -0.001 -15"><span class='ocrx_word' id='word_1_361' title='bbox 368 3539 434 3592; x_wconf 90' lang='lat' dir='ltr'><strong>nihil</strong></span> <span class='ocrx_word' id='word_1_362' title='bbox 451 3555 515 3591; x_wconf 90' lang='lat' dir='ltr'><strong>saue</strong></span> <span class='ocrx_word' id='word_1_363' title='bbox 532 3555 583 3590; x_wconf 88' lang='lat' dir='ltr'><strong>nec</strong></span> <span class='ocrx_word' id='word_1_364' title='bbox 602 3539 652 3590; x_wconf 88' lang='lat' dir='ltr'><strong>deo</strong></span> <span class='ocrx_word' id='word_1_365' title='bbox 671 3539 770 3606; x_wconf 84' lang='lat' dir='ltr'><strong>gratius</strong></span> <span class='ocrx_word' id='word_1_366' title='bbox 787 3553 838 3588; x_wconf 90' lang='lat' dir='ltr'><strong>nec</strong></span> <span class='ocrx_word' id='word_1_367' title='bbox 855 3535 1016 3601; x_wconf 84' lang='lat' dir='ltr'><strong>reipublicae</strong></span> <span class='ocrx_word' id='word_1_368' title='bbox 1035 3535 1193 3588; x_wconf 87' lang='lat' dir='ltr'><strong>christianae</strong></span> <span class='ocrx_word' id='word_1_369' title='bbox 1210 3536 1302 3586; x_wconf 76' lang='lat' dir='ltr'><strong>atibus</strong></span> <span class='ocrx_word' id='word_1_370' title='bbox 1315 3551 1347 3586; x_wconf 91' lang='lat' dir='ltr'><strong>ac</strong></span> <span class='ocrx_word' id='word_1_371' title='bbox 1360 3539 1443 3603; x_wconf 87' lang='lat' dir='ltr'><strong>magis</strong></span> <span class='ocrx_word' id='word_1_372' title='bbox 1455 3541 1638 3590; x_wconf 85' lang='lat' dir='ltr'><strong>necessarium</strong></span> 
     </span>
     <span class='ocr_line' id='line_1_35' title="bbox 366 3621 1636 3690; baseline -0.002 -12"><span class='ocrx_word' id='word_1_373' title='bbox 366 3643 416 3678; x_wconf 90' lang='lat' dir='ltr'><strong>nec</strong></span> <span class='ocrx_word' id='word_1_374' title='bbox 434 3623 479 3676; x_wconf 62' lang='lat' dir='ltr'><strong>Mt</strong></span> <span class='ocrx_word' id='word_1_375' title='bbox 497 3621 529 3677; x_wconf 82' lang='lat' dir='ltr'><strong>V.</strong></span> <span class='ocrx_word' id='word_1_376' title='bbox 549 3622 690 3690; x_wconf 89' lang='lat' dir='ltr'><strong>gloriosius</strong></span> <span class='ocrx_word' id='word_1_377' title='bbox 710 3621 767 3673; x_wconf 88' lang='lat' dir='ltr'><strong>fieri</strong></span> <span class='ocrx_word' id='word_1_378' title='bbox 783 3638 861 3690; x_wconf 87' lang='lat' dir='ltr'><strong>posse</strong></span> <span class='ocrx_word' id='word_1_379' title='bbox 880 3623 932 3674; x_wconf 91' lang='lat' dir='ltr'><strong>hoc</strong></span> <span class='ocrx_word' id='word_1_380' title='bbox 949 3627 1067 3689; x_wconf 87' lang='lat' dir='ltr'><strong>ternpore</strong></span> <span class='ocrx_word' id='word_1_381' title='bbox 1087 3623 1242 3680; x_wconf 86' lang='lat' dir='ltr'><strong>existimem.</strong></span> <span class='ocrx_word' id='word_1_382' title='bbox 1261 3621 1314 3673; x_wconf 83' lang='lat' dir='ltr'><strong>lroc</strong></span> <span class='ocrx_word' id='word_1_383' title='bbox 1333 3625 1402 3673; x_wconf 89' lang='lat' dir='ltr'><strong>enim</strong></span> <span class='ocrx_word' id='word_1_384' title='bbox 1426 3623 1518 3674; x_wconf 83' lang='lat' dir='ltr'><strong>audito</strong></span> <span class='ocrx_word' id='word_1_385' title='bbox 1542 3626 1636 3676; x_wconf 85' lang='lat' dir='ltr'><strong>nuntio</strong></span> 
     </span>
     <span class='ocr_line' id='line_1_36' title="bbox 369 3707 1637 3778; baseline -0.002 -14"><span class='ocrx_word' id='word_1_386' title='bbox 369 3711 422 3764; x_wconf 90' lang='lat' dir='ltr'><strong>dici</strong></span> <span class='ocrx_word' id='word_1_387' title='bbox 439 3729 493 3763; x_wconf 87' lang='lat' dir='ltr'><strong>nou</strong></span> <span class='ocrx_word' id='word_1_388' title='bbox 510 3715 606 3778; x_wconf 90' lang='lat' dir='ltr'><strong>potest,</strong></span> <span class='ocrx_word' id='word_1_389' title='bbox 627 3715 725 3776; x_wconf 87' lang='lat' dir='ltr'><strong>quanto</strong></span> <span class='ocrx_word' id='word_1_390' title='bbox 743 3708 840 3776; x_wconf 89' lang='lat' dir='ltr'><strong>gaudio</strong></span> <span class='ocrx_word' id='word_1_391' title='bbox 859 3707 959 3774; x_wconf 80' lang='lat' dir='ltr'><strong>profusi</strong></span> <span class='ocrx_word' id='word_1_392' title='bbox 977 3713 1038 3759; x_wconf 87' lang='lat' dir='ltr'><strong>sunt</strong></span> <span class='ocrx_word' id='word_1_393' title='bbox 1054 3711 1144 3776; x_wconf 82' lang='lat' dir='ltr'><strong>patres</strong></span> <span class='ocrx_word' id='word_1_394' title='bbox 1167 3721 1257 3759; x_wconf 88' lang='lat' dir='ltr'><strong>omnes</strong></span> <span class='ocrx_word' id='word_1_395' title='bbox 1280 3709 1325 3774; x_wconf 91' lang='lat' dir='ltr'><strong>qui</strong></span> <span class='ocrx_word' id='word_1_396' title='bbox 1348 3708 1393 3758; x_wconf 89' lang='lat' dir='ltr'><strong>hic</strong></span> <span class='ocrx_word' id='word_1_397' title='bbox 1414 3715 1475 3760; x_wconf 81' lang='lat' dir='ltr'><strong>suut</strong></span> <span class='ocrx_word' id='word_1_398' title='bbox 1488 3746 1494 3760; x_wconf 94' lang='lat'><em>.</em></span> <span class='ocrx_word' id='word_1_399' title='bbox 1506 3745 1534 3760; x_wconf 91' lang='lat'><strong>..</strong></span> <span class='ocrx_word' id='word_1_400' title='bbox 1553 3725 1637 3777; x_wconf 87' lang='lat' dir='ltr'><strong>quare</strong></span> 
     </span>
     <span class='ocr_line' id='line_1_37' title="bbox 367 3793 1636 3863; baseline -0.002 -14"><span class='ocrx_word' id='word_1_401' title='bbox 367 3799 401 3849; x_wconf 84' lang='lat' dir='ltr'><strong>ab</strong></span> <span class='ocrx_word' id='word_1_402' title='bbox 422 3812 454 3849; x_wconf 85' lang='lat' dir='ltr'><strong>ea</strong></span> <span class='ocrx_word' id='word_1_403' title='bbox 470 3803 561 3849; x_wconf 85' lang='lat' dir='ltr'><strong>tamen</strong></span> <span class='ocrx_word' id='word_1_404' title='bbox 579 3798 685 3848; x_wconf 85' lang='lat' dir='ltr'><strong>summis</strong></span> <span class='ocrx_word' id='word_1_405' title='bbox 703 3797 827 3862; x_wconf 86' lang='lat' dir='ltr'><strong>precibus</strong></span> <span class='ocrx_word' id='word_1_406' title='bbox 844 3800 916 3863; x_wconf 89' lang='lat' dir='ltr'><strong>peto,</strong></span> <span class='ocrx_word' id='word_1_407' title='bbox 934 3801 964 3845; x_wconf 88' lang='lat' dir='ltr'><strong>ut</strong></span> <span class='ocrx_word' id='word_1_408' title='bbox 981 3796 1015 3845; x_wconf 87' lang='lat' dir='ltr'><strong>ab</strong></span> <span class='ocrx_word' id='word_1_409' title='bbox 1033 3793 1085 3845; x_wconf 92' lang='lat' dir='ltr'><strong>hoc</strong></span> <span class='ocrx_word' id='word_1_410' title='bbox 1103 3795 1238 3861; x_wconf 87' lang='lat' dir='ltr'><strong>proposito</strong></span> <span class='ocrx_word' id='word_1_411' title='bbox 1257 3793 1330 3846; x_wconf 90' lang='lat' dir='ltr'><strong>nulls</strong></span> <span class='ocrx_word' id='word_1_412' title='bbox 1347 3811 1376 3845; x_wconf 89' lang='lat' dir='ltr'><strong>re</strong></span> <span class='ocrx_word' id='word_1_413' title='bbox 1395 3795 1524 3846; x_wconf 76' lang='lat' dir='ltr'><strong>dimoveri</strong></span> <span class='ocrx_word' id='word_1_414' title='bbox 1542 3811 1573 3848; x_wconf 88' lang='lat' dir='ltr'><strong>se</strong></span> <span class='ocrx_word' id='word_1_415' title='bbox 1589 3811 1636 3863; x_wconf 83' lang='lat' dir='ltr'><strong>pa·</strong></span> 
     </span>
     <span class='ocr_line' id='line_1_38' title="bbox 365 3879 1634 3948; baseline -0.001 -13"><span class='ocrx_word' id='word_1_416' title='bbox 365 3885 453 3948; x_wconf 86' lang='lat' dir='ltr'><strong>tiatur,</strong></span> <span class='ocrx_word' id='word_1_417' title='bbox 471 3887 502 3948; x_wconf 81' lang='lat' dir='ltr'><strong>ut</strong></span> <span class='ocrx_word' id='word_1_418' title='bbox 518 3883 624 3933; x_wconf 84' lang='lat' dir='ltr'><strong>taudem</strong></span> <span class='ocrx_word' id='word_1_419' title='bbox 642 3898 675 3932; x_wconf 86' lang='lat' dir='ltr'><strong>ex</strong></span> <span class='ocrx_word' id='word_1_420' title='bbox 692 3881 743 3933; x_wconf 85' lang='lat' dir='ltr'><strong>fine</strong></span> <span class='ocrx_word' id='word_1_421' title='bbox 760 3881 837 3932; x_wconf 90' lang='lat' dir='ltr'><strong>huius</strong></span> <span class='ocrx_word' id='word_1_422' title='bbox 856 3883 970 3945; x_wconf 90' lang='lat' dir='ltr'><strong>concilii,</strong></span> <span class='ocrx_word' id='word_1_423' title='bbox 994 3883 1016 3930; x_wconf 93' lang='lat' dir='ltr'><strong>si</strong></span> <span class='ocrx_word' id='word_1_424' title='bbox 1034 3883 1186 3932; x_wconf 87' lang='lat' dir='ltr'><strong>aberrantes</strong></span> <span class='ocrx_word' id='word_1_425' title='bbox 1205 3887 1235 3931; x_wconf 89' lang='lat' dir='ltr'><strong>ut</strong></span> <span class='ocrx_word' id='word_1_426' title='bbox 1253 3885 1373 3947; x_wconf 86' lang='lat' dir='ltr'><strong>optamus</strong></span> <span class='ocrx_word' id='word_1_427' title='bbox 1391 3879 1426 3932; x_wconf 85' lang='lat' dir='ltr'><strong>ad</strong></span> <span class='ocrx_word' id='word_1_428' title='bbox 1442 3886 1543 3933; x_wconf 86' lang='lat' dir='ltr'><strong>rectam</strong></span> <span class='ocrx_word' id='word_1_429' title='bbox 1561 3884 1634 3934; x_wconf 81' lang='lat' dir='ltr'><strong>viam</strong></span> 
     </span>
     <span class='ocr_line' id='line_1_39' title="bbox 366 3967 1635 4035; baseline -0.001 -14"><span class='ocrx_word' id='word_1_430' title='bbox 366 3967 459 4022; x_wconf 87' lang='lat' dir='ltr'><strong>reduci</strong></span> <span class='ocrx_word' id='word_1_431' title='bbox 476 3985 529 4021; x_wconf 93' lang='lat' dir='ltr'><strong>non</strong></span> <span class='ocrx_word' id='word_1_432' title='bbox 546 3973 678 4035; x_wconf 86' lang='lat' dir='ltr'><strong>poterunt,</strong></span> <span class='ocrx_word' id='word_1_433' title='bbox 709 3967 833 4020; x_wconf 84' lang='lat' dir='ltr'><strong>catholici</strong></span> <span class='ocrx_word' id='word_1_434' title='bbox 851 3968 945 4018; x_wconf 89' lang='lat' dir='ltr'><strong>saltem</strong></span> <span class='ocrx_word' id='word_1_435' title='bbox 972 3969 999 4018; x_wconf 90' lang='lat' dir='ltr'><strong>in</strong></span> <span class='ocrx_word' id='word_1_436' title='bbox 1022 3969 1092 4018; x_wconf 84' lang='lat' dir='ltr'><strong>reris</strong></span> <span class='ocrx_word' id='word_1_437' title='bbox 1111 3967 1278 4034; x_wconf 89' lang='lat' dir='ltr'><strong>dogmatibus</strong></span> <span class='ocrx_word' id='word_1_438' title='bbox 1296 3969 1367 4018; x_wconf 91' lang='lat' dir='ltr'><strong>etin</strong></span> <span class='ocrx_word' id='word_1_439' title='bbox 1384 3981 1452 4033; x_wconf 86' lang='lat' dir='ltr'><strong>pura</strong></span> <span class='ocrx_word' id='word_1_440' title='bbox 1468 3967 1523 4019; x_wconf 85' lang='lat' dir='ltr'><strong>fide</strong></span> <span class='ocrx_word' id='word_1_441' title='bbox 1541 3967 1635 4020; x_wconf 86' lang='lat' dir='ltr'><strong>confir·</strong></span> 
     </span>
     <span class='ocr_line' id='line_1_40' title="bbox 366 4053 1634 4122; baseline -0.001 -15"><span class='ocrx_word' id='word_1_442' title='bbox 366 4061 481 4119; x_wconf 65' lang='lat' dir='ltr'><strong>mentum</strong></span> <span class='ocrx_word' id='word_1_443' title='bbox 500 4055 572 4122; x_wconf 87' lang='lat' dir='ltr'><strong>quod</strong></span> <span class='ocrx_word' id='word_1_444' title='bbox 590 4055 612 4105; x_wconf 92' lang='lat' dir='ltr'><strong>si</strong></span> <span class='ocrx_word' id='word_1_445' title='bbox 630 4070 663 4106; x_wconf 90' lang='lat' dir='ltr'><strong>ea</strong></span> <span class='ocrx_word' id='word_1_446' title='bbox 681 4070 749 4121; x_wconf 90' lang='lat' dir='ltr'><strong>quae</strong></span> <span class='ocrx_word' id='word_1_447' title='bbox 766 4053 812 4105; x_wconf 90' lang='lat' dir='ltr'><strong>hic</strong></span> <span class='ocrx_word' id='word_1_448' title='bbox 831 4054 939 4106; x_wconf 87' lang='lat' dir='ltr'><strong>decreta</strong></span> <span class='ocrx_word' id='word_1_449' title='bbox 956 4059 1025 4117; x_wconf 87' lang='lat' dir='ltr'><strong>sunt,</strong></span> <span class='ocrx_word' id='word_1_450' title='bbox 1048 4055 1137 4120; x_wconf 86' lang='lat' dir='ltr'><strong>aliquo</strong></span> <span class='ocrx_word' id='word_1_451' title='bbox 1157 4069 1221 4105; x_wconf 85' lang='lat' dir='ltr'><strong>casn</strong></span> <span class='ocrx_word' id='word_1_452' title='bbox 1239 4053 1356 4104; x_wconf 89' lang='lat' dir='ltr'><strong>nondum</strong></span> <span class='ocrx_word' id='word_1_453' title='bbox 1379 4053 1498 4120; x_wconf 70' lang='lat' dir='ltr'><strong>perfecto</strong></span> <span class='ocrx_word' id='word_1_454' title='bbox 1517 4055 1634 4106; x_wconf 87' lang='lat' dir='ltr'><strong>concilio</strong></span> 
     </span>
     <span class='ocr_line' id='line_1_41' title="bbox 366 4137 1634 4208; baseline -0.002 -14"><span class='ocrx_word' id='word_1_455' title='bbox 366 4142 473 4194; x_wconf 87' lang='lat' dir='ltr'><strong>minime</strong></span> <span class='ocrx_word' id='word_1_456' title='bbox 491 4141 678 4206; x_wconf 82' lang='lat' dir='ltr'><strong>stabilirentur,</strong></span> <span class='ocrx_word' id='word_1_457' title='bbox 696 4141 816 4207; x_wconf 82' lang='lat' dir='ltr'><strong>profecto</strong></span> <span class='ocrx_word' id='word_1_458' title='bbox 834 4143 947 4192; x_wconf 83' lang='lat' dir='ltr'><strong>maximo</strong></span> <span class='ocrx_word' id='word_1_459' title='bbox 966 4139 1133 4192; x_wconf 86' lang='lat' dir='ltr'><strong>incommodo</strong></span> <span class='ocrx_word' id='word_1_460' title='bbox 1153 4139 1268 4192; x_wconf 86' lang='lat' dir='ltr'><strong>ecclesia</strong></span> <span class='ocrx_word' id='word_1_461' title='bbox 1300 4140 1344 4191; x_wconf 89' lang='lat' dir='ltr'><strong>dei</strong></span> <span class='ocrx_word' id='word_1_462' title='bbox 1366 4137 1519 4192; x_wconf 79' lang='lat' dir='ltr'><strong>afficeretur</strong></span> <span class='ocrx_word' id='word_1_463' title='bbox 1546 4141 1634 4208; x_wconf 86' lang='lat' dir='ltr'><strong>deque</strong></span> 
     </span>
     <span class='ocr_line' id='line_1_42' title="bbox 365 4225 1633 4294; baseline -0.002 -12"><span class='ocrx_word' id='word_1_464' title='bbox 365 4232 406 4282; x_wconf 86' lang='lat' dir='ltr'><strong>tot</strong></span> <span class='ocrx_word' id='word_1_465' title='bbox 422 4225 559 4280; x_wconf 78' lang='lat' dir='ltr'><strong>laboribus</strong></span> <span class='ocrx_word' id='word_1_466' title='bbox 577 4232 603 4277; x_wconf 84' lang='lat' dir='ltr'><strong>et</strong></span> <span class='ocrx_word' id='word_1_467' title='bbox 620 4227 714 4278; x_wconf 90' lang='lat' dir='ltr'><strong>summi</strong></span> <span class='ocrx_word' id='word_1_468' title='bbox 731 4225 863 4292; x_wconf 86' lang='lat' dir='ltr'><strong>pontificis</strong></span> <span class='ocrx_word' id='word_1_469' title='bbox 883 4230 909 4276; x_wconf 86' lang='lat' dir='ltr'><strong>et</strong></span> <span class='ocrx_word' id='word_1_470' title='bbox 926 4225 980 4276; x_wconf 69' lang='lat' dir='ltr'><strong>Mn.</strong></span> <span class='ocrx_word' id='word_1_471' title='bbox 998 4225 1030 4277; x_wconf 82' lang='lat' dir='ltr'><strong>V.</strong></span> <span class='ocrx_word' id='word_1_472' title='bbox 1050 4231 1076 4276; x_wconf 93' lang='lat' dir='ltr'><strong>et</strong></span> <span class='ocrx_word' id='word_1_473' title='bbox 1094 4225 1205 4277; x_wconf 88' lang='lat' dir='ltr'><strong>aliorum</strong></span> <span class='ocrx_word' id='word_1_474' title='bbox 1221 4241 1315 4292; x_wconf 86' lang='lat' dir='ltr'><strong>regum</strong></span> <span class='ocrx_word' id='word_1_475' title='bbox 1333 4241 1366 4277; x_wconf 84' lang='lat' dir='ltr'><strong>ac</strong></span> <span class='ocrx_word' id='word_1_476' title='bbox 1382 4227 1532 4294; x_wconf 87' lang='lat' dir='ltr'><strong>principum</strong></span> <span class='ocrx_word' id='word_1_477' title='bbox 1544 4228 1633 4279; x_wconf 82' lang='lat' dir='ltr'><strong>aulius</strong></span> 
     </span>
     <span class='ocr_line' id='line_1_43' title="bbox 370 4311 1632 4380; baseline 0 -15"><span class='ocrx_word' id='word_1_478' title='bbox 370 4311 471 4366; x_wconf 79' lang='lat' dir='ltr'><strong>fructus</strong></span> <span class='ocrx_word' id='word_1_479' title='bbox 489 4313 675 4380; x_wconf 86' lang='lat' dir='ltr'><strong>perciperetur,</strong></span> <span class='ocrx_word' id='word_1_480' title='bbox 701 4312 754 4363; x_wconf 90' lang='lat' dir='ltr'><strong>imo</strong></span> <span class='ocrx_word' id='word_1_481' title='bbox 773 4313 862 4364; x_wconf 88' lang='lat' dir='ltr'><strong>omnia</strong></span> <span class='ocrx_word' id='word_1_482' title='bbox 887 4313 972 4378; x_wconf 85' lang='lat' dir='ltr'><strong>magis</strong></span> <span class='ocrx_word' id='word_1_483' title='bbox 998 4311 1214 4377; x_wconf 88' lang='lat' dir='ltr'><strong>perturbarentur</strong></span> <span class='ocrx_word' id='word_1_484' title='bbox 1241 4318 1269 4363; x_wconf 90' lang='lat' dir='ltr'><strong>et</strong></span> <span class='ocrx_word' id='word_1_485' title='bbox 1295 4311 1468 4364; x_wconf 82' lang='lat' dir='ltr'><strong>fundamenta</strong></span> <span class='ocrx_word' id='word_1_486' title='bbox 1494 4313 1632 4380; x_wconf 78' lang='lat' dir='ltr'><strong>religionis</strong></span> 
     </span>
     <span class='ocr_line' id='line_1_44' title="bbox 366 4397 1630 4466; baseline 0 -16"><span class='ocrx_word' id='word_1_487' title='bbox 366 4405 471 4452; x_wconf 77' lang='lat' dir='ltr'><strong>neutrae</strong></span> <span class='ocrx_word' id='word_1_488' title='bbox 489 4398 562 4450; x_wconf 84' lang='lat' dir='ltr'><strong>facta</strong></span> <span class='ocrx_word' id='word_1_489' title='bbox 578 4399 606 4450; x_wconf 90' lang='lat' dir='ltr'><strong>in</strong></span> <span class='ocrx_word' id='word_1_490' title='bbox 623 4399 675 4450; x_wconf 92' lang='lat' dir='ltr'><strong>hoc</strong></span> <span class='ocrx_word' id='word_1_491' title='bbox 693 4399 807 4449; x_wconf 90' lang='lat' dir='ltr'><strong>concilio</strong></span> <span class='ocrx_word' id='word_1_492' title='bbox 818 4397 898 4449; x_wconf 81' lang='lat' dir='ltr'><strong>facile</strong></span> <span class='ocrx_word' id='word_1_493' title='bbox 916 4413 964 4463; x_wconf 92' lang='lat' dir='ltr'><strong>per</strong></span> <span class='ocrx_word' id='word_1_494' title='bbox 973 4398 1084 4448; x_wconf 88' lang='lat' dir='ltr'><strong>alterurn</strong></span> <span class='ocrx_word' id='word_1_495' title='bbox 1105 4397 1246 4448; x_wconf 88' lang='lat' dir='ltr'><strong>concilium</strong></span> <span class='ocrx_word' id='word_1_496' title='bbox 1255 4413 1310 4451; x_wconf 91' lang='lat' dir='ltr'><strong>non</strong></span> <span class='ocrx_word' id='word_1_497' title='bbox 1319 4399 1387 4450; x_wconf 87' lang='lat' dir='ltr'><strong>adeo</strong></span> <span class='ocrx_word' id='word_1_498' title='bbox 1406 4397 1554 4466; x_wconf 83' lang='lat' dir='ltr'><strong>legitimum</strong></span> <span class='ocrx_word' id='word_1_499' title='bbox 1567 4416 1630 4452; x_wconf 93' lang='lat' dir='ltr'><strong>cou-</strong></span> 
     </span>
     <span class='ocr_line' id='line_1_45' title="bbox 365 4483 1237 4560; baseline -0.002 -22"><span class='ocrx_word' id='word_1_500' title='bbox 365 4485 531 4539; x_wconf 76' lang='lat' dir='ltr'><strong>vellereutur.</strong></span> <span class='ocrx_word' id='word_1_501' title='bbox 542 4512 582 4560; x_wconf 41' lang='lat'><strong>·-</strong></span> <span class='ocrx_word' id='word_1_502' title='bbox 600 4483 663 4552; x_wconf 87' lang='lat' dir='ltr'><strong>Vgl.</strong></span> <span class='ocrx_word' id='word_1_503' title='bbox 682 4485 725 4535; x_wconf 89' lang='lat' dir='ltr'><strong>dic</strong></span> <span class='ocrx_word' id='word_1_504' title='bbox 743 4483 831 4536; x_wconf 84' lang='lat' dir='ltr'><strong>Briese</strong></span> <span class='ocrx_word' id='word_1_505' title='bbox 850 4485 876 4534; x_wconf 91' lang='lat' dir='ltr'><strong>in</strong></span> <span class='ocrx_word' id='word_1_506' title='bbox 894 4483 960 4534; x_wconf 84' lang='lat' dir='ltr'><strong>Pell.</strong></span> <span class='ocrx_word' id='word_1_507' title='bbox 980 4487 1004 4544; x_wconf 80' lang='lat'><strong>2,</strong></span> <span class='ocrx_word' id='word_1_508' title='bbox 1023 4485 1081 4534; x_wconf 79' lang='lat'>931.</span> <span class='ocrx_word' id='word_1_509' title='bbox 1101 4485 1159 4534; x_wconf 78' lang='lat'><strong>932.</strong></span> <span class='ocrx_word' id='word_1_510' title='bbox 1178 4486 1237 4536; x_wconf 79' lang='grc'><strong>999.</strong></span> 
     </span>
    </p>

    <p class='ocr_par' dir='ltr' id='par_1_6' title="bbox 364 4569 1630 5074">
     <span class='ocr_line' id='line_1_46' title="bbox 432 4569 1630 4638; baseline 0.003 -18"><span class='ocrx_word' id='word_1_511' title='bbox 432 4569 481 4620; x_wconf 93' lang='lat' dir='ltr'><strong>Ich</strong></span> <span class='ocrx_word' id='word_1_512' title='bbox 498 4569 560 4638; x_wconf 76' lang='lat' dir='ltr'><strong>iuge</strong></span> <span class='ocrx_word' id='word_1_513' title='bbox 578 4570 647 4623; x_wconf 92' lang='lat' dir='ltr'><strong>noch</strong></span> <span class='ocrx_word' id='word_1_514' title='bbox 667 4571 746 4622; x_wconf 78' lang='lat' dir='ltr'><strong>hinnu</strong></span> <span class='ocrx_word' id='word_1_515' title='bbox 763 4587 817 4622; x_wconf 85' lang='lat' dir='ltr'><strong>was</strong></span> <span class='ocrx_word' id='word_1_516' title='bbox 836 4571 878 4621; x_wconf 88' lang='lat' dir='ltr'><strong>die</strong></span> <span class='ocrx_word' id='word_1_517' title='bbox 898 4569 1116 4622; x_wconf 82' lang='lat' dir='ltr'><strong>Conciloratoren</strong></span> <span class='ocrx_word' id='word_1_518' title='bbox 1139 4570 1209 4621; x_wconf 86' lang='lat' dir='ltr'><strong>nach</strong></span> <span class='ocrx_word' id='word_1_519' title='bbox 1232 4569 1366 4638; x_wconf 79' lang='lat' dir='ltr'><strong>Empiaug</strong></span> <span class='ocrx_word' id='word_1_520' title='bbox 1390 4571 1437 4623; x_wconf 89' lang='lat' dir='ltr'><strong>der</strong></span> <span class='ocrx_word' id='word_1_521' title='bbox 1453 4584 1540 4623; x_wconf 88' lang='lat' dir='ltr'><strong>neuen</strong></span> <span class='ocrx_word' id='word_1_522' title='bbox 1557 4571 1630 4623; x_wconf 85' lang='lat' dir='ltr'><strong>Wei·</strong></span> 
     </span>
     <span class='ocr_line' id='line_1_47' title="bbox 366 4653 1629 4726; baseline 0 -18"><span class='ocrx_word' id='word_1_523' title='bbox 366 4670 434 4726; x_wconf 84' lang='lat' dir='ltr'><strong>sung</strong></span> <span class='ocrx_word' id='word_1_524' title='bbox 451 4655 614 4707; x_wconf 89' lang='lat' dir='ltr'><strong>berichteteu</strong></span> <span class='ocrx_word' id='word_1_525' title='bbox 633 4655 672 4722; x_wconf 78' lang='lat'><strong>(0.</strong></span> <span class='ocrx_word' id='word_1_526' title='bbox 684 4655 734 4722; x_wconf 68' lang='grc'><strong>9.).</strong></span> <span class='ocrx_word' id='word_1_527' title='bbox 753 4657 802 4708; x_wconf 81' lang='lat' dir='ltr'><strong>Am</strong></span> <span class='ocrx_word' id='word_1_528' title='bbox 822 4658 851 4708; x_wconf 91' lang='lat'><strong>11</strong></span> <span class='ocrx_word' id='word_1_529' title='bbox 872 4653 990 4708; x_wconf 89' lang='lat' dir='ltr'><strong>October</strong></span> <span class='ocrx_word' id='word_1_530' title='bbox 1008 4655 1112 4708; x_wconf 85' lang='lat' dir='ltr'><strong>melden</strong></span> <span class='ocrx_word' id='word_1_531' title='bbox 1130 4658 1169 4706; x_wconf 90' lang='lat' dir='ltr'><strong>sie</strong></span> <span class='ocrx_word' id='word_1_532' title='bbox 1187 4655 1231 4706; x_wconf 90' lang='lat' dir='ltr'><strong>die</strong></span> <span class='ocrx_word' id='word_1_533' title='bbox 1244 4657 1355 4708; x_wconf 78' lang='lat' dir='ltr'><strong>Abreise</strong></span> <span class='ocrx_word' id='word_1_534' title='bbox 1369 4657 1416 4708; x_wconf 84' lang='lat' dir='ltr'><strong>der</strong></span> <span class='ocrx_word' id='word_1_535' title='bbox 1432 4657 1629 4708; x_wconf 67' lang='lat' dir='ltr'><strong>nemausense</strong></span> 
     </span>
     <span class='ocr_line' id='line_1_48' title="bbox 367 4740 1630 4810; baseline 0.002 -19"><span class='ocrx_word' id='word_1_536' title='bbox 367 4740 496 4792; x_wconf 85' lang='lat' dir='ltr'><strong>Oratoren</strong></span> <span class='ocrx_word' id='word_1_537' title='bbox 525 4741 615 4808; x_wconf 84' lang='lat' dir='ltr'><strong>(Sarpi</strong></span> <span class='ocrx_word' id='word_1_538' title='bbox 635 4745 699 4810; x_wconf 64' lang='grc'><strong>962,</strong></span> <span class='ocrx_word' id='word_1_539' title='bbox 718 4743 757 4794; x_wconf 92' lang='lat' dir='ltr'><strong>Le</strong></span> <span class='ocrx_word' id='word_1_540' title='bbox 775 4743 836 4794; x_wconf 89' lang='lat' dir='ltr'><strong>Plat</strong></span> <span class='ocrx_word' id='word_1_541' title='bbox 854 4743 878 4806; x_wconf 86' lang='grc'><strong>6,</strong></span> <span class='ocrx_word' id='word_1_542' title='bbox 896 4743 948 4792; x_wconf 81' lang='lat'><strong>260</strong></span> <span class='ocrx_word' id='word_1_543' title='bbox 966 4741 1061 4810; x_wconf 81' lang='lat' dir='ltr'><strong>sequ),</strong></span> <span class='ocrx_word' id='word_1_544' title='bbox 1090 4741 1141 4792; x_wconf 86' lang='lat' dir='ltr'><strong>den</strong></span> <span class='ocrx_word' id='word_1_545' title='bbox 1159 4741 1271 4793; x_wconf 82' lang='lat' dir='ltr'><strong>Verlaui</strong></span> <span class='ocrx_word' id='word_1_546' title='bbox 1287 4742 1335 4793; x_wconf 86' lang='lat' dir='ltr'><strong>der</strong></span> <span class='ocrx_word' id='word_1_547' title='bbox 1353 4742 1549 4810; x_wconf 80' lang='lat' dir='ltr'><strong>Congregation</strong></span> <span class='ocrx_word' id='word_1_548' title='bbox 1567 4759 1630 4794; x_wconf 83' lang='lat' dir='ltr'><strong>roru</strong></span> 
     </span>
     <span class='ocr_line' id='line_1_49' title="bbox 367 4825 1627 4894; baseline 0 -16"><span class='ocrx_word' id='word_1_549' title='bbox 367 4828 384 4878; x_wconf 89' lang='grc'><strong>8</strong></span> <span class='ocrx_word' id='word_1_550' title='bbox 402 4825 462 4880; x_wconf 86' lang='lat' dir='ltr'><strong>Oct.</strong></span> <span class='ocrx_word' id='word_1_551' title='bbox 482 4826 645 4893; x_wconf 80' lang='lat' dir='ltr'><strong>(Beccadelli</strong></span> <span class='ocrx_word' id='word_1_552' title='bbox 666 4831 727 4894; x_wconf 79' lang='lat'><strong>1363</strong></span> <span class='ocrx_word' id='word_1_553' title='bbox 745 4829 888 4880; x_wconf 87' lang='lat' dir='ltr'><strong>Mendham</strong></span> <span class='ocrx_word' id='word_1_554' title='bbox 907 4831 975 4893; x_wconf 79' lang='grc'><strong>616),</strong></span> <span class='ocrx_word' id='word_1_555' title='bbox 994 4829 1093 4880; x_wconf 83' lang='lat' dir='ltr'><strong>semer:</strong></span> <span class='ocrx_word' id='word_1_556' title='bbox 1121 4845 1153 4878; x_wconf 88' lang='lat' dir='ltr'><strong>ex</strong></span> <span class='ocrx_word' id='word_1_557' title='bbox 1177 4829 1298 4879; x_wconf 88' lang='lat' dir='ltr'><strong>omuibus</strong></span> <span class='ocrx_word' id='word_1_558' title='bbox 1320 4831 1537 4894; x_wconf 84' lang='lat' dir='ltr'><strong>procuratoribus</strong></span> <span class='ocrx_word' id='word_1_559' title='bbox 1560 4830 1627 4894; x_wconf 85' lang='lat' dir='ltr'><strong>epis·</strong></span> 
     </span>
     <span class='ocr_line' id='line_1_50' title="bbox 365 4911 1626 4982; baseline 0.001 -19"><span class='ocrx_word' id='word_1_560' title='bbox 365 4927 491 4977; x_wconf 88' lang='lat' dir='ltr'><strong>coporum</strong></span> <span class='ocrx_word' id='word_1_561' title='bbox 510 4911 725 4966; x_wconf 83' lang='lat' dir='ltr'><strong>Germanicorum</strong></span> <span class='ocrx_word' id='word_1_562' title='bbox 742 4931 811 4966; x_wconf 90' lang='lat' dir='ltr'><strong>unus</strong></span> <span class='ocrx_word' id='word_1_563' title='bbox 824 4913 1006 4981; x_wconf 80' lang='lat' dir='ltr'><strong>suffraganeus</strong></span> <span class='ocrx_word' id='word_1_564' title='bbox 1024 4916 1186 4966; x_wconf 69' lang='lat' dir='ltr'><strong>aestetensis</strong></span> <span class='ocrx_word' id='word_1_565' title='bbox 1203 4914 1249 4965; x_wconf 90' lang='lat' dir='ltr'><strong>bic</strong></span> <span class='ocrx_word' id='word_1_566' title='bbox 1267 4921 1408 4979; x_wconf 84' lang='lat' dir='ltr'><strong>manserat,</strong></span> <span class='ocrx_word' id='word_1_567' title='bbox 1426 4917 1471 4982; x_wconf 91' lang='lat' dir='ltr'><strong>qul</strong></span> <span class='ocrx_word' id='word_1_568' title='bbox 1481 4917 1562 4966; x_wconf 79' lang='lat' dir='ltr'><strong>etiam</strong></span> <span class='ocrx_word' id='word_1_569' title='bbox 1578 4929 1626 4964; x_wconf 89' lang='lat' dir='ltr'><strong>nu·</strong></span> 
     </span>
     <span class='ocr_line' id='line_1_51' title="bbox 364 4995 1626 5074; baseline -0.003 -18"><span class='ocrx_word' id='word_1_570' title='bbox 364 4995 515 5056; x_wconf 75' lang='lat' dir='ltr'><strong>dlustertins</strong></span> <span class='ocrx_word' id='word_1_571' title='bbox 533 4999 661 5055; x_wconf 83' lang='lat' dir='ltr'><strong>discessit</strong></span> <span class='ocrx_word' id='word_1_572' title='bbox 681 5016 760 5070; x_wconf 87' lang='lat' dir='ltr'><strong>quam</strong></span> <span class='ocrx_word' id='word_1_573' title='bbox 778 5017 833 5056; x_wconf 88' lang='lat' dir='ltr'><strong>rem</strong></span> <span class='ocrx_word' id='word_1_574' title='bbox 851 5017 911 5054; x_wconf 85' lang='lat' dir='ltr'><strong>curn</strong></span> <span class='ocrx_word' id='word_1_575' title='bbox 929 5001 1039 5055; x_wconf 85' lang='lat' dir='ltr'><strong>videant</strong></span> <span class='ocrx_word' id='word_1_576' title='bbox 1057 5001 1138 5070; x_wconf 84' lang='lat' dir='ltr'><strong>legati</strong></span> <span class='ocrx_word' id='word_1_577' title='bbox 1156 5003 1291 5074; x_wconf 86' lang='lat' dir='ltr'><strong>ceterique</strong></span> <span class='ocrx_word' id='word_1_578' title='bbox 1313 5007 1403 5070; x_wconf 85' lang='lat' dir='ltr'><strong>patres</strong></span> <span class='ocrx_word' id='word_1_579' title='bbox 1425 5002 1496 5056; x_wconf 85' lang='lat' dir='ltr'><strong>sacri</strong></span> <span class='ocrx_word' id='word_1_580' title='bbox 1516 4999 1626 5055; x_wconf 86' lang='lat' dir='ltr'><strong>concilii</strong></span> 
     </span>
    </p>
   </div>
   <div class='ocr_carea' id='block_1_5' title="bbox 0 0 1760 5838">
    <p class='ocr_par' dir='ltr' id='par_1_7' title="bbox 0 0 1760 5838">
     <span class='ocr_line' id='line_1_52' title="bbox 0 0 1760 5838; baseline 0 4"><span class='ocrx_word' id='word_1_581' title='bbox 0 0 1760 5838; x_wconf 95' lang='lat' dir='ltr'><strong> </strong></span> 
     </span>
    </p>
   </div>
  </div>
 </body>
</html>
