<?xml version="1.0" encoding="UTF-8"?>
<!DOCTYPE html PUBLIC "-//W3C//DTD XHTML 1.0 Transitional//EN"
    "http://www.w3.org/TR/xhtml1/DTD/xhtml1-transitional.dtd">
<html xmlns="http://www.w3.org/1999/xhtml" xml:lang="en" lang="en">
 <head>
  <title>
</title>
<meta http-equiv="Content-Type" content="text/html;charset=utf-8" />
  <meta name='ocr-system' content='tesseract 3.04.00' />
  <meta name='ocr-capabilities' content='ocr_page ocr_carea ocr_par ocr_line ocrx_word'/>
</head>
<body>
  <div class='ocr_page' id='page_1' title='image "./zurgeschichtede00unkngoog/zurgeschichtede00unkngoog_0491.png"; bbox 0 0 3468 5820; ppageno 0'>
   <div class='ocr_carea' id='block_1_1' title="bbox 300 521 362 588">
    <p class='ocr_par' dir='ltr' id='par_1_1' title="bbox 300 521 362 588">
     <span class='ocr_line' id='line_1_1' title="bbox 300 521 362 588; baseline -0.032 0"><span class='ocrx_word' id='word_1_1' title='bbox 300 521 362 588; x_wconf 78' lang='lat' dir='ltr'>nt</span> 
     </span>
    </p>
   </div>
   <div class='ocr_carea' id='block_1_2' title="bbox 301 699 1651 1805">
    <p class='ocr_par' dir='ltr' id='par_1_2' title="bbox 301 699 1651 1805">
     <span class='ocr_line' id='line_1_2' title="bbox 301 699 1647 795; baseline -0.009 -20"><span class='ocrx_word' id='word_1_2' title='bbox 301 731 405 776; x_wconf 89' lang='lat' dir='ltr'>canon</span> <span class='ocrx_word' id='word_1_3' title='bbox 428 708 530 775; x_wconf 88' lang='lat' dir='ltr'>omitti</span> <span class='ocrx_word' id='word_1_4' title='bbox 551 717 670 794; x_wconf 87' lang='lat' dir='ltr'>posset.</span> <span class='ocrx_word' id='word_1_5' title='bbox 698 706 756 771; x_wconf 91' lang='lat' dir='ltr'>sed</span> <span class='ocrx_word' id='word_1_6' title='bbox 785 715 820 771; x_wconf 92' lang='lat' dir='ltr'>nt</span> <span class='ocrx_word' id='word_1_7' title='bbox 842 703 895 771; x_wconf 92' lang='lat' dir='ltr'>hic</span> <span class='ocrx_word' id='word_1_8' title='bbox 918 727 1045 795; x_wconf 90' lang='lat' dir='ltr'>quoque</span> <span class='ocrx_word' id='word_1_9' title='bbox 1075 717 1216 772; x_wconf 89' lang='lat' dir='ltr'>nostram</span> <span class='ocrx_word' id='word_1_10' title='bbox 1248 705 1437 772; x_wconf 81' lang='lat' dir='ltr'>sententiam</span> <span class='ocrx_word' id='word_1_11' title='bbox 1458 699 1647 769; x_wconf 88' lang='lat' dir='ltr'>humilime</span> 
     </span>
     <span class='ocr_line' id='line_1_3' title="bbox 301 803 1649 900; baseline -0.007 -23"><span class='ocrx_word' id='word_1_12' title='bbox 301 835 526 900; x_wconf 76' lang='lat' dir='ltr'>proponamus,</span> <span class='ocrx_word' id='word_1_13' title='bbox 551 821 652 877; x_wconf 87' lang='lat' dir='ltr'>totum</span> <span class='ocrx_word' id='word_1_14' title='bbox 674 809 737 874; x_wconf 89' lang='lat' dir='ltr'>hoc</span> <span class='ocrx_word' id='word_1_15' title='bbox 759 811 923 896; x_wconf 87' lang='lat' dir='ltr'>negotium</span> <span class='ocrx_word' id='word_1_16' title='bbox 937 807 1128 896; x_wconf 89' lang='lat' dir='ltr'>perdifficile</span> <span class='ocrx_word' id='word_1_17' title='bbox 1150 809 1292 875; x_wconf 87' lang='lat' dir='ltr'>futurum</span> <span class='ocrx_word' id='word_1_18' title='bbox 1309 819 1365 874; x_wconf 91' lang='lat' dir='ltr'>est.</span> <span class='ocrx_word' id='word_1_19' title='bbox 1390 831 1464 873; x_wconf 90' lang='lat' dir='ltr'>nam</span> <span class='ocrx_word' id='word_1_20' title='bbox 1480 803 1649 894; x_wconf 80' lang='lat' dir='ltr'><strong>episcopi</strong></span> 
     </span>
     <span class='ocr_line' id='line_1_4' title="bbox 301 912 1646 1002; baseline -0.006 -23"><span class='ocrx_word' id='word_1_21' title='bbox 301 916 440 1002; x_wconf 82' lang='lat' dir='ltr'>Hispani</span> <span class='ocrx_word' id='word_1_22' title='bbox 463 923 495 980; x_wconf 88' lang='lat' dir='ltr'>et</span> <span class='ocrx_word' id='word_1_23' title='bbox 517 912 571 978; x_wconf 89' lang='lat' dir='ltr'>alii</span> <span class='ocrx_word' id='word_1_24' title='bbox 594 913 797 978; x_wconf 83' lang='lat' dir='ltr'>autoritatem</span> <span class='ocrx_word' id='word_1_25' title='bbox 821 915 934 977; x_wconf 90' lang='lat' dir='ltr'>summi</span> <span class='ocrx_word' id='word_1_26' title='bbox 965 913 1125 1000; x_wconf 89' lang='lat' dir='ltr'>pontificis</span> <span class='ocrx_word' id='word_1_27' title='bbox 1154 915 1200 979; x_wconf 88' lang='lat' dir='ltr'>ita</span> <span class='ocrx_word' id='word_1_28' title='bbox 1221 913 1304 978; x_wconf 90' lang='lat' dir='ltr'>tueri</span> <span class='ocrx_word' id='word_1_29' title='bbox 1326 912 1452 996; x_wconf 87' lang='lat' dir='ltr'>volunt,</span> <span class='ocrx_word' id='word_1_30' title='bbox 1481 919 1520 975; x_wconf 92' lang='lat' dir='ltr'>ut</span> <span class='ocrx_word' id='word_1_31' title='bbox 1547 929 1646 972; x_wconf 86' lang='lat' dir='ltr'>suae</span> 
     </span>
     <span class='ocr_line' id='line_1_5' title="bbox 303 1009 1646 1104; baseline -0.006 -22"><span class='ocrx_word' id='word_1_32' title='bbox 303 1017 468 1104; x_wconf 84' lang='lat' dir='ltr'>dignitatis</span> <span class='ocrx_word' id='word_1_33' title='bbox 490 1041 553 1082; x_wconf 92' lang='lat' dir='ltr'>non</span> <span class='ocrx_word' id='word_1_34' title='bbox 577 1015 814 1082; x_wconf 87' lang='lat' dir='ltr'>obliviscantur.</span> <span class='ocrx_word' id='word_1_35' title='bbox 840 1015 893 1080; x_wconf 87' lang='lat' dir='ltr'>alii</span> <span class='ocrx_word' id='word_1_36' title='bbox 917 1026 1028 1080; x_wconf 88' lang='lat' dir='ltr'>contra</span> <span class='ocrx_word' id='word_1_37' title='bbox 1050 1016 1223 1082; x_wconf 85' lang='lat' dir='ltr'>ambitione</span> <span class='ocrx_word' id='word_1_38' title='bbox 1246 1025 1278 1080; x_wconf 90' lang='lat' dir='ltr'>et</span> <span class='ocrx_word' id='word_1_39' title='bbox 1292 1015 1431 1103; x_wconf 88' lang='lat' dir='ltr'>propriis</span> <span class='ocrx_word' id='word_1_40' title='bbox 1447 1009 1646 1080; x_wconf 90' lang='lat' dir='ltr'>commodis</span> 
     </span>
     <span class='ocr_line' id='line_1_6' title="bbox 303 1117 1650 1211; baseline -0.004 -27"><span class='ocrx_word' id='word_1_41' title='bbox 303 1119 391 1186; x_wconf 87' lang='lat' dir='ltr'>ducti</span> <span class='ocrx_word' id='word_1_42' title='bbox 414 1121 458 1185; x_wconf 89' lang='lat' dir='ltr'>ita</span> <span class='ocrx_word' id='word_1_43' title='bbox 481 1119 532 1186; x_wconf 48' lang='grc' dir='ltr'>ΒΜ</span> <span class='ocrx_word' id='word_1_44' title='bbox 553 1119 594 1184; x_wconf 93' lang='lat' dir='ltr'>D.</span> <span class='ocrx_word' id='word_1_45' title='bbox 616 1119 654 1184; x_wconf 88' lang='lat' dir='ltr'>N.</span> <span class='ocrx_word' id='word_1_46' title='bbox 679 1119 867 1211; x_wconf 84' lang='lat' dir='ltr'>dignitatem</span> <span class='ocrx_word' id='word_1_47' title='bbox 890 1119 994 1184; x_wconf 86' lang='lat' dir='ltr'>efferri</span> <span class='ocrx_word' id='word_1_48' title='bbox 1023 1117 1193 1185; x_wconf 83' lang='lat' dir='ltr'>voluntat</span> <span class='ocrx_word' id='word_1_49' title='bbox 1215 1141 1342 1185; x_wconf 90' lang='lat' dir='ltr'>omnem</span> <span class='ocrx_word' id='word_1_50' title='bbox 1377 1117 1537 1207; x_wconf 90' lang='lat' dir='ltr'>episcopis</span> <span class='ocrx_word' id='word_1_51' title='bbox 1579 1137 1650 1180; x_wconf 85' lang='lat' dir='ltr'>au-</span> 
     </span>
     <span class='ocr_line' id='line_1_7' title="bbox 303 1217 1646 1297; baseline -0.005 -8"><span class='ocrx_word' id='word_1_52' title='bbox 303 1223 462 1289; x_wconf 83' lang='lat' dir='ltr'>toritatem</span> <span class='ocrx_word' id='word_1_53' title='bbox 485 1223 654 1288; x_wconf 85' lang='lat' dir='ltr'>detrahere</span> <span class='ocrx_word' id='word_1_54' title='bbox 676 1223 759 1288; x_wconf 87' lang='lat' dir='ltr'>velle</span> <span class='ocrx_word' id='word_1_55' title='bbox 781 1221 959 1288; x_wconf 87' lang='lat' dir='ltr'>videantur.</span> <span class='ocrx_word' id='word_1_56' title='bbox 983 1223 1058 1288; x_wconf 92' lang='lat' dir='ltr'>hinc</span> <span class='ocrx_word' id='word_1_57' title='bbox 1080 1233 1176 1288; x_wconf 88' lang='lat' dir='ltr'>natae</span> <span class='ocrx_word' id='word_1_58' title='bbox 1199 1231 1273 1288; x_wconf 91' lang='lat' dir='ltr'>sunt</span> <span class='ocrx_word' id='word_1_59' title='bbox 1296 1221 1524 1297; x_wconf 82' lang='lat' dir='ltr'>contentiones,</span> <span class='ocrx_word' id='word_1_60' title='bbox 1550 1217 1646 1283; x_wconf 86' lang='lat' dir='ltr'>dnm</span> 
     </span>
     <span class='ocr_line' id='line_1_8' title="bbox 304 1319 1647 1415; baseline -0.005 -24"><span class='ocrx_word' id='word_1_61' title='bbox 304 1335 441 1415; x_wconf 75' lang='lat' dir='ltr'>unaque</span> <span class='ocrx_word' id='word_1_62' title='bbox 462 1349 538 1414; x_wconf 90' lang='lat' dir='ltr'>pars</span> <span class='ocrx_word' id='word_1_63' title='bbox 562 1349 653 1391; x_wconf 87' lang='lat' dir='ltr'>suam</span> <span class='ocrx_word' id='word_1_64' title='bbox 676 1327 866 1390; x_wconf 85' lang='lat' dir='ltr'>sententiam</span> <span class='ocrx_word' id='word_1_65' title='bbox 888 1325 1050 1391; x_wconf 89' lang='lat' dir='ltr'>mordicus</span> <span class='ocrx_word' id='word_1_66' title='bbox 1072 1327 1189 1392; x_wconf 91' lang='lat' dir='ltr'>retinet</span> <span class='ocrx_word' id='word_1_67' title='bbox 1217 1347 1323 1414; x_wconf 90' lang='lat' dir='ltr'>neque</span> <span class='ocrx_word' id='word_1_68' title='bbox 1351 1324 1444 1390; x_wconf 87' lang='lat' dir='ltr'>alteri</span> <span class='ocrx_word' id='word_1_69' title='bbox 1464 1324 1553 1411; x_wconf 89' lang='lat' dir='ltr'>parti</span> <span class='ocrx_word' id='word_1_70' title='bbox 1580 1319 1647 1386; x_wconf 86' lang='lat' dir='ltr'>vel</span> 
     </span>
     <span class='ocr_line' id='line_1_9' title="bbox 305 1428 1648 1520; baseline -0.002 -27"><span class='ocrx_word' id='word_1_71' title='bbox 305 1428 402 1494; x_wconf 87' lang='lat' dir='ltr'>latum</span> <span class='ocrx_word' id='word_1_72' title='bbox 427 1451 569 1520; x_wconf 75' lang='lat' dir='ltr'>unguem</span> <span class='ocrx_word' id='word_1_73' title='bbox 593 1428 770 1494; x_wconf 91' lang='lat' dir='ltr'>cedendum</span> <span class='ocrx_word' id='word_1_74' title='bbox 805 1451 876 1494; x_wconf 87' lang='lat' dir='ltr'>esse</span> <span class='ocrx_word' id='word_1_75' title='bbox 900 1439 1017 1495; x_wconf 89' lang='lat' dir='ltr'>censet.</span> <span class='ocrx_word' id='word_1_76' title='bbox 1052 1429 1110 1496; x_wconf 91' lang='lat' dir='ltr'>sed</span> <span class='ocrx_word' id='word_1_77' title='bbox 1130 1429 1192 1495; x_wconf 89' lang='lat' dir='ltr'>hac</span> <span class='ocrx_word' id='word_1_78' title='bbox 1223 1452 1349 1519; x_wconf 92' lang='lat' dir='ltr'>quoque</span> <span class='ocrx_word' id='word_1_79' title='bbox 1377 1429 1410 1493; x_wconf 92' lang='lat' dir='ltr'>in</span> <span class='ocrx_word' id='word_1_80' title='bbox 1437 1437 1531 1516; x_wconf 90' lang='lat' dir='ltr'>parte</span> <span class='ocrx_word' id='word_1_81' title='bbox 1558 1447 1648 1491; x_wconf 88' lang='lat' dir='ltr'>cum</span> 
     </span>
     <span class='ocr_line' id='line_1_10' title="bbox 307 1531 1651 1621; baseline -0.003 -25"><span class='ocrx_word' id='word_1_82' title='bbox 307 1531 400 1597; x_wconf 92' lang='lat' dir='ltr'>bonis</span> <span class='ocrx_word' id='word_1_83' title='bbox 423 1534 500 1597; x_wconf 87' lang='lat' dir='ltr'>viris</span> <span class='ocrx_word' id='word_1_84' title='bbox 523 1532 759 1599; x_wconf 86' lang='lat' dir='ltr'>elaborabimus</span> <span class='ocrx_word' id='word_1_85' title='bbox 788 1543 824 1596; x_wconf 94' lang='lat' dir='ltr'>ut</span> <span class='ocrx_word' id='word_1_86' title='bbox 852 1533 963 1598; x_wconf 88' lang='lat' dir='ltr'>saltem</span> <span class='ocrx_word' id='word_1_87' title='bbox 993 1531 1101 1621; x_wconf 91' lang='lat' dir='ltr'>aliqua</span> <span class='ocrx_word' id='word_1_88' title='bbox 1127 1533 1305 1598; x_wconf 87' lang='lat' dir='ltr'>moderatio</span> <span class='ocrx_word' id='word_1_89' title='bbox 1334 1535 1532 1615; x_wconf 83' lang='lat' dir='ltr'>inveniatur,</span> <span class='ocrx_word' id='word_1_90' title='bbox 1570 1551 1651 1617; x_wconf 86' lang='lat' dir='ltr'>qna</span> 
     </span>
     <span class='ocr_line' id='line_1_11' title="bbox 304 1631 1649 1724; baseline -0.001 -24"><span class='ocrx_word' id='word_1_91' title='bbox 304 1637 434 1724; x_wconf 89' lang='lat' dir='ltr'>utrique</span> <span class='ocrx_word' id='word_1_92' title='bbox 458 1639 636 1702; x_wconf 88' lang='lat' dir='ltr'>sententiae</span> <span class='ocrx_word' id='word_1_93' title='bbox 660 1646 813 1723; x_wconf 90' lang='lat' dir='ltr'>quantum</span> <span class='ocrx_word' id='word_1_94' title='bbox 836 1636 905 1701; x_wconf 86' lang='lat' dir='ltr'>fieri</span> <span class='ocrx_word' id='word_1_95' title='bbox 926 1635 1029 1723; x_wconf 89' lang='lat' dir='ltr'>possit</span> <span class='ocrx_word' id='word_1_96' title='bbox 1051 1637 1252 1721; x_wconf 88' lang='lat' dir='ltr'>satisfiat,·si</span> <span class='ocrx_word' id='word_1_97' title='bbox 1275 1635 1400 1702; x_wconf 88' lang='lat' dir='ltr'>efficere</span> <span class='ocrx_word' id='word_1_98' title='bbox 1422 1657 1486 1700; x_wconf 93' lang='lat' dir='ltr'>non</span> <span class='ocrx_word' id='word_1_99' title='bbox 1510 1631 1649 1721; x_wconf 89' lang='lat' dir='ltr'>poteri·</span> 
     </span>
     <span class='ocr_line' id='line_1_12' title="bbox 305 1738 1233 1805; baseline 0.002 -3"><span class='ocrx_word' id='word_1_100' title='bbox 305 1761 375 1803; x_wconf 89' lang='lat' dir='ltr'>mus</span> <span class='ocrx_word' id='word_1_101' title='bbox 398 1748 434 1804; x_wconf 90' lang='lat' dir='ltr'>ut</span> <span class='ocrx_word' id='word_1_102' title='bbox 454 1738 536 1804; x_wconf 87' lang='lat' dir='ltr'>haec</span> <span class='ocrx_word' id='word_1_103' title='bbox 558 1742 797 1805; x_wconf 82' lang='lat' dir='ltr'>contentionum</span> <span class='ocrx_word' id='word_1_104' title='bbox 819 1741 954 1804; x_wconf 88' lang='lat' dir='ltr'>materia</span> <span class='ocrx_word' id='word_1_105' title='bbox 976 1741 1191 1805; x_wconf 89' lang='lat' dir='ltr'>ommittatur.</span> <span class='ocrx_word' id='word_1_106' title='bbox 1206 1789 1233 1804; x_wconf 94' lang='lat'>..</span> 
     </span>
    </p>
   </div>
   <div class='ocr_carea' id='block_1_3' title="bbox 241 2151 1646 2346">
    <p class='ocr_par' dir='ltr' id='par_1_3' title="bbox 241 2151 1646 2346">
     <span class='ocr_line' id='line_1_13' title="bbox 241 2151 1646 2242; baseline -0.004 -21"><span class='ocrx_word' id='word_1_107' title='bbox 241 2231 242 2236; x_wconf 46' lang='lat'>.</span> <span class='ocrx_word' id='word_1_108' title='bbox 306 2153 557 2222; x_wconf 84' lang='lat' dir='ltr'>Observationes</span> <span class='ocrx_word' id='word_1_109' title='bbox 580 2164 742 2220; x_wconf 88' lang='lat' dir='ltr'>oratorum</span> <span class='ocrx_word' id='word_1_110' title='bbox 765 2151 807 2220; x_wconf 89' lang='lat' dir='ltr'>ad</span> <span class='ocrx_word' id='word_1_111' title='bbox 821 2153 981 2242; x_wconf 89' lang='lat' dir='ltr'>quaedam</span> <span class='ocrx_word' id='word_1_112' title='bbox 997 2156 1103 2242; x_wconf 86' lang='lat' dir='ltr'>capita</span> <span class='ocrx_word' id='word_1_113' title='bbox 1118 2153 1280 2221; x_wconf 88' lang='lat' dir='ltr'>literarum</span> <span class='ocrx_word' id='word_1_114' title='bbox 1298 2176 1379 2242; x_wconf 86' lang='lat' dir='ltr'>quas</span> <span class='ocrx_word' id='word_1_115' title='bbox 1395 2151 1449 2218; x_wconf 65' lang='lat' dir='ltr'>Ru</span> <span class='ocrx_word' id='word_1_116' title='bbox 1473 2152 1514 2219; x_wconf 91' lang='lat' dir='ltr'>D.</span> <span class='ocrx_word' id='word_1_117' title='bbox 1531 2151 1646 2240; x_wconf 85' lang='lat' dir='ltr'>legati</span> 
     </span>
     <span class='ocr_line' id='line_1_14' title="bbox 609 2256 1329 2346; baseline 0.003 -24"><span class='ocrx_word' id='word_1_118' title='bbox 609 2258 652 2323; x_wconf 90' lang='lat' dir='ltr'>ad</span> <span class='ocrx_word' id='word_1_119' title='bbox 675 2259 743 2323; x_wconf 87' lang='lat' dir='ltr'>eius</span> <span class='ocrx_word' id='word_1_120' title='bbox 766 2257 802 2323; x_wconf 82' lang='grc' dir='ltr'>Ο.</span> <span class='ocrx_word' id='word_1_121' title='bbox 825 2256 905 2321; x_wconf 76' lang='lat' dir='ltr'><strong>M²⁶¹¹</strong></span> <span class='ocrx_word' id='word_1_122' title='bbox 930 2259 970 2324; x_wconf 91' lang='grc'>16</span> <span class='ocrx_word' id='word_1_123' title='bbox 992 2257 1100 2324; x_wconf 88' lang='lat' dir='ltr'>Martii</span> <span class='ocrx_word' id='word_1_124' title='bbox 1124 2260 1329 2346; x_wconf 81' lang='lat' dir='ltr'>scripserunt.</span> 
     </span>
    </p>
   </div>
   <div class='ocr_carea' id='block_1_4' title="bbox 308 2453 1645 4825">
    <p class='ocr_par' dir='ltr' id='par_1_4' title="bbox 308 2453 1645 4825">
     <span class='ocr_line' id='line_1_15' title="bbox 411 2453 1643 2544; baseline -0.002 -22"><span class='ocrx_word' id='word_1_125' title='bbox 411 2457 554 2523; x_wconf 83' lang='lat' dir='ltr'>Maxime</span> <span class='ocrx_word' id='word_1_126' title='bbox 576 2455 752 2544; x_wconf 89' lang='lat' dir='ltr'>optandum</span> <span class='ocrx_word' id='word_1_127' title='bbox 775 2465 860 2522; x_wconf 85' lang='lat' dir='ltr'>esset</span> <span class='ocrx_word' id='word_1_128' title='bbox 882 2465 917 2520; x_wconf 90' lang='lat' dir='ltr'>ut</span> <span class='ocrx_word' id='word_1_129' title='bbox 939 2458 1022 2521; x_wconf 88' lang='lat' dir='ltr'>sacri</span> <span class='ocrx_word' id='word_1_130' title='bbox 1044 2455 1138 2521; x_wconf 88' lang='lat' dir='ltr'>huius</span> <span class='ocrx_word' id='word_1_131' title='bbox 1161 2453 1290 2522; x_wconf 89' lang='lat' dir='ltr'>concilii</span> <span class='ocrx_word' id='word_1_132' title='bbox 1310 2477 1362 2520; x_wconf 89' lang='lat' dir='ltr'>res</span> <span class='ocrx_word' id='word_1_133' title='bbox 1376 2454 1418 2520; x_wconf 85' lang='lat' dir='ltr'>ab</span> <span class='ocrx_word' id='word_1_134' title='bbox 1434 2455 1472 2520; x_wconf 88' lang='lat' dir='ltr'>iis</span> <span class='ocrx_word' id='word_1_135' title='bbox 1496 2457 1553 2544; x_wconf 92' lang='lat' dir='ltr'>qui</span> <span class='ocrx_word' id='word_1_136' title='bbox 1572 2453 1643 2520; x_wconf 87' lang='lat' dir='ltr'>cla·</span> 
     </span>
     <span class='ocr_line' id='line_1_16' title="bbox 312 2557 1644 2626; baseline -0.002 0"><span class='ocrx_word' id='word_1_137' title='bbox 312 2579 390 2626; x_wconf 86' lang='lat' dir='ltr'>vum</span> <span class='ocrx_word' id='word_1_138' title='bbox 410 2569 521 2625; x_wconf 90' lang='lat' dir='ltr'>tenent</span> <span class='ocrx_word' id='word_1_139' title='bbox 541 2561 604 2624; x_wconf 89' lang='lat' dir='ltr'>iam</span> <span class='ocrx_word' id='word_1_140' title='bbox 627 2560 702 2625; x_wconf 91' lang='lat' dir='ltr'>inde</span> <span class='ocrx_word' id='word_1_141' title='bbox 725 2559 766 2625; x_wconf 88' lang='lat' dir='ltr'>ab</span> <span class='ocrx_word' id='word_1_142' title='bbox 797 2559 930 2624; x_wconf 83' lang='lat' dir='ltr'>exordio</span> <span class='ocrx_word' id='word_1_143' title='bbox 961 2560 1007 2624; x_wconf 90' lang='lat' dir='ltr'>ita</span> <span class='ocrx_word' id='word_1_144' title='bbox 1029 2561 1218 2625; x_wconf 85' lang='lat' dir='ltr'>constitutae</span> <span class='ocrx_word' id='word_1_145' title='bbox 1241 2559 1376 2624; x_wconf 77' lang='lat' dir='ltr'>brissent</span> <span class='ocrx_word' id='word_1_146' title='bbox 1405 2568 1441 2624; x_wconf 90' lang='lat' dir='ltr'>ut</span> <span class='ocrx_word' id='word_1_147' title='bbox 1468 2557 1532 2625; x_wconf 92' lang='lat' dir='ltr'>hoc</span> <span class='ocrx_word' id='word_1_148' title='bbox 1556 2567 1644 2624; x_wconf 88' lang='lat' dir='ltr'>tem-</span> 
     </span>
     <span class='ocr_line' id='line_1_17' title="bbox 313 2662 1645 2751; baseline -0.001 -23"><span class='ocrx_word' id='word_1_149' title='bbox 313 2685 391 2749; x_wconf 91' lang='lat' dir='ltr'>pore</span> <span class='ocrx_word' id='word_1_150' title='bbox 412 2683 517 2750; x_wconf 88' lang='lat' dir='ltr'>neque</span> <span class='ocrx_word' id='word_1_151' title='bbox 539 2662 628 2749; x_wconf 89' lang='lat' dir='ltr'>ipsos</span> <span class='ocrx_word' id='word_1_152' title='bbox 650 2662 691 2728; x_wconf 88' lang='lat' dir='ltr'>ad</span> <span class='ocrx_word' id='word_1_153' title='bbox 713 2684 820 2728; x_wconf 89' lang='lat' dir='ltr'>rerum</span> <span class='ocrx_word' id='word_1_154' title='bbox 842 2685 862 2726; x_wconf 88' lang='lat' dir='ltr'>a</span> <span class='ocrx_word' id='word_1_155' title='bbox 885 2685 919 2728; x_wconf 88' lang='lat' dir='ltr'>se</span> <span class='ocrx_word' id='word_1_156' title='bbox 947 2662 1031 2728; x_wconf 87' lang='lat' dir='ltr'>male</span> <span class='ocrx_word' id='word_1_157' title='bbox 1063 2672 1226 2750; x_wconf 87' lang='lat' dir='ltr'>gestarum</span> <span class='ocrx_word' id='word_1_158' title='bbox 1257 2662 1498 2728; x_wconf 85' lang='lat' dir='ltr'>excusationem</span> <span class='ocrx_word' id='word_1_159' title='bbox 1527 2685 1645 2751; x_wconf 88' lang='lat' dir='ltr'>neque</span> 
     </span>
     <span class='ocr_line' id='line_1_18' title="bbox 313 2765 1643 2855; baseline -0.002 -23"><span class='ocrx_word' id='word_1_160' title='bbox 313 2765 394 2832; x_wconf 85' lang='lat' dir='ltr'>alios</span> <span class='ocrx_word' id='word_1_161' title='bbox 417 2765 458 2832; x_wconf 85' lang='lat' dir='ltr'>ad</span> <span class='ocrx_word' id='word_1_162' title='bbox 481 2787 589 2832; x_wconf 88' lang='lat' dir='ltr'>eorum</span> <span class='ocrx_word' id='word_1_163' title='bbox 614 2769 852 2832; x_wconf 83' lang='lat' dir='ltr'>accusationem</span> <span class='ocrx_word' id='word_1_164' title='bbox 876 2766 1049 2854; x_wconf 81' lang='lat' dir='ltr'>confugere</span> <span class='ocrx_word' id='word_1_165' title='bbox 1072 2776 1242 2855; x_wconf 88' lang='lat' dir='ltr'>oporteret.</span> <span class='ocrx_word' id='word_1_166' title='bbox 1266 2765 1322 2834; x_wconf 90' lang='lat' dir='ltr'>sed</span> <span class='ocrx_word' id='word_1_167' title='bbox 1350 2777 1458 2832; x_wconf 89' lang='lat' dir='ltr'>tamen</span> <span class='ocrx_word' id='word_1_168' title='bbox 1481 2767 1643 2854; x_wconf 87' lang='lat' dir='ltr'>quoniam</span> 
     </span>
     <span class='ocr_line' id='line_1_19' title="bbox 313 2867 1644 2958; baseline -0.001 -24"><span class='ocrx_word' id='word_1_169' title='bbox 313 2891 431 2956; x_wconf 84' lang='lat' dir='ltr'>magno</span> <span class='ocrx_word' id='word_1_170' title='bbox 453 2878 561 2934; x_wconf 88' lang='lat' dir='ltr'>nostro</span> <span class='ocrx_word' id='word_1_171' title='bbox 584 2867 669 2935; x_wconf 91' lang='lat' dir='ltr'>malo</span> <span class='ocrx_word' id='word_1_172' title='bbox 692 2873 756 2935; x_wconf 88' lang='lat' dir='ltr'>iam</span> <span class='ocrx_word' id='word_1_173' title='bbox 777 2871 897 2936; x_wconf 85' lang='lat' dir='ltr'>factum</span> <span class='ocrx_word' id='word_1_174' title='bbox 920 2893 991 2936; x_wconf 90' lang='lat' dir='ltr'>esse</span> <span class='ocrx_word' id='word_1_175' title='bbox 1006 2871 1153 2936; x_wconf 88' lang='lat' dir='ltr'>videmus</span> <span class='ocrx_word' id='word_1_176' title='bbox 1168 2879 1213 2954; x_wconf 87' lang='lat' dir='ltr'>ut,</span> <span class='ocrx_word' id='word_1_177' title='bbox 1237 2871 1295 2936; x_wconf 91' lang='lat' dir='ltr'>etsi</span> <span class='ocrx_word' id='word_1_178' title='bbox 1311 2869 1351 2936; x_wconf 92' lang='lat' dir='ltr'>ab</span> <span class='ocrx_word' id='word_1_179' title='bbox 1367 2871 1446 2958; x_wconf 90' lang='lat' dir='ltr'>ipsis</span> <span class='ocrx_word' id='word_1_180' title='bbox 1462 2869 1644 2957; x_wconf 88' lang='lat' dir='ltr'>plurimum</span> 
     </span>
     <span class='ocr_line' id='line_1_20' title="bbox 314 2973 1643 3064; baseline 0.002 -26"><span class='ocrx_word' id='word_1_181' title='bbox 314 2981 483 3059; x_wconf 87' lang='lat' dir='ltr'>peccatum</span> <span class='ocrx_word' id='word_1_182' title='bbox 506 2981 563 3056; x_wconf 87' lang='lat' dir='ltr'>est,</span> <span class='ocrx_word' id='word_1_183' title='bbox 586 2982 694 3044; x_wconf 80' lang='lat' dir='ltr'>tamen</span> <span class='ocrx_word' id='word_1_184' title='bbox 717 2976 828 3061; x_wconf 90' lang='lat' dir='ltr'>optimi</span> <span class='ocrx_word' id='word_1_185' title='bbox 852 2977 970 3064; x_wconf 89' lang='lat' dir='ltr'>quique</span> <span class='ocrx_word' id='word_1_186' title='bbox 992 2985 1101 3062; x_wconf 85' lang='lat' dir='ltr'>patres</span> <span class='ocrx_word' id='word_1_187' title='bbox 1117 2974 1160 3039; x_wconf 91' lang='lat' dir='ltr'>ad</span> <span class='ocrx_word' id='word_1_188' title='bbox 1176 2973 1320 3039; x_wconf 89' lang='lat' dir='ltr'>eiusdem</span> <span class='ocrx_word' id='word_1_189' title='bbox 1336 2976 1432 3039; x_wconf 90' lang='lat' dir='ltr'>errati</span> <span class='ocrx_word' id='word_1_190' title='bbox 1448 2975 1643 3040; x_wconf 89' lang='lat' dir='ltr'>societatem</span> 
     </span>
     <span class='ocr_line' id='line_1_21' title="bbox 314 3075 1642 3166; baseline 0.001 -24"><span class='ocrx_word' id='word_1_191' title='bbox 314 3085 479 3160; x_wconf 86' lang='lat' dir='ltr'>vocentur,</span> <span class='ocrx_word' id='word_1_192' title='bbox 502 3097 566 3141; x_wconf 91' lang='lat' dir='ltr'>non</span> <span class='ocrx_word' id='word_1_193' title='bbox 588 3075 648 3141; x_wconf 86' lang='lat' dir='ltr'>abs</span> <span class='ocrx_word' id='word_1_194' title='bbox 668 3099 704 3142; x_wconf 87' lang='lat' dir='ltr'>re</span> <span class='ocrx_word' id='word_1_195' title='bbox 719 3078 814 3143; x_wconf 87' lang='lat' dir='ltr'>fuerit</span> <span class='ocrx_word' id='word_1_196' title='bbox 837 3077 878 3143; x_wconf 88' lang='lat' dir='ltr'>ad</span> <span class='ocrx_word' id='word_1_197' title='bbox 901 3079 1059 3166; x_wconf 89' lang='lat' dir='ltr'>quaedam</span> <span class='ocrx_word' id='word_1_198' title='bbox 1083 3080 1189 3165; x_wconf 85' lang='lat' dir='ltr'>capita</span> <span class='ocrx_word' id='word_1_199' title='bbox 1204 3095 1314 3144; x_wconf 90' lang='lat' dir='ltr'>earum</span> <span class='ocrx_word' id='word_1_200' title='bbox 1330 3075 1494 3143; x_wconf 86' lang='lat' dir='ltr'>literarum</span> <span class='ocrx_word' id='word_1_201' title='bbox 1518 3078 1642 3166; x_wconf 89' lang='lat' dir='ltr'>quibus</span> 
     </span>
     <span class='ocr_line' id='line_1_22' title="bbox 315 3177 1644 3269; baseline 0 -24"><span class='ocrx_word' id='word_1_202' title='bbox 315 3199 351 3245; x_wconf 87' lang='lat' dir='ltr'>se</span> <span class='ocrx_word' id='word_1_203' title='bbox 373 3178 413 3243; x_wconf 92' lang='lat' dir='ltr'>D.</span> <span class='ocrx_word' id='word_1_204' title='bbox 437 3177 535 3265; x_wconf 88' lang='lat' dir='ltr'>legati</span> <span class='ocrx_word' id='word_1_205' title='bbox 558 3178 590 3244; x_wconf 81' lang='lat' dir='ltr'>S.</span> <span class='ocrx_word' id='word_1_206' title='bbox 613 3179 648 3245; x_wconf 80' lang='lat' dir='ltr'>O.</span> <span class='ocrx_word' id='word_1_207' title='bbox 672 3179 722 3246; x_wconf 65' lang='lat' dir='ltr'>M&#39;¹</span> <span class='ocrx_word' id='word_1_208' title='bbox 748 3191 889 3269; x_wconf 87' lang='lat' dir='ltr'>purgant</span> <span class='ocrx_word' id='word_1_209' title='bbox 911 3192 943 3247; x_wconf 90' lang='lat' dir='ltr'>et</span> <span class='ocrx_word' id='word_1_210' title='bbox 965 3205 1092 3248; x_wconf 91' lang='lat' dir='ltr'>omnem</span> <span class='ocrx_word' id='word_1_211' title='bbox 1107 3183 1289 3248; x_wconf 82' lang='lat' dir='ltr'>offensionis</span> <span class='ocrx_word' id='word_1_212' title='bbox 1305 3192 1336 3246; x_wconf 90' lang='lat' dir='ltr'>ct</span> <span class='ocrx_word' id='word_1_213' title='bbox 1352 3179 1493 3246; x_wconf 89' lang='lat' dir='ltr'>scandali</span> <span class='ocrx_word' id='word_1_214' title='bbox 1509 3179 1644 3268; x_wconf 89' lang='lat' dir='ltr'>culpam</span> 
     </span>
     <span class='ocr_line' id='line_1_23' title="bbox 315 3283 1642 3372; baseline 0.002 -26"><span class='ocrx_word' id='word_1_215' title='bbox 315 3283 349 3346; x_wconf 93' lang='lat' dir='ltr'>in</span> <span class='ocrx_word' id='word_1_216' title='bbox 371 3283 539 3369; x_wconf 86' lang='lat' dir='ltr'>episcopos</span> <span class='ocrx_word' id='word_1_217' title='bbox 562 3284 777 3366; x_wconf 73' lang='lat' dir='ltr'>transferunt,</span> <span class='ocrx_word' id='word_1_218' title='bbox 810 3285 1006 3372; x_wconf 89' lang='lat' dir='ltr'>respondere</span> <span class='ocrx_word' id='word_1_219' title='bbox 1034 3295 1066 3351; x_wconf 93' lang='lat' dir='ltr'>et</span> <span class='ocrx_word' id='word_1_220' title='bbox 1094 3285 1229 3350; x_wconf 90' lang='lat' dir='ltr'>strictim</span> <span class='ocrx_word' id='word_1_221' title='bbox 1258 3307 1297 3350; x_wconf 90' lang='lat' dir='ltr'>ea</span> <span class='ocrx_word' id='word_1_222' title='bbox 1326 3293 1450 3350; x_wconf 88' lang='lat' dir='ltr'>tantum</span> <span class='ocrx_word' id='word_1_223' title='bbox 1477 3285 1642 3370; x_wconf 87' lang='lat' dir='ltr'>attingere</span> 
     </span>
     <span class='ocr_line' id='line_1_24' title="bbox 316 3381 1642 3476; baseline 0.002 -26"><span class='ocrx_word' id='word_1_224' title='bbox 316 3383 398 3473; x_wconf 86' lang='lat' dir='ltr'>quae</span> <span class='ocrx_word' id='word_1_225' title='bbox 420 3386 462 3450; x_wconf 92' lang='lat' dir='ltr'>D.</span> <span class='ocrx_word' id='word_1_226' title='bbox 485 3381 628 3475; x_wconf 80' lang='lat' dir='ltr'>episcopi</span> <span class='ocrx_word' id='word_1_227' title='bbox 651 3390 706 3475; x_wconf 92' lang='lat' dir='ltr'>qui</span> <span class='ocrx_word' id='word_1_228' title='bbox 728 3387 875 3454; x_wconf 84' lang='lat' dir='ltr'>acerbius</span> <span class='ocrx_word' id='word_1_229' title='bbox 898 3391 930 3453; x_wconf 92' lang='lat' dir='ltr'>in</span> <span class='ocrx_word' id='word_1_230' title='bbox 952 3389 1015 3454; x_wconf 90' lang='lat' dir='ltr'>illis</span> <span class='ocrx_word' id='word_1_231' title='bbox 1031 3389 1072 3453; x_wconf 92' lang='lat' dir='ltr'>D.</span> <span class='ocrx_word' id='word_1_232' title='bbox 1097 3389 1274 3476; x_wconf 85' lang='lat' dir='ltr'>legatorum</span> <span class='ocrx_word' id='word_1_233' title='bbox 1297 3388 1397 3454; x_wconf 88' lang='lat' dir='ltr'>literis</span> <span class='ocrx_word' id='word_1_234' title='bbox 1417 3397 1584 3472; x_wconf 84' lang='lat' dir='ltr'>notantur,</span> <span class='ocrx_word' id='word_1_235' title='bbox 1601 3386 1642 3452; x_wconf 86' lang='lat' dir='ltr'>ad</span> 
     </span>
     <span class='ocr_line' id='line_1_25' title="bbox 316 3489 1641 3580; baseline 0.002 -27"><span class='ocrx_word' id='word_1_236' title='bbox 316 3509 393 3553; x_wconf 84' lang='lat' dir='ltr'>suas</span> <span class='ocrx_word' id='word_1_237' title='bbox 418 3511 536 3554; x_wconf 85' lang='lat' dir='ltr'>causae</span> <span class='ocrx_word' id='word_1_238' title='bbox 565 3489 782 3556; x_wconf 80' lang='lat' dir='ltr'>defensionem</span> <span class='ocrx_word' id='word_1_239' title='bbox 813 3491 939 3558; x_wconf 84' lang='lat' dir='ltr'>adferre</span> <span class='ocrx_word' id='word_1_240' title='bbox 962 3501 1105 3579; x_wconf 89' lang='lat' dir='ltr'>possent,</span> <span class='ocrx_word' id='word_1_241' title='bbox 1134 3495 1168 3557; x_wconf 94' lang='lat' dir='ltr'>in</span> <span class='ocrx_word' id='word_1_242' title='bbox 1198 3491 1285 3580; x_wconf 91' lang='lat' dir='ltr'>quod</span> <span class='ocrx_word' id='word_1_243' title='bbox 1315 3491 1445 3578; x_wconf 89' lang='lat' dir='ltr'>quidem</span> <span class='ocrx_word' id='word_1_244' title='bbox 1476 3501 1641 3558; x_wconf 86' lang='lat' dir='ltr'>certamen</span> 
     </span>
     <span class='ocr_line' id='line_1_26' title="bbox 315 3591 1643 3678; baseline 0.002 -22"><span class='ocrx_word' id='word_1_245' title='bbox 315 3591 408 3656; x_wconf 84' lang='lat' dir='ltr'>inviti</span> <span class='ocrx_word' id='word_1_246' title='bbox 431 3591 670 3677; x_wconf 83' lang='lat' dir='ltr'>descendimus,</span> <span class='ocrx_word' id='word_1_247' title='bbox 701 3594 759 3659; x_wconf 90' lang='lat' dir='ltr'>sed</span> <span class='ocrx_word' id='word_1_248' title='bbox 788 3603 824 3659; x_wconf 90' lang='lat' dir='ltr'>ut</span> <span class='ocrx_word' id='word_1_249' title='bbox 846 3594 879 3659; x_wconf 91' lang='lat' dir='ltr'>id</span> <span class='ocrx_word' id='word_1_250' title='bbox 901 3595 1073 3678; x_wconf 86' lang='lat' dir='ltr'>faciamus,</span> <span class='ocrx_word' id='word_1_251' title='bbox 1105 3593 1643 3661; x_wconf 56' lang='lat' dir='ltr'>elMl&#39;C·m²¹1d²l¹1m0¹¹i⁰b·</span> 
     </span>
     <span class='ocr_line' id='line_1_27' title="bbox 316 3697 1641 3783; baseline 0.003 -23"><span class='ocrx_word' id='word_1_252' title='bbox 316 3705 499 3781; x_wconf 83' lang='lat' dir='ltr'>temperare</span> <span class='ocrx_word' id='word_1_253' title='bbox 520 3717 647 3783; x_wconf 89' lang='lat' dir='ltr'>semper</span> <span class='ocrx_word' id='word_1_254' title='bbox 669 3697 840 3783; x_wconf 83' lang='lat' dir='ltr'>debemus,</span> <span class='ocrx_word' id='word_1_255' title='bbox 872 3710 903 3764; x_wconf 94' lang='lat' dir='ltr'>et</span> <span class='ocrx_word' id='word_1_256' title='bbox 926 3701 1065 3766; x_wconf 89' lang='lat' dir='ltr'>officium</span> <span class='ocrx_word' id='word_1_257' title='bbox 1096 3709 1241 3766; x_wconf 84' lang='lat' dir='ltr'>nostrum</span> <span class='ocrx_word' id='word_1_258' title='bbox 1271 3709 1303 3766; x_wconf 89' lang='lat' dir='ltr'>et</span> <span class='ocrx_word' id='word_1_259' title='bbox 1331 3701 1450 3764; x_wconf 86' lang='lat' dir='ltr'>veritas</span> <span class='ocrx_word' id='word_1_260' title='bbox 1478 3701 1531 3765; x_wconf 91' lang='lat' dir='ltr'>cui</span> <span class='ocrx_word' id='word_1_261' title='bbox 1554 3701 1641 3765; x_wconf 88' lang='lat' dir='ltr'>testi-</span> 
     </span>
     <span class='ocr_line' id='line_1_28' title="bbox 317 3797 1641 3890; baseline 0.002 -26"><span class='ocrx_word' id='word_1_262' title='bbox 317 3799 460 3864; x_wconf 90' lang='lat' dir='ltr'>monium</span> <span class='ocrx_word' id='word_1_263' title='bbox 483 3797 635 3885; x_wconf 84' lang='lat' dir='ltr'>denegari</span> <span class='ocrx_word' id='word_1_264' title='bbox 658 3823 722 3866; x_wconf 90' lang='lat' dir='ltr'>non</span> <span class='ocrx_word' id='word_1_265' title='bbox 753 3804 916 3884; x_wconf 84' lang='lat' dir='ltr'>convenit,</span> <span class='ocrx_word' id='word_1_266' title='bbox 949 3811 980 3867; x_wconf 91' lang='lat' dir='ltr'>et</span> <span class='ocrx_word' id='word_1_267' title='bbox 1003 3804 1200 3869; x_wconf 89' lang='lat' dir='ltr'>conscientia</span> <span class='ocrx_word' id='word_1_268' title='bbox 1232 3803 1371 3890; x_wconf 89' lang='lat' dir='ltr'>denique</span> <span class='ocrx_word' id='word_1_269' title='bbox 1398 3803 1470 3889; x_wconf 91' lang='lat' dir='ltr'>ipsa</span> <span class='ocrx_word' id='word_1_270' title='bbox 1500 3825 1521 3867; x_wconf 89' lang='lat' dir='ltr'>a</span> <span class='ocrx_word' id='word_1_271' title='bbox 1549 3801 1641 3869; x_wconf 90' lang='lat' dir='ltr'>nobis</span> 
     </span>
     <span class='ocr_line' id='line_1_29' title="bbox 317 3901 1640 3994; baseline 0.005 -29"><span class='ocrx_word' id='word_1_272' title='bbox 317 3901 459 3988; x_wconf 89' lang='lat' dir='ltr'>postulat</span> <span class='ocrx_word' id='word_1_273' title='bbox 481 3911 578 3989; x_wconf 87' lang='lat' dir='ltr'>atque</span> <span class='ocrx_word' id='word_1_274' title='bbox 602 3904 779 3970; x_wconf 88' lang='lat' dir='ltr'>acrioribus</span> <span class='ocrx_word' id='word_1_275' title='bbox 803 3905 996 3992; x_wconf 88' lang='lat' dir='ltr'>quibusdam</span> <span class='ocrx_word' id='word_1_276' title='bbox 1019 3907 1155 3972; x_wconf 90' lang='lat' dir='ltr'>stimulis</span> <span class='ocrx_word' id='word_1_277' title='bbox 1183 3905 1327 3994; x_wconf 89' lang='lat' dir='ltr'>impellit.</span> <span class='ocrx_word' id='word_1_278' title='bbox 1357 3915 1512 3973; x_wconf 86' lang='lat' dir='ltr'>testamur</span> <span class='ocrx_word' id='word_1_279' title='bbox 1534 3917 1640 3973; x_wconf 89' lang='lat' dir='ltr'>autem</span> 
     </span>
     <span class='ocr_line' id='line_1_30' title="bbox 308 4003 1641 4093; baseline 0.004 -24"><span class='ocrx_word' id='word_1_280' title='bbox 308 4007 391 4070; x_wconf 84' lang='lat' dir='ltr'>&#39;eam</span> <span class='ocrx_word' id='word_1_281' title='bbox 413 4027 510 4093; x_wconf 90' lang='lat' dir='ltr'>quam</span> <span class='ocrx_word' id='word_1_282' title='bbox 532 4003 584 4072; x_wconf 87' lang='lat' dir='ltr'>M¹&#39;</span> <span class='ocrx_word' id='word_1_283' title='bbox 605 4007 638 4073; x_wconf 88' lang='lat' dir='ltr'>S.</span> <span class='ocrx_word' id='word_1_284' title='bbox 651 4007 683 4073; x_wconf 88' lang='lat' dir='ltr'>S.</span> <span class='ocrx_word' id='word_1_285' title='bbox 701 4009 855 4075; x_wconf 89' lang='lat' dir='ltr'>debemus</span> <span class='ocrx_word' id='word_1_286' title='bbox 877 4010 974 4075; x_wconf 87' lang='lat' dir='ltr'>fidem</span> <span class='ocrx_word' id='word_1_287' title='bbox 996 4020 1028 4076; x_wconf 87' lang='lat' dir='ltr'>et</span> <span class='ocrx_word' id='word_1_288' title='bbox 1051 4010 1291 4092; x_wconf 88' lang='lat' dir='ltr'>subiectionem,</span> <span class='ocrx_word' id='word_1_289' title='bbox 1315 4019 1470 4076; x_wconf 87' lang='lat' dir='ltr'>testamur</span> <span class='ocrx_word' id='word_1_290' title='bbox 1491 4009 1596 4076; x_wconf 90' lang='lat' dir='ltr'>bonos</span> <span class='ocrx_word' id='word_1_291' title='bbox 1611 4019 1641 4076; x_wconf 90' lang='lat' dir='ltr'>et</span> 
     </span>
     <span class='ocr_line' id='line_1_31' title="bbox 318 4109 1640 4198; baseline 0.005 -26"><span class='ocrx_word' id='word_1_292' title='bbox 318 4110 389 4195; x_wconf 91' lang='lat' dir='ltr'>pios</span> <span class='ocrx_word' id='word_1_293' title='bbox 411 4109 498 4174; x_wconf 87' lang='lat' dir='ltr'>viros</span> <span class='ocrx_word' id='word_1_294' title='bbox 522 4131 658 4196; x_wconf 87' lang='lat' dir='ltr'>qnorum</span> <span class='ocrx_word' id='word_1_295' title='bbox 681 4114 858 4178; x_wconf 86' lang='lat' dir='ltr'>communis</span> <span class='ocrx_word' id='word_1_296' title='bbox 881 4112 962 4178; x_wconf 90' lang='lat' dir='ltr'>baec</span> <span class='ocrx_word' id='word_1_297' title='bbox 984 4123 1033 4179; x_wconf 80' lang='lat' dir='ltr'>est</span> <span class='ocrx_word' id='word_1_298' title='bbox 1056 4135 1169 4198; x_wconf 88' lang='lat' dir='ltr'>causa,</span> <span class='ocrx_word' id='word_1_299' title='bbox 1192 4113 1272 4178; x_wconf 87' lang='lat' dir='ltr'>nihil</span> <span class='ocrx_word' id='word_1_300' title='bbox 1294 4135 1353 4179; x_wconf 90' lang='lat' dir='ltr'>nos</span> <span class='ocrx_word' id='word_1_301' title='bbox 1375 4115 1409 4178; x_wconf 90' lang='lat' dir='ltr'>in</span> <span class='ocrx_word' id='word_1_302' title='bbox 1430 4113 1576 4179; x_wconf 90' lang='lat' dir='ltr'>medium</span> <span class='ocrx_word' id='word_1_303' title='bbox 1600 4113 1640 4179; x_wconf 83' lang='lat' dir='ltr'>al·</span> 
     </span>
     <span class='ocr_line' id='line_1_32' title="bbox 318 4209 1640 4300; baseline 0.005 -25"><span class='ocrx_word' id='word_1_304' title='bbox 318 4209 440 4277; x_wconf 86' lang='lat' dir='ltr'>laturos</span> <span class='ocrx_word' id='word_1_305' title='bbox 462 4233 532 4276; x_wconf 84' lang='lat' dir='ltr'>esee</span> <span class='ocrx_word' id='word_1_306' title='bbox 559 4214 644 4300; x_wconf 87' lang='lat' dir='ltr'>quod</span> <span class='ocrx_word' id='word_1_307' title='bbox 669 4237 689 4279; x_wconf 89' lang='lat' dir='ltr'>a</span> <span class='ocrx_word' id='word_1_308' title='bbox 711 4215 846 4282; x_wconf 88' lang='lat' dir='ltr'>veritate</span> <span class='ocrx_word' id='word_1_309' title='bbox 869 4216 921 4282; x_wconf 90' lang='lat' dir='ltr'>vel</span> <span class='ocrx_word' id='word_1_310' title='bbox 944 4218 1110 4283; x_wconf 90' lang='lat' dir='ltr'>minimum</span> <span class='ocrx_word' id='word_1_311' title='bbox 1133 4217 1304 4283; x_wconf 88' lang='lat' dir='ltr'>abhorrere</span> <span class='ocrx_word' id='word_1_312' title='bbox 1327 4217 1557 4283; x_wconf 85' lang='lat' dir='ltr'>existimemus.</span> <span class='ocrx_word' id='word_1_313' title='bbox 1583 4218 1640 4283; x_wconf 88' lang='lat' dir='ltr'>hoc</span> 
     </span>
     <span class='ocr_line' id='line_1_33' title="bbox 319 4317 1639 4410; baseline 0.004 -31"><span class='ocrx_word' id='word_1_314' title='bbox 319 4323 520 4382; x_wconf 87' lang='lat' dir='ltr'>autemeam</span> <span class='ocrx_word' id='word_1_315' title='bbox 543 4317 698 4404; x_wconf 87' lang='lat' dir='ltr'>imprimis</span> <span class='ocrx_word' id='word_1_316' title='bbox 722 4319 763 4386; x_wconf 94' lang='lat' dir='ltr'>ob</span> <span class='ocrx_word' id='word_1_317' title='bbox 787 4342 918 4386; x_wconf 87' lang='lat' dir='ltr'>oausam</span> <span class='ocrx_word' id='word_1_318' title='bbox 940 4320 1108 4387; x_wconf 84' lang='lat' dir='ltr'>scribimus</span> <span class='ocrx_word' id='word_1_319' title='bbox 1131 4331 1166 4386; x_wconf 88' lang='lat' dir='ltr'>ut</span> <span class='ocrx_word' id='word_1_320' title='bbox 1189 4320 1221 4386; x_wconf 88' lang='lat' dir='ltr'>S.</span> <span class='ocrx_word' id='word_1_321' title='bbox 1237 4320 1303 4385; x_wconf 52' lang='grc' dir='ltr'>ΜΨ</span> <span class='ocrx_word' id='word_1_322' title='bbox 1326 4319 1361 4386; x_wconf 82' lang='grc' dir='ltr'>Ο.</span> <span class='ocrx_word' id='word_1_323' title='bbox 1378 4319 1558 4386; x_wconf 89' lang='lat' dir='ltr'>diiudicare</span> <span class='ocrx_word' id='word_1_324' title='bbox 1573 4343 1639 4410; x_wconf 89' lang='lat' dir='ltr'>pos·</span> 
     </span>
     <span class='ocr_line' id='line_1_34' title="bbox 320 4419 1638 4513; baseline 0.005 -31"><span class='ocrx_word' id='word_1_325' title='bbox 320 4419 372 4496; x_wconf 86' lang='lat' dir='ltr'>sit,</span> <span class='ocrx_word' id='word_1_326' title='bbox 395 4439 437 4484; x_wconf 91' lang='lat' dir='ltr'>an</span> <span class='ocrx_word' id='word_1_327' title='bbox 459 4421 546 4507; x_wconf 92' lang='lat' dir='ltr'>quod</span> <span class='ocrx_word' id='word_1_328' title='bbox 570 4421 740 4488; x_wconf 90' lang='lat' dir='ltr'>concilium</span> <span class='ocrx_word' id='word_1_329' title='bbox 762 4446 826 4489; x_wconf 90' lang='lat' dir='ltr'>non</span> <span class='ocrx_word' id='word_1_330' title='bbox 850 4447 923 4490; x_wconf 90' lang='lat' dir='ltr'>eum</span> <span class='ocrx_word' id='word_1_331' title='bbox 947 4447 1042 4513; x_wconf 91' lang='lat' dir='ltr'>quem</span> <span class='ocrx_word' id='word_1_332' title='bbox 1065 4423 1214 4490; x_wconf 86' lang='lat' dir='ltr'>volumus</span> <span class='ocrx_word' id='word_1_333' title='bbox 1236 4445 1364 4490; x_wconf 91' lang='lat' dir='ltr'>cursum</span> <span class='ocrx_word' id='word_1_334' title='bbox 1387 4432 1511 4506; x_wconf 89' lang='lat' dir='ltr'>teneat,</span> <span class='ocrx_word' id='word_1_335' title='bbox 1536 4423 1579 4489; x_wconf 91' lang='lat' dir='ltr'>D.</span> <span class='ocrx_word' id='word_1_336' title='bbox 1601 4425 1638 4489; x_wconf 91' lang='lat' dir='ltr'>le·</span> 
     </span>
     <span class='ocr_line' id='line_1_35' title="bbox 319 4523 1639 4618; baseline 0.005 -33"><span class='ocrx_word' id='word_1_337' title='bbox 319 4523 405 4606; x_wconf 82' lang='lat' dir='ltr'>gatis</span> <span class='ocrx_word' id='word_1_338' title='bbox 427 4525 535 4608; x_wconf 89' lang='lat' dir='ltr'>potius</span> <span class='ocrx_word' id='word_1_339' title='bbox 559 4545 656 4611; x_wconf 88' lang='lat' dir='ltr'>quam</span> <span class='ocrx_word' id='word_1_340' title='bbox 678 4527 717 4590; x_wconf 91' lang='lat' dir='ltr'>iis</span> <span class='ocrx_word' id='word_1_341' title='bbox 741 4528 902 4614; x_wconf 89' lang='lat' dir='ltr'>episcopis</span> <span class='ocrx_word' id='word_1_342' title='bbox 925 4550 1006 4615; x_wconf 88' lang='lat' dir='ltr'>quos</span> <span class='ocrx_word' id='word_1_343' title='bbox 1028 4529 1090 4613; x_wconf 92' lang='lat' dir='ltr'>ipsi</span> <span class='ocrx_word' id='word_1_344' title='bbox 1113 4527 1331 4618; x_wconf 85' lang='lat' dir='ltr'>perstringunt</span> <span class='ocrx_word' id='word_1_345' title='bbox 1353 4525 1560 4593; x_wconf 88' lang='lat' dir='ltr'>tribuendum</span> <span class='ocrx_word' id='word_1_346' title='bbox 1577 4549 1639 4593; x_wconf 89' lang='lat' dir='ltr'>esse</span> 
     </span>
     <span class='ocr_line' id='line_1_36' title="bbox 321 4621 1638 4720; baseline 0.005 -33"><span class='ocrx_word' id='word_1_347' title='bbox 321 4621 480 4689; x_wconf 86' lang='lat' dir='ltr'>videatur.</span> <span class='ocrx_word' id='word_1_348' title='bbox 524 4627 682 4716; x_wconf 88' lang='lat' dir='ltr'>principio</span> <span class='ocrx_word' id='word_1_349' title='bbox 706 4629 793 4717; x_wconf 92' lang='lat' dir='ltr'>quod</span> <span class='ocrx_word' id='word_1_350' title='bbox 815 4632 905 4695; x_wconf 87' lang='lat' dir='ltr'>aiunt</span> <span class='ocrx_word' id='word_1_351' title='bbox 927 4630 1081 4720; x_wconf 89' lang='lat' dir='ltr'>quicquid</span> <span class='ocrx_word' id='word_1_352' title='bbox 1096 4632 1138 4695; x_wconf 89' lang='lat' dir='ltr'>sit</span> <span class='ocrx_word' id='word_1_353' title='bbox 1153 4630 1337 4696; x_wconf 84' lang='lat' dir='ltr'>offensionis</span> <span class='ocrx_word' id='word_1_354' title='bbox 1354 4639 1386 4696; x_wconf 90' lang='lat' dir='ltr'>et</span> <span class='ocrx_word' id='word_1_355' title='bbox 1396 4629 1544 4697; x_wconf 87' lang='lat' dir='ltr'>scandali</span> <span class='ocrx_word' id='word_1_356' title='bbox 1559 4629 1638 4720; x_wconf 90' lang='lat' dir='ltr'>quod</span> 
     </span>
     <span class='ocr_line' id='line_1_37' title="bbox 323 4727 1637 4825; baseline 0.005 -33"><span class='ocrx_word' id='word_1_357' title='bbox 323 4749 366 4792; x_wconf 85' lang='lat' dir='ltr'>ex</span> <span class='ocrx_word' id='word_1_358' title='bbox 387 4727 472 4794; x_wconf 87' lang='lat' dir='ltr'>malo</span> <span class='ocrx_word' id='word_1_359' title='bbox 494 4727 589 4795; x_wconf 90' lang='lat' dir='ltr'>buius</span> <span class='ocrx_word' id='word_1_360' title='bbox 612 4731 739 4797; x_wconf 88' lang='lat' dir='ltr'>concilii</span> <span class='ocrx_word' id='word_1_361' title='bbox 760 4752 934 4819; x_wconf 79' lang='lat' dir='ltr'>progressu</span> <span class='ocrx_word' id='word_1_362' title='bbox 955 4735 1126 4800; x_wconf 84' lang='lat' dir='ltr'>universus</span> <span class='ocrx_word' id='word_1_363' title='bbox 1149 4734 1235 4800; x_wconf 88' lang='lat' dir='ltr'>orbis</span> <span class='ocrx_word' id='word_1_364' title='bbox 1252 4734 1445 4800; x_wconf 88' lang='lat' dir='ltr'>christianus</span> <span class='ocrx_word' id='word_1_365' title='bbox 1472 4735 1637 4825; x_wconf 85' lang='lat' dir='ltr'>acceperit,</span> 
     </span>
    </p>
   </div>
   <div class='ocr_carea' id='block_1_5' title="bbox 322 4829 1637 5147">
    <p class='ocr_par' dir='ltr' id='par_1_5' title="bbox 322 4829 1637 5147">
     <span class='ocr_line' id='line_1_38' title="bbox 322 4829 1637 4928; baseline 0.005 -34"><span class='ocrx_word' id='word_1_366' title='bbox 322 4851 389 4896; x_wconf 90' lang='lat' dir='ltr'>non</span> <span class='ocrx_word' id='word_1_367' title='bbox 410 4829 542 4898; x_wconf 76' lang='lat' dir='ltr'>aliunde</span> <span class='ocrx_word' id='word_1_368' title='bbox 563 4833 674 4900; x_wconf 83' lang='lat' dir='ltr'>natum</span> <span class='ocrx_word' id='word_1_369' title='bbox 696 4855 776 4919; x_wconf 86' lang='lat' dir='ltr'>esse,</span> <span class='ocrx_word' id='word_1_370' title='bbox 801 4858 897 4924; x_wconf 87' lang='lat' dir='ltr'>quam</span> <span class='ocrx_word' id='word_1_371' title='bbox 920 4857 963 4902; x_wconf 84' lang='lat' dir='ltr'>ex</span> <span class='ocrx_word' id='word_1_372' title='bbox 985 4859 1022 4903; x_wconf 91' lang='lat' dir='ltr'>eo</span> <span class='ocrx_word' id='word_1_373' title='bbox 1045 4837 1133 4926; x_wconf 92' lang='lat' dir='ltr'>quod</span> <span class='ocrx_word' id='word_1_374' title='bbox 1157 4837 1198 4904; x_wconf 88' lang='lat' dir='ltr'>ad</span> <span class='ocrx_word' id='word_1_375' title='bbox 1221 4860 1301 4926; x_wconf 89' lang='lat' dir='ltr'>quos</span> <span class='ocrx_word' id='word_1_376' title='bbox 1318 4839 1447 4906; x_wconf 89' lang='lat' dir='ltr'>minime</span> <span class='ocrx_word' id='word_1_377' title='bbox 1462 4837 1637 4928; x_wconf 84' lang='lat' dir='ltr'>pertinebat</span> 
     </span>
     <span class='ocr_line' id='line_1_39' title="bbox 323 4931 1635 5030; baseline 0.009 -33"><span class='ocrx_word' id='word_1_378' title='bbox 323 4931 369 4998; x_wconf 92' lang='lat' dir='ltr'>illi</span> <span class='ocrx_word' id='word_1_379' title='bbox 392 4934 510 5022; x_wconf 82' lang='lat' dir='ltr'>quibus</span> <span class='ocrx_word' id='word_1_380' title='bbox 532 4935 574 5002; x_wconf 89' lang='lat' dir='ltr'>de</span> <span class='ocrx_word' id='word_1_381' title='bbox 596 4936 692 5004; x_wconf 86' lang='lat' dir='ltr'>rebus</span> <span class='ocrx_word' id='word_1_382' title='bbox 714 4941 845 5004; x_wconf 85' lang='lat' dir='ltr'>tractari</span> <span class='ocrx_word' id='word_1_383' title='bbox 874 4938 995 5006; x_wconf 84' lang='lat' dir='ltr'>vellent</span> <span class='ocrx_word' id='word_1_384' title='bbox 1024 4941 1225 5029; x_wconf 91' lang='lat' dir='ltr'>proponendi</span> <span class='ocrx_word' id='word_1_385' title='bbox 1255 4941 1316 5009; x_wconf 88' lang='lat' dir='ltr'>sibl</span> <span class='ocrx_word' id='word_1_386' title='bbox 1345 4949 1537 5030; x_wconf 87' lang='lat' dir='ltr'>potestatem</span> <span class='ocrx_word' id='word_1_387' title='bbox 1560 4963 1635 5009; x_wconf 85' lang='lat' dir='ltr'>arro</span> 
     </span>
     <span class='ocr_line' id='line_1_40' title="bbox 324 5040 1636 5147; baseline 0.008 -45"><span class='ocrx_word' id='word_1_388' title='bbox 324 5046 476 5147; x_wconf 77' lang='lat' dir='ltr'>gausent,</span> <span class='ocrx_word' id='word_1_389' title='bbox 510 5040 588 5106; x_wconf 88' lang='lat' dir='ltr'>satis</span> <span class='ocrx_word' id='word_1_390' title='bbox 611 5040 801 5130; x_wconf 82' lang='lat' dir='ltr'>intelligitur</span> <span class='ocrx_word' id='word_1_391' title='bbox 823 5041 864 5108; x_wconf 89' lang='lat' dir='ltr'>ab</span> <span class='ocrx_word' id='word_1_392' title='bbox 888 5042 1035 5111; x_wconf 89' lang='lat' dir='ltr'>omnibus</span> <span class='ocrx_word' id='word_1_393' title='bbox 1047 5093 1056 5130; x_wconf 92' lang='lat'>,</span> <span class='ocrx_word' id='word_1_394' title='bbox 1089 5067 1154 5113; x_wconf 90' lang='lat' dir='ltr'>non</span> <span class='ocrx_word' id='word_1_395' title='bbox 1187 5045 1287 5112; x_wconf 82' lang='lat' dir='ltr'>fuisse</span> <span class='ocrx_word' id='word_1_396' title='bbox 1309 5047 1392 5112; x_wconf 89' lang='lat' dir='ltr'>inter</span> <span class='ocrx_word' id='word_1_397' title='bbox 1413 5055 1523 5136; x_wconf 87' lang='lat' dir='ltr'>patres</span> <span class='ocrx_word' id='word_1_398' title='bbox 1551 5069 1636 5138; x_wconf 90' lang='lat' dir='ltr'>quen·</span> 
     </span>
    </p>
   </div>
   <div class='ocr_carea' id='block_1_6' title="bbox 0 0 1748 5820">
    <p class='ocr_par' dir='ltr' id='par_1_6' title="bbox 0 0 1748 5820">
     <span class='ocr_line' id='line_1_41' title="bbox 0 0 1748 5820; baseline 0 0"><span class='ocrx_word' id='word_1_399' title='bbox 0 0 1748 5820; x_wconf 95' lang='lat' dir='ltr'> </span> 
     </span>
    </p>
   </div>
  </div>
 </body>
</html>
