3498 5818
311 663 369 727 per
391 641 510 704 havere
523 651 636 726 questo
661 641 790 705 honore.
813 663 834 704 e
856 649 970 726 questo
993 661 1113 704 ancora
1134 641 1166 704 io
1188 659 1254 704 non
1271 639 1387 732 risppsi
1403 637 1493 721 altro,
1517 659 1552 702 ee
1574 659 1641 704 non

312 743 403 810 ch'io
427 745 581 809 scriverio
604 766 623 806 ιι
645 743 683 808 V.
707 743 763 806 Me
791 753 911 830 quanto
940 743 972 808 S.
996 741 1042 808 S‘⁸
1068 743 1112 806 mi
1142 741 1258 808 dicere
1291 743 1324 806 in
1353 751 1467 828 queste
1494 743 1640 825 materie,

312 869 402 912 corne
425 845 531 934 quello
564 846 622 910 che
650 869 714 910 non
742 869 778 910 sa
809 845 868 912 che
892 868 969 911 cose
990 846 1078 910 tratti
1100 867 1162 910 con
1183 846 1216 910 le
1237 845 1294 908 Μ’·
1321 845 1360 910 V.
1383 845 1404 910 il
1427 845 1534 930 legato
1557 845 1638 910 Vor-

311 952 431 1014 miense
460 961 492 1014 et
519 973 611 1014 meno
644 949 702 1014 che
731 971 807 1014 cose
834 949 866 1013 la
888 949 943 1012 ltl'n
967 949 1006 1014 V.
1037 947 1113 1016 habi
1142 951 1174 1012 in
1202 959 1316 1036 queste
1344 957 1434 1034 perte
1461 948 1639 1016 deliberato

312 1052 345 1118 di
366 1052 445 1118 fere.

411 1157 449 1220 L'
471 1155 667 1220 inbesciator
691 1155 817 1242 Verges
846 1156 983 1222 fecendo
1011 1157 1033 1222 li
1054 1159 1158 1244 giorni
1181 1158 1303 1243 passati
1327 1158 1485 1240 instance,
1519 1156 1641 1243 perche

312 1260 344 1326 S.
368 1259 413 1324 δῖ’
439 1261 466 1324 si
488 1260 659 1324 risolvesse
683 1261 769 1324 circa
791 1259 821 1324 le
844 1259 996 1326 dimende
1019 1260 1063 1326 dil
1085 1283 1121 1326 re
1144 1259 1290 1344 catolico,
1312 1281 1419 1326 messe
1441 1259 1549 1326 colera
1571 1259 1640 1325 aS.

312 1364 371 1442 S“‚
395 1363 426 1427 la
449 1361 544 1448 quale
567 1362 589 1424 li
612 1361 699 1426 disse
723 1361 781 1426 che
803 1371 884 1426 tutte
908 1374 1020 1449 queste
1043 1365 1261 1429 controversie
1283 1362 1508 1450 procedevano
1526 1362 1640 1446 delui,

311 1465 333 1530 il
356 1465 451 1552 quale
475 1465 507 1528 di
530 1466 681 1530 continuo
705 1465 819 1530 facere
842 1464 916 1530 muli
941 1465 1036 1531 officii
1060 1475 1092 1532 et
1108 1468 1257 1532 scriveva
1273 1465 1303 1530 el
1320 1487 1378 1531 suo
1401 1489 1436 1530 re
1452 1465 1548 1531 moltc
1565 1488 1641 1531 cose

313 1591 472 1634 nonvere.
496 1569 515 1632 l'
528 1567 725 1632 inbasciator
746 1570 870 1654 rispose
892 1569 952 1634 che
976 1567 1007 1635 S.
1025 1568 1085 1648 δ”,
1109 1593 1168 1656 per
1187 1591 1294 1634 essere
1318 1568 1413 1656 quelc
1435 1593 1500 1652 ere,
1523 1579 1643 1655 potere

312 1673 380 1737 dire
402 1673 451 1736 cio
476 1671 534 1737 che
556 1671 579 1735 li
601 1673 747 1758 piaceva‚
770 1695 823 1734 rna
845 1671 894 1736 ch'
907 1695 978 1736 esso
1002 1695 1066 1737 non
1086 1672 1213 1736 heveva
1236 1673 1299 1736 mai
1322 1671 1401 1737 fatto
1424 1670 1541 1738 ulchun
1557 1671 1642 1736 rnalo

313 1775 419 1862 officio
441 1798 481 1840 ne
504 1777 613 1839 scritto
637 1773 718 1838 altro
742 1773 791 1838 ch'
804 1773 824 1837 il
848 1798 934 1838 vero.

449 1949 499 1998 Die
518 1947 636 1996 selechen
649 1946 782 1996 Gerllchte
800 1947 866 1996 liber
879 1947 1174 2014 Walrlverhandlungcn
1192 1951 1218 1998 in
1232 1948 1374 1998 Frankfurt
1392 1949 1523 1999 erwilhnte
1537 1949 1642 2000 Cusano

381 2035 463 2084 sclron
480 2049 523 2083 em
541 2034 632 2082 salai.
653 2061 684 2068 -
704 2032 889 2082 Beceichnend
906 2035 947 2095 ist,
967 2035 1014 2082 wie
1033 2050 1076 2084 um
1095 2034 1167 2084 disse
1181 2035 1238 2084 Zeit
1251 2035 1392 2086 Borromeo
1412 2037 1438 2085 in
1457 2037 1542 2085 ciuem
1554 2035 1643 2085 Briefe

381 2135 415 2170 an
432 2120 530 2170 Hosius
553 2118 710 2184 (Cyprianus
732 2121 790 2184 166)
814 2119 880 2170 llber
898 2117 941 2169 die
959 2119 1146 2186 Verzbgernng
1169 2121 1216 2170 der
1235 2119 1466 2187 Concilerbffnnng
1483 2122 1565 2188 liugn,
1589 2123 1644 2172 und

381 2207 441 2258 dass
465 2221 494 2254 es
517 2205 615 2256 Hosius
640 2207 667 2254 in
685 2205 762 2254 Wien
788 2205 862 2255 nicht
884 2221 919 2256 an
943 2205 1110 2272 blahnungen
1135 2206 1223 2257 fehlen
1249 2207 1324 2270 lieris,
1354 2209 1425 2274 zeigt
1446 2213 1523 2258 unter
1545 2207 1645 2259 andern

380 2294 581 2358 Aeusesrungen
605 2294 632 2340 in
655 2294 745 2342 eeinen
763 2291 869 2342 Briefen
887 2291 943 2354 die,
972 2293 1032 2342 dass
1050 2292 1185 2342 vielleicht
1209 2292 1251 2342 die
1270 2293 1457 2360 Beschiclrung
1474 2293 1520 2344 dea
1539 2293 1646 2346 Concils

381 2395 434 2446 vop
456 2377 546 2428 Seiten
568 2376 713 2428 Russlands
738 2377 780 2428 die
804 2377 919 2428 anderen
939 2378 1041 2444 Kbnigc
1067 2395 1099 2428 zu
1124 2385 1270 2444 grbsserem
1291 2379 1365 2430 Eifcr
1387 2395 1535 2444 anspornen
1558 2381 1645 2431 werde

381 2463 505 2530 (Theiner
523 2467 547 2527 2,
566 2466 635 2528 621).

448 2551 503 2600 Ans
522 2549 568 2600 der
585 2549 758 2600 lateinisches
776 2550 917 2615 Depeeclre
935 2567 988 2602 von
1005 2552 1074 2604 Areo
1095 2552 1163 2602 hebe
1182 2553 1225 2602 ich
1243 2553 1312 2603 noch
1333 2553 1439 2603 hervor:
1462 2551 1518 2602 beri
1536 2551 1562 2618 (9
1579 2553 1646 2618 Mai)

381 2639 407 2688 in
426 2635 599 2687 cardinalium
617 2641 710 2686 senatu
729 2636 866 2687 absolutus
890 2637 939 2686 suit
964 2639 1023 2702 piae
1042 2637 1233 2688 recordationis
1252 2637 1328 2688 divus
1348 2639 1458 2688 Carolus
1476 2641 1645 2703 quintus...

381 2729 407 2774 ct
419 2721 517 2774 semu·
535 2737 581 2772 rex
599 2721 746 2772 catholicus
765 2729 792 2772 et
809 2737 862 2772 uua
881 2738 941 2774 cum
959 2725 997 2772 eis
1010 2723 1102 2774 inclita
1120 2724 1213 2774 domus
1226 2725 1349 2776 Ananiae
1367 2725 1490 2777 universa
1507 2741 1526 2775 a
1537 2726 1646 2791 quibus·

382 2825 486 2876 cunque
505 2809 819 2860 excommunicationibus
839 2813 865 2857 et
883 2811 1000 2860 censuris
1019 2809 1208 2862 ecclesiasticis
1221 2815 1313 2862 contra
1326 2826 1371 2860 eos
1383 2809 1462 2862 illatis
1475 2827 1522 2878 per
1533 2811 1646 2864 Paulum

381 2896 426 2946 IV.
457 2896 558 2946 Weiter
576 2893 641 2944 wirrl
660 2893 802 2956 berichtet,
830 2893 890 2944 dass
915 2893 961 2944 der
982 2895 1063 2962 Papst
1087 2895 1134 2945 der
1157 2895 1354 2946 franabeischen
1372 2897 1523 2964 Regierung
1546 2899 1580 2948 ob
1600 2898 1649 2949 der

382 2979 569 3032 wiederholten
586 2979 742 3046 Forderung
761 2979 804 3030 die
822 2979 942 3031 Annaten
960 2997 992 3030 au
1011 2981 1126 3032 orlassen
1145 2983 1194 3043 (Lc
1207 2981 1266 3033 Plet
1278 2986 1303 3046 t,
1323 2983 1384 3046 7023
1403 2983 1442 3034 Le
1460 2983 1524 3034 Bret
1541 2985 1565 3047 9,
1583 2983 1647 3050 207)

380 3069 440 3119 sehr
457 3073 545 3130 alunt,
573 3065 633 3116 dass
653 3083 680 3116 er
698 3067 754 3116 sich
772 3067 930 3117 andremeits
948 3067 1046 3116 wieder
1072 3070 1118 3118 mit
1136 3067 1398 3134 Heiratbsprojecten
1417 3069 1590 3138 beechllffigt:
1619 3085 1649 3121 cr

381 3155 464 3208 suche
489 3153 539 3204 den
566 3154 633 3204 eben
651 3155 839 3204 remittweten
858 3154 963 3218 Herzog
981 3169 1032 3204 von
1050 3155 1162 3205 Ferrara
1184 3171 1217 3204 au
1240 3156 1407 3220 bestimmen,
1436 3155 1493 3206 sich
1510 3157 1558 3206 mit
1574 3157 1649 3208 einer

381 3238 615 3306 Habeburgischeu
626 3239 775 3290 Prinnesein
787 3255 820 3290 ιιι
832 3239 992 3292 vermllblen.
1011 3240 1134 3292 Dmtlber
1151 3239 1268 3291 schreibt
1279 3240 1348 3292 cuch
1361 3240 1460 3296 'rhnrn
1471 3257 1514 3294 am
1526 3241 1559 3294 27
1572 3243 1647 3308 April

382 3343 429 3378 am
447 3327 580 3392 Venedig:
605 3342 696 3377 omnes
715 3326 857 3392 loquuntur
874 3326 970 3376 ducem
988 3326 1061 3376 illum
1079 3326 1115 3377 nil
1134 3327 1227 3378 melius
1247 3330 1398 3396 excogitare
1414 3345 1501 3396 posse,
1520 3343 1599 3400 quam
1617 3347 1647 3382 ee

383 3430 441 3463 cnm
459 3413 548 3480 aliqua
565 3412 595 3462 V.
615 3413 672 3462 Mu·
697 3414 863 3464 serenissima
884 3411 938 3462 filia
962 3413 988 3462 in
1013 3414 1204 3464 matrimonium
1229 3413 1374 3480 collocare;
1402 3418 1454 3466 imo
1472 3418 1506 3468 ab
1525 3417 1648 3468 omnibus

382 3498 486 3565 quidem
505 3495 653 3550 huiusmodi
671 3499 862 3550 matrimonium
882 3501 1027 3563 exoptatur.

880 3685 1083 3698 ιιι-*-

877 3933 1074 4020 CXVIII.

567 4155 645 4230 Der
673 4154 803 4230 Kaiser
829 4174 877 4227 an
905 4155 1037 4232 seinen
1066 4151 1212 4231 Oretor
1238 4157 1273 4231 in
1305 4155 1418 4246 llorm

801 4307 907 4370 wien,
926 4309 964 4360 ee
982 4307 1048 4359 ιιιι
1068 4309 1159 4360 reor.

834 4487 970 4544 Romana.
1010 4487 1134 4558 Concept.

418 4668 499 4735 Cum
521 4668 689 4736 manifeste
719 4679 751 4734 et
778 4667 915 4734 libenter
944 4670 1192 4752 cognoverimus
1214 4691 1257 4734 ex
1277 4669 1316 4734 iis
1339 4668 1540 4734 sermonibus
1564 4692 1651 4757 quas

317 4773 350 4836 in
370 4773 470 4839 literis
493 4772 556 4836 tuis
573 4771 625 4837 die
640 4771 767 4836 decima
781 4772 961 4857 praesentis
977 4772 1095 4836 mensis
1112 4770 1196 4836 datis
1210 4771 1310 4838 refers
1327 4769 1409 4835 ΒΜ
1426 4771 1468 4836 D.
1483 4771 1524 4836 N.
1539 4781 1651 4840 tecum

318 4874 357 4940 de
381 4874 516 4941 diversis
537 4873 634 4942 rebus
656 4897 715 4940 nos
738 4873 1006 4942 concernentibus
1030 4897 1134 4961 nuper
1155 4874 1317 4956 habuisse,
1341 4871 1409 4940 S‘⁸“¹
1434 4877 1503 4940 eius
1524 4875 1650 4942 nullam

317 4981 570 5068 praetermittere
592 4981 794 5048 occasionem
818 5000 896 5046 suae
919 5001 998 5065 erge
1019 5001 1078 5044 nos
1093 4987 1248 5065 paternae
1270 4977 1515 5044 benevolentiae
1539 4978 1649 5046 decla·
