3450 5818
85 655 113 720 in
132 653 293 724 cathedris
316 679 413 746 quam
436 655 555 724 sobolis
577 656 806 742 accomodent,
834 667 1062 746 componatur,
1091 667 1125 724 et
1146 681 1240 726 sacra
1262 660 1407 746 synodus

85 756 235 846 intelliget
256 767 402 824 sanetann
423 757 613 844 religionem
635 759 675 824 V.
698 758 750 824 111ι
771 782 848 826 vere
870 761 961 828 cordi
985 784 1065 828 esse.

178 859 331 927 8666616
344 861 535 948 cathalogns
547 861 713 929 Romanus
730 862 924 930 condemnat
939 864 1102 952 quaedam
1118 872 1193 930 ecta
1207 867 1410 934 comitiorum

82 966 121 1028 its
141 985 273 1051 quoqne
294 963 432 1030 obscure
453 972 490 1030 ut
511 987 596 1052 quse
617 966 683 1031 sint
704 964 759 1032 illa
781 975 856 1034 acta
876 967 1023 1034 divinare
1037 969 1229 1034 nesciemus.
1253 968 1323 1034 dixi
1346 993 1408 1056 ego

81 1066 273 1154 impossibile
296 1089 367 1134 esse
389 1078 425 1133 6ι
445 1067 647 1154 principibus
663 1077 695 1134 et
710 1069 846 1135 statibus
862 1071 988 1158 imperii
1002 1071 1076 1136 libri
1092 1073 1257 1138 actionum
1272 1095 1406 1138 suarum

81 1170 264 1236 smanibus
287 1171 510 1255 excutiantur,
538 1171 700 1236 neminem
728 1173 814 1238 enim
841 1195 913 1239 esse
935 1175 991 1262 qui
1014 1173 1077 1240 sibi
1097 1172 1235 1239 liberum
1258 1197 1330 1242 esse
1353 1197 1408 1262 ge-

80 1282 198 1340 storum
220 1297 360 1356 snorum,
384 1259 621 1362 qualiacunque
648 1275 779 1340 tandem
802 1274 858 1340 illa
879 1277 958 1360 sint,
985 1276 1119 1342 annales
1148 1277 1353 1344 conscribere
1377 1288 1409 1345 et

80 1399 116 1442 66
135 1399 197 1464 pro
219 1377 353 1443 arbitrio
381 1376 544 1444 custodire
573 1399 639 1442 non
667 1375 760 1456 velit,
793 1377 895 1444 multo
923 1380 1029 1444 minus
1057 1388 1161 1446 status
1188 1380 1314 1467 imperii
1345 1382 1409 1448 sibi

79 1480 241 1566 prohiberi
261 1482 426 1568 patientur
447 1489 484 1546 ut
506 1480 707 1546 comitiorum
730 1503 861 1548 suorum
881 1475 1030 1550 recessim
1053 1491 1089 1548 ιιι
1110 1493 1228 1549 vocant
1249 1505 1315 1549 non
1331 1485 1407 1549 scri-

83 1583 155 1649 bant
179 1595 213 1650 et
235 1583 418 1671 publicent:
446 1583 584 1670 proinde
607 1585 791 1651 cautissime
813 1607 886 1652 esse
907 1586 942 1650 in
964 1608 1002 1652 eo
1023 1585 1266 1674 procedendum
1287 1589 1408 1654 monui.

80 1697 141 1752 tim
164 1697 275 1775 patres
297 1686 459 1772 designati
481 1708 546 1752 uno
569 1707 625 1752 ore
647 1697 833 1753 constanter
854 1711 898 1754 ex
918 1710 971 1754 me
992 1688 1179 1776 flagitarunt
1199 1700 1236 1755 nt
1257 1711 1297 1756 66
1317 1689 1358 1756 (16
1372 1713 1409 1756 re

80 1790 118 1856 ad
138 1791 219 1856 M²⁸¹¹¹
241 1789 282 1856 V.
305 1788 480 1856 scriberem
502 1809 542 1854 ao
565 1788 733 1856 consilium
754 1799 909 1878 peterem,
932 1791 1020 1880 quod
1043 1794 1189 1880 quamvis
1211 1815 1309 1880 aegre
1331 1792 1409 1858 mihi

79 1893 116 1958 ab
139 1895 188 1958 eis
210 1916 404 1982 persuasum
426 1902 486 1973 est,
508 1902 617 1961 tamen
638 1894 719 1960 vicit
739 1917 791 1960 me
813 1894 988 1962 vehemens
1010 1917 1121 1963 eorum
1139 1897 1293 1963 instantia
1307 1907 1342 1962 ut
1356 1919 1409 1964 mc

79 1996 110 2060 id
134 1997 299 2064 factunm
326 1997 516 2085 receperim.
553 2019 626 2063 meo
658 1997 768 2085 itaque
800 1998 914 2064 humili
940 1999 1061 2066 indicio
1083 1999 1151 2064 ΜΨ
1172 1999 1213 2066 V.
1241 2000 1304 2066 hoc
1331 1999 1410 2066 mihi

79 2122 267 2188 responsum
290 2100 465 2168 clementer
486 2099 564 2166 dare
590 2103 708 2189 possit,
736 2101 824 2190 quod
850 2101 945 2169 nobis
973 2103 1156 2169 oratoribus
1187 2103 1279 2169 dedit
1304 2113 1410 2188 antea,

82 2227 198 2292 nempe
221 2228 257 2271 se
284 2205 371 2272 nolle
399 2206 439 2270 iis
465 2205 563 2272 rebus
590 2207 765 2272 immisceri
791 2229 930 2294 quarum
957 2205 1238 2273 diiudicandae-um
1265 2215 1409 2295 potestas

79 2330 176 2394 penes
200 2332 331 2376 sacrum
352 2308 525 2374 concilium
548 2307 605 2394 sit,
633 2316 666 2374 ct
687 2309 778 2374 utin
801 2309 959 2375 eiusmodi
980 2309 1080 2376 rebus
1103 2319 1197 2375 cante
1219 2332 1355 2396 agamus
1378 2321 1411 2376 et

79 2413 264 2496 prudenter.
287 2415 415 2480 sivero
438 2411 471 2478 S.
487 2411 539 2478 Me
555 2411 595 2476 V.
611 2434 705 2478 secus
727 2412 925 2500 respondere
947 2411 1123 2481 clementer
1136 2412 1304 2502 placuerit,
1328 2435 1409 2501 rogo

79 2513 243 2584 humilime
265 2525 302 2582 ιιι
321 2517 357 2582 id
378 2517 527 2603 responsi
549 2537 588 2582 eo
610 2517 707 2582 citius
736 2515 779 2583 ad
806 2539 859 2584 me
887 2517 1012 2602 veniat,
1041 2540 1118 2584 nam
1143 2539 1211 2584 non
1238 2515 1412 2583 cessabunt

80 2641 127 2684 me
148 2643 270 2708 urgere
289 2629 409 2708 patres.

177 2725 291 2790 Tertio
312 2724 462 2813 Hispani,
486 2722 575 2792 Gelli
597 2747 735 2813 quornm
756 2727 872 2791 unicus
893 2725 1087 2792 Parisiensis
1110 2709 1283 2814 episcopus
1305 2724 1409 2806 adest,

80 2825 229 2894 Lusitani
251 2838 285 2893 et
306 2828 441 2916 quidam
462 2851 505 2895 ex
525 2828 617 2894 Italis
644 2838 756 2916 petere
785 2828 901 2896 volant
927 2852 947 2894 a
976 2827 1114 2896 concilio
1142 2839 1178 2895 ut
1204 2831 1238 2894 in
1259 2831 1413 2916 proxima

82 2932 240 3009 sessione,
274 2954 357 3020 quae
385 2941 422 2998 ut
448 2954 492 2998 ex
519 2931 743 2998 communibus
772 2935 891 2998 nostris
918 2931 1019 2999 literis
1040 2932 1108 2998 Mu
1135 2932 1177 2999 V.
1204 2930 1362 3019 intelliget
1391 2955 1411 2997 a

82 3044 200 3100 statuto
223 3035 276 3100 die
298 3036 468 3122 prorogari
489 3057 550 3122 per
572 3035 737 3102 octiduum
759 3046 885 3123 posset,
914 3037 1010 3102 sicuti
1036 3059 1076 3101 ea
1097 3035 1138 3101 (16
1160 3058 1195 3101 re
1217 3035 1314 3101 hodie
1337 3058 1412 3102 con-

81 3141 227 3227 gregatio
249 3138 410 3226 generalis
432 3137 613 3224 habebitur,
637 3138 820 3226 publicetur
842 3138 903 3204 sub
926 3137 1061 3206 articulo
1085 3137 1126 3204 de
1147 3139 1324 3205 residentia
1347 3139 1412 3225 epi·

82 3263 254 3331 scoporum
277 3251 311 3307 et
324 3251 519 3328 curatorum,
542 3252 578 3308 ut
592 3241 752 3309 beneficia
767 3251 878 3308 curata
894 3242 1100 3308 conserantur
1113 3243 1153 3306 iis
1168 3251 1292 3308 tantum
1307 3264 1411 3308 sacer-

84 3344 212 3414 dotibus
236 3348 292 3435 qni
314 3345 458 3412 eiusdem
481 3356 557 3412 sunt
578 3346 732 3430 diocesis,
762 3354 795 3412 et
822 3354 858 3410 ut
878 3367 938 3432 per
966 3344 1145 3412 ordinarios
1175 3355 1242 3410 tres
1269 3344 1357 3412 docti
1380 3354 1419 3410 et

81 3449 209 3533 probati
231 3451 293 3515 viri
315 3449 526 3516 ecclesiastici
549 3449 744 3535 deputentur
765 3449 821 3535 qui
843 3469 898 3513 eos
919 3446 1104 3514 sacerdotes
1120 3447 1238 3535 quibus
1253 3447 1413 3514 beneficia

82 3554 221 3620 conferri
244 3552 364 3619 debent
385 3551 426 3618 de
440 3554 508 3618 vita
522 3552 666 3618 moribus
682 3561 715 3617 et
729 3551 913 3618 eruditione
924 3554 1015 3639 prius
1031 3549 1202 3638 diligenter
1216 3553 1411 3632 examinent,

83 3665 112 3720 et
140 3667 179 3723 nt
207 3667 345 3724 vacante
372 3655 480 3744 aliquo
506 3655 664 3722 beneficio
688 3664 762 3720 ante
785 3653 990 3722 collationem
1010 3651 1144 3742 publica
1163 3653 1221 3720 fiat
1242 3655 1413 3739 intimatio,

82 3770 116 3824 ut
147 3761 211 3826 hac
243 3761 369 3826 ratione
402 3759 567 3846 digniores
596 3759 775 3825 animarum
804 3781 902 3824 curae
929 3757 1166 3845 praeficiantur.
1200 3759 1246 3823 ita
1275 3757 1414 3824 credunt

83 3875 211 3932 mutum
243 3865 283 3930 iri
309 3885 351 3930 ne
381 3865 554 3954 qnisquam
581 3864 712 3948 ignotus
738 3860 793 3929 vel
820 3861 973 3948 indignus
995 3861 1118 3928 Romae
1146 3871 1183 3926 ut
1210 3860 1248 3926 fit
1276 3861 1412 3949 posthac

83 3966 276 4036 beneficium
297 3970 331 4034 in
352 3967 402 4032 his
424 3969 543 4034 nostris
557 3967 754 4054 regionibns,
777 3965 993 4054 supplantatis
1020 3965 1215 4049 domesticis,
1238 3965 1411 4052 impetrare

83 4074 191 4158 possit,
217 4092 300 4159 qnae
323 4093 375 4137 res
397 4071 554 4136 hactenus
576 4069 695 4137 multos
716 4069 869 4136 honestos
892 4077 925 4134 et
942 4069 1055 4135 doctos
1070 4069 1159 4134 viros
1174 4092 1195 4133 a
1210 4076 1294 4134 statu
1310 4067 1412 4134 eecle-

84 4176 213 4242 666ιὶ66
227 4175 409 4253 absterruit,
422 4197 497 4240 cnm
507 4173 649 4241 viderint
659 4176 833 4240 extraneos
845 4173 888 4239 ad
899 4171 1034 4240 meliora
1043 4173 1203 4239 beneficia
1214 4173 1408 4260 promoveri.

183 4280 266 4348 Illae
299 4301 381 4368 qnos
407 4277 478 4344 dixi
504 4279 652 4344 nationes
678 4278 835 4343 miserunt
868 4277 911 4342 ed
944 4298 995 4342 me
1023 4275 1217 4342 Lusitanum
1250 4273 1413 4363 quendam

85 4385 366 4473 archiepiscopum
380 4381 666 4465 Braccharensem,
689 4391 722 4446 et
743 4381 789 4446 ud
811 4380 926 4448 eadem
942 4403 1016 4446 cnm
1031 4381 1110 4468 ipsis
1124 4389 1268 4468 peterem
1283 4380 1413 4445 nomine

85 4493 222 4557 nationis
245 4489 461 4556 Germanicae
488 4508 541 4553 me
568 4495 733 4574 rogarunt.
766 4485 922 4573 respondi
951 4507 971 4550 a
999 4483 1031 4550 S.
1055 4483 1091 4552 Ο.
1114 4485 1171 4549 M¹⁹
1193 4483 1233 4549 V.
1255 4483 1413 4550 hactenns

87 4615 211 4683 semper
233 4593 442 4660 observatum
463 4612 545 4674 esse,
568 4597 606 4655 ut
625 4610 783 4677 personae
799 4588 917 4677 qnibns
931 4586 1091 4654 beneficia
1106 4586 1315 4654 conferuntur
1330 4586 1413 4652 ordi-

86 4700 182 4764 nariis
206 4720 335 4786 semper
354 4704 582 4785 praesentatae
605 4697 677 4780 sint,
701 4704 734 4759 6ι
756 4693 876 4759 habere
898 4693 976 4757 M²''n
990 4689 1033 4764 V.
1056 4693 1107 4756 ins
1128 4700 1320 4779 patronatus
1335 4690 1414 4756 mul-

87 4813 188 4871 torum
209 4804 442 4872 beneficiorum
466 4804 500 4868 in
528 4800 638 4867 multis
666 4801 733 4866 suis
761 4801 870 4886 regnis
899 4821 939 4866 ac
965 4797 1158 4886 provinciis3
1191 4793 1307 4860 deinde
1334 4792 1414 4859 mibi

87 4919 237 4999 tanquam
258 4909 320 4975 Me.
341 4906 382 4974 V.
406 4906 527 4975 oratori
556 4927 623 4972 non
649 4902 748 4971 licere
773 4903 839 4971 tale
868 4902 946 4991 quid
973 4903 1008 4967 in
1036 4899 1267 4989 praeiuditium
1288 4895 1349 4962 Ma.
1374 4897 1413 4963 V.

89 5029 203 5104 petere.
236 5019 359 5086 instant
383 5012 431 5080 illi
463 5021 501 5080 et.
526 5011 732 5085 commodum
758 5009 937 5078 universali
959 5007 1114 5078 ecclesiae
1136 5004 1212 5072 inde
1233 5002 1412 5068 maximnm
