3460 5826
185 705 236 756 Die
253 705 341 758 Briet'e
359 707 405 758 des
421 708 529 758 Kaisers
548 723 582 758 an
598 707 662 760 Pius
679 709 734 762 und
752 726 787 762 au
804 711 847 763 die
865 711 986 780 Legsten
1002 715 1031 766 in
1045 715 1138 768 'l'rieut
1154 718 1244 768 vemt
1257 715 1376 770 October

126 791 178 841 siud
194 792 267 843 nicht
290 792 417 845 erhalteu.
454 795 523 844 Deru
540 795 623 860 Pepst
639 795 743 846 scheint
759 797 911 849 Perdinand
929 800 1030 852 damals
1054 818 1107 853 von
1125 802 1172 853 der
1188 801 1267 853 Wahl
1290 803 1375 853 Maxi-

124 876 222 928 milians
239 877 410 945 gesebricben
428 894 461 929 ru
479 878 574 932 beben.
595 879 689 932 Gleich
707 882 751 933 bei
769 883 816 933 der
833 890 920 934 ersten
937 885 1057 937 dodieuz
1075 887 1175 938 welche
1192 888 1262 939 Areo
1280 904 1324 940 am
1342 890 1375 940 26

125 963 164 1013 bei
175 964 233 1014 dem
245 979 293 1015 sus
306 964 503 1016 Civitaveoebia
519 964 736 1032 beimgslrebrten
747 969 845 1035 Pspste
856 970 936 1035 betto,
954 969 1016 1023 kam
1035 971 1122 1024 dieser
1132 973 1230 1024 wieder
1246 973 1295 1024 sul
1302 975 1375 1026 disse

122 1049 325 1117 Augeiegenheit
341 1049 447 1102 mrbclr.
465 1053 521 1103 Der
539 1051 634 1104 Orstm
649 1053 767 1106 schreibt
782 1055 897 1108 ullmlieb
914 1072 956 1108 em
974 1058 1004 1110 bl
1019 1059 1172 1127 (Romons)=
1192 1060 1219 1115 S.
1231 1061 1275 1112 8⁸·
1287 1062 1374 1113 subito

122 1141 221 1187 tornata
238 1137 266 1188 fu
282 1138 391 1188 visitate
408 1138 443 1190 da
460 1154 510 1202 ms,
528 1143 555 1190 et
571 1141 608 1190 mi
625 1140 695 1192 disse
714 1141 800 1194 ch'nu
819 1143 952 1196 cardiusle
971 1143 1005 1196 de
1021 1146 1098 1210 primi
1114 1145 1132 1196 l’
1142 1151 1264 1199 esortara
1275 1163 1292 1199 e
1302 1162 1375 1198 mau-

122 1220 182 1272 dsre
199 1238 236 1273 nn
253 1222 343 1290 legato
362 1223 538 1289 eFrancfort,
556 1223 702 1277 dubitando
715 1226 764 1278 che
775 1243 829 1280 non
841 1229 862 1278 si
875 1228 977 1280 facesse
987 1231 1100 1296 qualche
1109 1231 1271 1284 resolutione
1284 1239 1376 1284 contre

119 1306 272 1358 l'autborita
291 1307 362 1360 della
379 1309 443 1360 sede
461 1310 615 1376 apostolice.
644 1311 671 1364 S.
690 1312 731 1362 Si·
752 1313 812 1364 dice
830 1314 912 1366 hever
929 1317 1041 1382 risposto
1064 1316 1205 1370 obstante
1226 1319 1331 1370 confide
1348 1320 1376 1369 in

118 1392 146 1443 V.
162 1394 220 1458 bib,
240 1401 339 1460 quanto
353 1397 378 1446 ci
390 1413 419 1447 se
431 1397 502 1448 insse
516 1393 569 1449 ella
581 1399 609 1449 in
621 1415 741 1465 persona,
760 1405 788 1450 et
800 1400 848 1450 cbo
861 1419 913 1454 non
926 1403 1023 1454 volcva
1035 1404 1160 1456 mandere
1172 1405 1331 1458 altrimenti.
1346 1442 1353 1455 .
1368 1441 1374 1456 .

116 1493 160 1544 per
170 1479 256 1532 Βοιιιι
270 1497 284 1532 e
298 1496 390 1548 sparse
407 1482 477 1533 ieme
496 1483 545 1534 cbo
562 1489 650 1550 presto
669 1485 809 1538 sifarnnuo
828 1488 963 1552 cardinali,
982 1495 1009 1540 et
1027 1491 1076 1542 che
1094 1507 1162 1543 auco
1179 1493 1308 1557 potrebbe
1326 1506 1373 1542 ua·

26 1617 27 1624 ,
117 1580 188 1618 scere
199 1571 375 1634 responsione
387 1569 431 1620 del
444 1571 565 1634 coneilio,
584 1575 654 1622 sotto
666 1577 781 1637 pretesto
801 1573 842 1624 cb’
852 1575 964 1628 essendo
981 1576 1001 1626 il
1017 1575 1097 1644 luogo
1116 1578 1142 1628 di
1154 1578 1252 1628 'Frento
1269 1577 1373 1644 piccolo

117 1657 142 1702 et
158 1668 213 1704 nou
232 1669 333 1721 espace
352 1655 378 1706 di
395 1661 469 1708 tante
486 1672 606 1723 persone,
624 1673 639 1709 e
657 1659 807 1710 necessario
826 1661 986 1714 transierirlo
1001 1663 1029 1712 in
1040 1663 1108 1714 altra
1119 1668 1194 1730 parte
1207 1669 1242 1727 et,
1258 1662 1310 1715 fine
1324 1663 1374 1715 che

116 1739 137 1788 si
155 1739 296 1792 determini
314 1741 391 1806 dove,
418 1743 599 1809 suspenderlo.
616 1771 651 1784 -
667 1745 789 1796 Dieron
805 1746 876 1798 Arce
895 1748 1066 1814 eingessudte
1084 1748 1181 1800 eohric
1203 1748 1273 1801 steht
1289 1752 1317 1800 in
1335 1749 1373 1801 Le

114 1825 173 1877 Plet
190 1830 216 1890 ὁ,
228 1829 299 1889 385;
317 1827 370 1894 rgl.
382 1829 480 1879 Archiv
497 1828 515 1879 f.
530 1835 555 1882 ὅ.
569 1829 601 1882 G.
612 1832 655 1882 47.
675 1859 708 1868 -
726 1830 806 1883 Sonat
822 1834 857 1884 ist
873 1847 922 1884 aus
935 1833 986 1885 den
998 1835 1146 1886 rbmiscben
1163 1837 1270 1888 Brielen
1284 1834 1370 1888 dieses

112 1911 217 1965 Monate
242 1929 292 1965 nur
313 1915 384 1966 noch
406 1916 634 1981 hervornubeben‚
657 1917 718 1968 dass
741 1919 803 1969 Pius
826 1919 874 1970 aul
894 1919 937 1972 die
961 1919 1083 1972 Gesucbe
1108 1922 1154 1973 des
1177 1923 1299 1974 Bischois
1317 1940 1370 1975 von

111 1998 228 2052 Annene
246 1999 321 2050 nicht
340 2000 403 2052 eber
419 2002 538 2054 Antwort
556 2005 684 2056 ertheileu
701 2005 799 2071 wollte,
815 2008 857 2059 bis
873 2005 949 2059 nicht
965 2007 1063 2074 Niquet
1080 2009 1128 2059 mit
1144 2007 1250 2060 Brieicn
1268 2010 1317 2062 des
1341 2009 1372 2062 C.

111 2099 163 2136 ron
181 2086 297 2137 Ferrara
316 2088 489 2155 eiugetroffen
505 2091 552 2142 sei.

622 2509 791 2598 CCXV.

405 2730 639 2808 Dreskovios
666 2751 712 2806 en
750 2732 822 2807 den
861 2732 1013 2823 Κιίοοις

470 2886 600 2952 Trient,
624 2887 663 2938 27
683 2884 833 2938 October
852 2888 943 2942 1562.

337 3065 516 3124 emensos
542 3065 687 3139 Oripiool5
713 3068 745 3123 in
766 3073 856 3142 ter-qo:
878 3071 898 3123 4
922 3069 1079 3126 November.

142 3210 323 3278 Petebatur
349 3223 446 3279 antea
476 3215 554 3279 satis
577 3213 719 3280 futurum
745 3214 899 3300 temporis
928 3213 971 3280 ad
998 3212 1231 3280 absolvendam
1253 3224 1369 3282 tracta·

51 3313 161 3380 tiouem
184 3315 352 3404 utriusque
381 3320 582 3398 sacramenti,
610 3317 673 3382 hoc
703 3325 752 3382 est
773 3316 893 3382 ordinis
922 3326 955 3382 et
975 3318 1179 3402 matrimonii,
1208 3327 1283 3384 aute
1306 3341 1369 3385 scs·

51 3417 178 3502 sionem,
203 3427 236 3483 et
255 3429 430 3506 propterea
450 3444 569 3508 magno
593 3419 698 3486 studio
722 3419 977 3486 contendebatur
992 3442 1012 3486 a
1025 3421 1170 3507 patribus
1182 3430 1218 3487 ut
1229 3421 1270 3487 de
1284 3431 1369 3488 utro-

49 3540 104 3603 que
117 3533 196 3588 ante
209 3523 385 3588 sessionem
398 3534 591 3590 mactaretur
606 3533 638 3590 et
653 3523 740 3611 quod
754 3524 861 3589 visum
876 3533 961 3590 esset
975 3546 1040 3588 una
1055 3525 1088 3588 in
1103 3523 1211 3590 futura
1225 3525 1369 3591 sessione

48 3625 308 3712 promulgaretur,
337 3636 373 3692 ut
391 3626 454 3692 hac
476 3629 600 3693 ratione
622 3627 715 3692 citius
738 3627 874 3693 concilio
902 3628 976 3692 finis
997 3628 1224 3714 imponeretur.
1255 3627 1313 3694 sed
1334 3638 1370 3694 ut

49 3726 136 3794 rideo
158 3731 207 3794 ita
227 3727 313 3795 lente
334 3729 521 3817 proceditur
541 3739 577 3796 ut
599 3752 640 3795 ue
661 3731 716 3795 uni
740 3731 871 3819 quidem
894 3730 1016 3796 ordinis
1031 3732 1224 3796 sacramenti
1248 3730 1369 3798 discns-

51 3829 126 3896 sioni
150 3841 185 3896 et
206 3832 440 3899 reformationis
464 3834 606 3900 articulis
629 3833 852 3899 examinandis
868 3835 945 3899 satis
962 3834 1199 3920 superfuturum
1215 3837 1369 3921 temporis

47 3943 160 4014 putem.
184 3957 260 4000 nem
281 3936 315 4000 in
336 3935 423 4001 hune
444 3959 547 4025 usque
570 3936 654 4002 diem
678 3937 823 4002 doctrine
846 3946 878 4002 ct
893 3959 1032 4003 canones
1055 3937 1096 4002 de
1118 3937 1238 4004 ordinis
1261 3960 1367 4005 sacre·

48 4049 150 4106 mento
167 4047 242 4126 post
255 4039 391 4126 primam
407 4041 676 4106 examinationem
693 4039 846 4125 nondum,
868 4050 905 4106 ut
925 4040 995 4106 fieri
1010 4040 1100 4125 solet,
1123 4040 1299 4106 seeundum
1313 4063 1368 4128 pa·

46 4147 124 4207 trum
140 4143 316 4208 sententies
327 4145 463 4210 correcti
479 4154 511 4209 et
524 4145 557 4209 in
567 4142 732 4210 meliorem
746 4144 882 4209 formam
895 4143 1019 4210 redacti
1034 4144 1077 4209 ad
1091 4143 1275 4210 udteriorem
1290 4167 1365 4210 exe

45 4244 249 4312 minationem
278 4249 435 4336 propositi
463 4257 545 4314 sunt.
580 4246 621 4314 de
649 4248 887 4315 reformationis
914 4271 992 4315 vero
1020 4247 1164 4314 articulis
1192 4248 1297 4314 edhrm
1325 4272 1366 4316 ue

45 4347 177 4415 verbum
199 4351 329 4438 quidem
356 4351 455 4417 ullum
481 4351 604 4417 fectum
626 4361 696 4417 est.
713 4399 745 4417 ..
768 4351 856 4440 qnod
878 4361 986 4418 antem
1014 4354 1060 4417 ita
1081 4350 1234 4439 languide
1255 4375 1365 4440 prooe-

47 4447 144 4536 datur,
167 4455 229 4541 ipsi
252 4454 383 4542 quidem
405 4453 446 4519 D.
468 4452 568 4540 legati
589 4476 628 4519 ea
649 4477 684 4520 re
707 4457 836 4520 evenire
859 4456 1035 4521 existimari
1057 4453 1179 4534 volunt,
1212 4457 1297 4545 quod
1321 4457 1366 4522 di·

45 4572 152 4622 versas
174 4565 303 4644 patruum
325 4559 499 4624 sententies
523 4557 695 4624 conciliare
718 4557 848 4624 difficile
871 4560 920 4623 sit
956 4557 1088 4624 fuerunt
1107 4559 1193 4625 enim
1214 4559 1366 4646 permulti

46 4657 97 4740 qui
118 4662 339 4748 episcopatum
360 4663 430 4727 inre
453 4661 562 4726 divino
586 4662 794 4727 coustitutum
816 4683 887 4728 esse
908 4663 941 4725 iu
957 4659 1070 4727 ultimo
1087 4683 1211 4728 canone
1226 4664 1364 4749 exprimi

45 4759 169 4828 nollent.
204 4773 317 4830 contra
337 4763 478 4851 Hispani
499 4786 611 4829 omnes
640 4764 750 4852 etqui
774 4764 932 4830 doctiores
963 4787 1002 4829 ac
1024 4761 1173 4830 meliores
1195 4765 1364 4848 habentur,

48 4881 105 4929 ron
133 4867 168 4931 in
191 4890 314 4934 oenone
337 4867 441 4932 solum
470 4866 527 4932 sed
555 4868 651 4933 etiam
678 4866 712 4930 in
733 4867 805 4953 ipsa
827 4866 974 4933 doctrine
996 4869 1165 4955 episcopos
1194 4866 1366 4934 aOhristo

49 4964 170 5034 domino
192 4969 354 5035 institutos
377 4992 447 5034 esse
470 4968 629 5036 declarari
644 4967 766 5051 volunt,
790 4969 823 5034 id
838 4971 923 5036 enim
945 4971 1149 5036 verissimum
1173 4993 1244 5038 esse
1259 4992 1366 5059 neque

49 5067 85 5137 de
109 5095 147 5144 eo
169 5072 345 5164 quidquam
373 5071 514 5141 dubitari
541 5071 659 5142 debere
688 5071 877 5140 firmissimis
905 5074 1084 5141 rationibus
1112 5083 1275 5142 ostensum
1305 5083 1363 5144 eet

1179 5179 1229 5232 dd*
