3532 5832
1421 515 1457 578 ll

128 705 205 770 mibi
236 727 432 794 responsum
459 705 534 789 nit,
572 707 737 794 egregium
770 707 923 794 piumque
952 705 1093 772 studium
1121 705 1185 770 Ml·
1216 704 1257 770 V.
1287 725 1365 790 erga
1386 725 1461 789 spo·

127 809 281 874 stolicam
310 809 481 876 ecclesiam
510 809 658 877 omnibus
689 832 892 897 summopere
923 817 1052 897 gratum
1080 831 1166 892 esse,
1202 816 1398 896 quapropter
1426 827 1460 871 sc

126 915 202 977 totis
226 912 356 980 viribus
377 921 571 998 conaturos,
594 923 631 980 ut
651 913 725 982 talis
747 914 894 1002 pontifex
916 912 1063 1000 eligatur,
1086 911 1214 1000 qualem
1235 913 1328 978 iuxta
1351 909 1461 975 admo-

126 1017 287 1081 nitionem
315 1014 382 1080 Mfl·
412 1017 454 1083 V.
481 1025 628 1104 tempora
654 1017 735 1083 haec
765 1016 943 1106 religioque
975 1017 1009 1080 in
1034 1024 1082 1081 tot
1110 1015 1276 1102 opiniones
1299 1013 1462 1099 discerpta

123 1121 308 1206 requirunt
327 1142 399 1206 ego,
414 1120 623 1186 invictissime
635 1143 757 1203 caesar,
780 1142 854 1185 cum
868 1117 1066 1202 Tridentino,
1089 1118 1223 1184 Morono
1239 1117 1461 1203 Pacieccoque

125 1221 354 1288 cardinalibus
376 1245 522 1310 egeram,
549 1232 586 1290 ut
606 1245 797 1311 responsum
824 1245 959 1290 asaoro
983 1221 1119 1310 collegio
1151 1221 1229 1286 mihi
1257 1219 1400 1285 dandum
1427 1219 1459 1282 in

126 1327 261 1412 scriptis
299 1326 645 1412 comprehenderetur,
677 1336 715 1393 ut
746 1327 817 1392 iura
850 1348 1004 1392 caesarea
1036 1324 1100 1389 MV·
1127 1325 1167 1389 V.
1199 1347 1258 1411 per
1291 1321 1462 1408 collegium

127 1428 432 1516 comprobarentur.
460 1429 519 1497 sed
540 1439 655 1517 postea
676 1429 819 1497 intellexi
842 1429 930 1516 quod
951 1429 1029 1494 Rea·
1053 1427 1093 1496 de
1108 1427 1206 1514 Carpi
1221 1427 1312 1510 dixit,
1335 1427 1464 1490 minime

129 1555 164 1598 sc
191 1531 333 1598 credere
361 1555 490 1600 sacrum
518 1532 690 1621 collegium
721 1535 755 1598 in
780 1533 908 1620 scriptis
933 1554 1178 1621 responsurum,
1212 1551 1287 1596 nam
1309 1530 1372 1595 hoc
1393 1549 1465 1596 esse

129 1643 263 1720 praeter
285 1637 567 1721 consuetudinem,
589 1637 820 1725 inductumque
843 1659 914 1704 esse
935 1643 972 1700 ut
993 1634 1142 1702 omnibus
1163 1634 1279 1720 legatis
1302 1641 1462 1698 orettenus

130 1749 259 1804 unnim
282 1739 531 1827 respondeatur-3
553 1762 588 1808 se
603 1749 713 1806 tamen
733 1750 888 1828 tanquam
903 1739 1018 1806 decani
1039 1739 1128 1804 vices
1147 1745 1313 1824 gerentem
1335 1736 1463 1802 effectu·

130 1867 219 1926 rum,
244 1851 283 1908 ut
308 1864 370 1929 ego
390 1852 556 1931 tamquam
576 1846 717 1910 caesum
736 1844 862 1931 legatus
888 1841 1087 1909 describeres
1107 1843 1142 1907 in
1164 1840 1301 1928 pollina,
1324 1851 1356 1906 et
1378 1837 1464 1925 quod

129 1958 302 2033 tamquam
343 1949 483 2014 mesatis
521 1947 647 2034 legatus
682 1947 725 2013 sd
759 1947 938 2013 custodiam
971 1945 1134 2012 conclavis
1166 1967 1310 2011 vocarer.
1348 1963 1458 2031 quere,

130 2051 345 2115 invictissime
369 2071 492 2135 caesar,
515 2073 588 2116 cum
610 2053 643 2117 in
658 2049 868 2117 cardinalium
891 2050 1141 2136 congregatione
1162 2057 1199 2113 ut
1220 2048 1360 2113 caeseris
1377 2045 1462 2131 lega·

128 2164 182 2218 tus
212 2153 378 2218 admissus
405 2153 521 2220 fuerim
548 2154 820 2242 audientiamque
837 2154 1090 2240 impetraverim,
1124 2174 1162 2218 eo
1192 2152 1331 2217 maxime
1354 2151 1462 2236 siper

129 2257 279 2345 Carpum
301 2256 391 2323 dicta
411 2258 671 2344 praestabuntur,
694 2258 791 2324 credo
806 2258 884 2323 Mam
899 2258 939 2322 V.
959 2267 997 2322 ut
1011 2279 1176 2322 caesarem
1199 2278 1219 2320 a
1241 2252 1378 2338 collegio
1401 2253 1462 2318 isto

129 2384 291 2449 expresse
319 2360 512 2446 admissum,
549 2361 632 2428 adeo
653 2362 742 2450 quod
769 2370 904 2428 venturo
938 2360 1080 2448 pontifici
1108 2357 1216 2424 nullae
1242 2366 1351 2444 partes
1379 2357 1466 2422 circa
1524 2433 1526 2436 ¹

130 2465 366 2530 admissionem
392 2463 477 2530 hanc
504 2473 700 2532 remaneant
737 2465 879 2530 firurrum
908 2473 1015 2530 autem
1043 2462 1226 2550 pontificem
1256 2461 1466 2526 communiter

132 2568 275 2634 credunt
296 2578 354 2635 aut
368 2567 509 2656 Carpum
532 2577 589 2634 aut
602 2567 761 2634 Putheunr
783 2575 840 2634 aut
860 2567 1020 2634 Medicam
1043 2574 1098 2631 aut
1119 2564 1299 2647 Moronum,
1322 2565 1377 2650 qui
1400 2586 1464 2629 om-

131 2696 192 2738 nes
222 2681 298 2738 sunt
325 2674 360 2737 in
381 2693 505 2738 summo
532 2672 804 2758 praedicamento.
828 2672 961 2736 existis
983 2678 1091 2735 autem
1113 2667 1346 2757 qualiscunque
1369 2666 1464 2751 elige-

132 2785 197 2859 tur,
220 2775 355 2842 habebit
375 2775 444 2840 Mc*
465 2776 506 2842 V.
523 2773 585 2842 sibi
610 2775 793 2863 pontificem
809 2774 983 2842 admodum
1005 2773 1167 2855 devotum,
1191 2771 1274 2836 sicut
1295 2793 1337 2836 ex
1359 2769 1467 2835 verbis

134 2882 281 2965 ipsorum
306 2881 474 2967 percipere
500 2881 601 2967 potui.
637 2879 796 2967 reliquum
825 2887 874 2944 est
900 2888 937 2944 ut
964 2875 1141 2964 supplicem
1163 2874 1286 2957 M²¹v.‚
1309 2883 1465 2961 utquam

134 2985 277 3070 primum
298 2981 453 3048 deliberet
477 2981 518 3049 de
544 2981 652 3070 aliquo
679 2971 806 3047 oratore
831 2983 865 3047 in
890 2981 975 3046 hanc
996 2980 1158 3044 civitatem
1173 2976 1344 3062 mittendo;
1368 2975 1464 3042 credo

136 3087 225 3151 enim
244 3085 323 3150 Mam
351 3085 392 3150 V.
422 3108 443 3152 a
469 3084 605 3172 collegio
633 3083 697 3151 boc
724 3083 939 3171 pontificeque
964 3083 1072 3150 futuro
1102 3082 1210 3148 omnia
1237 3082 1322 3146 iuste
1352 3101 1465 3145 conse·

138 3198 313 3277 qunturam
335 3211 407 3254 osse
423 3235 432 3254 .
448 3237 481 3254 ..

242 3292 349 3360 Hodie
380 3292 469 3380 quod
494 3291 650 3359 conclave
676 3290 802 3379 ingredi
830 3289 951 3357 debent
980 3287 1160 3355 cardinales
1191 3285 1314 3375 [causa]
1347 3286 1465 3351 missae

141 3398 273 3484 spiritus
300 3397 419 3480 sanofi,
448 3395 504 3462 ubi
536 3394 719 3462 admonitus
741 3393 788 3460 fui
809 3402 845 3459 ut
866 3393 947 3460 bora
968 3393 1008 3458 21
1042 3393 1077 3455 in
1098 3391 1202 3456 sancti
1223 3389 1311 3455 Petri
1331 3387 1464 3476 pallatio

140 3509 303 3566 revertere
325 3499 549 3566 deberem...
572 3498 741 3586 praedicta
762 3497 842 3563 bora
868 3497 910 3562 21
933 3493 1100 3583 pallatium
1127 3495 1202 3559 veni
1227 3502 1260 3558 ct
1280 3491 1384 3558 aR't'·
1399 3513 1467 3556 car·

144 3602 304 3669 dinalibcs
319 3604 353 3669 in
368 3602 515 3668 conclavi
537 3600 749 3668 existentibus
771 3609 846 3666 ante
862 3597 1116 3685 omneslcgatos,
1139 3619 1220 3684 quos
1236 3597 1333 3663 etiam
1348 3597 1381 3659 in
1397 3617 1466 3662 oae-

141 3709 217 3772 teris
238 3705 336 3772 rebus
357 3704 508 3772 omnibus
529 3705 708 3792 praecessi,
738 3703 815 3769 mihi
836 3702 926 3790 prins
948 3701 1089 3768 delatum
1111 3701 1172 3766 fuit
1198 3702 1411 3766 iuramentum
1433 3699 1467 3763 in

142 3811 247 3876 forma
273 3809 314 3875 de
343 3809 510 3896 diligentia
535 3806 721 3874 adhibenda
749 3808 836 3873 circa
856 3804 1036 3872 custodiam
1058 3803 1231 3872 conclavis.
1253 3811 1367 3890 postca
1386 3801 1467 3866 hora

144 3915 187 3980 22
212 3935 324 3980 omnes
346 3911 528 3979 cardinales
550 3914 583 3977 in
605 3910 761 3980 conclave
784 3908 927 3976 conclusi
949 3917 1045 3974 sunt.
1062 3957 1095 3973 ..

244 4043 366 4108 Datum
387 4043 509 4108 Romae
531 4043 552 4108 5
574 4039 775 4128 Septembris
798 4039 891 4106 1559.

701 4221 767 4286 MV·
798 4219 838 4285 V.
861 4217 898 4286 C.

601 4373 795 4441 humillimus
818 4397 857 4438 ac
880 4371 1015 4439 devotus
1037 4395 1150 4438 servus

661 4505 855 4572 Franciscus
879 4502 920 4570 dc
941 4504 1036 4568 Turri
1058 4503 1138 4569 baro
1162 4526 1204 4568 m.
1219 4503 1361 4589 propria.
