3512 5838
293 694 379 740 nova
401 671 471 738 fieri
494 681 634 738 statuum
659 672 871 738 convocatio?
903 681 960 736 aut
991 689 1087 758 quam
1115 666 1271 733 invidiam
1293 667 1415 736 vellent
1443 677 1556 755 patres
1578 669 1631 733 isti

295 799 374 862 erga
396 799 455 842 nos
478 786 510 842 et
532 777 612 841 alios
642 777 802 862 principes
831 775 1016 842 saeculares
1044 795 1197 838 exercere
1226 774 1260 835 in
1287 793 1326 837 eo
1356 772 1444 859 quod
1465 772 1564 838 nobis
1586 775 1632 836 in·

295 889 430 964 gruente
459 878 566 964 aliqua
593 879 759 964 inopinata
786 877 979 943 necessitate
1007 885 1151 940 mutuam
1181 874 1320 961 aliquam
1350 874 1552 940 moderatam
1578 898 1632 961 pe·

296 984 411 1048 cuniae
434 1003 592 1045 summam
614 1003 634 1044 a
657 981 809 1066 praelatis
832 983 951 1046 nostris
973 981 1071 1044 etiam
1093 977 1245 1064 precibus
1267 977 1414 1062 flagitare
1429 1001 1495 1041 non
1510 977 1634 1060 liceret,

297 1107 369 1150 cum
393 1093 500 1148 umen
522 1083 705 1148 huiusmodi
729 1083 871 1148 officium
900 1080 1078 1168 aliquando
1107 1103 1127 1144 a
1154 1082 1270 1145 vicinis
1292 1081 1425 1161 nostris,
1456 1079 1635 1166 aliquando

296 1190 393 1253 etiam
415 1210 435 1252 a
456 1187 584 1272 penitus
607 1188 769 1250 extraneis
793 1193 826 1250 et
849 1195 1060 1271 expectemus
1084 1192 1117 1248 et
1132 1183 1393 1268 consequamur?
1414 1184 1565 1269 profecto
1581 1185 1637 1268 qui

296 1290 460 1377 principes
484 1288 667 1354 saeculares
690 1290 723 1352 in
744 1288 825 1353 tales
849 1289 1017 1373 angustias
1039 1289 1185 1352 nituntur
1207 1287 1378 1368 condicere,
1401 1287 1557 1372 iiparum
1581 1283 1637 1349 ad·

297 1391 429 1456 modum
452 1391 541 1478 quod
562 1393 714 1478 iniquitas
737 1401 919 1456 nostrorum
940 1400 1121 1476 temporum
1146 1391 1230 1456 ferre
1251 1390 1354 1474 possit
1385 1388 1438 1453 vel
1460 1409 1536 1466 non,
1560 1410 1636 1453 con·

300 1493 443 1561 siderare
465 1494 626 1559 videntur.
663 1492 780 1558 deinde
803 1493 935 1581 quando
958 1493 1022 1578 ipsi
1044 1491 1254 1556 ecclesiastici
1275 1492 1309 1555 in
1332 1489 1547 1556 conventibus
1581 1513 1639 1577 pu·

299 1597 392 1663 blicis
413 1607 601 1662 recusarent
611 1609 777 1682 praetere
791 1619 830 1661 ea
854 1617 937 1684 quae
958 1618 1018 1682 pro
1041 1594 1198 1658 beneficio
1222 1604 1255 1658 et
1268 1592 1488 1659 incolumitate
1510 1595 1638 1679 patriae

300 1711 356 1766 aut
377 1699 448 1765 aliis
472 1699 672 1787 quibuslibet
693 1701 807 1765 usibus
828 1702 1048 1786 requiruntur,
1082 1707 1116 1763 et
1147 1697 1240 1762 inviti
1262 1719 1327 1762 non
1348 1706 1482 1782 possent
1503 1699 1582 1782 cogi
1603 1707 1639 1760 ut

299 1802 384 1868 idem
408 1801 553 1867 facerent
575 1803 663 1888 quod
687 1800 814 1867 ordines
838 1824 877 1866 ac
893 1811 996 1866 status
1012 1800 1205 1878 saeculares,
1229 1799 1308 1864 deus
1325 1795 1419 1883 bone,
1442 1810 1568 1887 quanta
1590 1799 1638 1863 fu·

300 1915 373 1970 tura
396 1914 482 1970 esset
503 1905 743 1992 inaequalitas?
771 1927 813 1969 an
834 1927 900 1970 non
922 1902 1122 1970 credendum
1149 1912 1198 1967 est
1228 1901 1315 1989 quod
1341 1923 1420 1966 mox
1446 1905 1545 1968 etiam
1570 1923 1639 1968 sae

301 2007 427 2074 culares
450 2009 629 2093 inciperent
651 2007 858 2092 tergiversari
889 2027 962 2071 curn
985 2007 1127 2070 maximo
1158 2015 1192 2071 et
1212 2003 1416 2091 irreparabili
1437 2004 1638 2092 reipublicae

301 2109 518 2174 detrimento?
540 2132 680 2196 aequum
703 2111 788 2174 enim
812 2119 862 2174 cst
877 2119 909 2174 et
924 2107 1150 2196 antiquissimo
1165 2129 1227 2172 usu
1240 2117 1416 2194 receptum,
1438 2118 1474 2172 ut
1487 2110 1523 2173 in
1538 2130 1639 2196 quam

301 2223 427 2300 partem
449 2214 553 2278 maior
576 2214 803 2300 suffragiorum
835 2235 912 2300 pars
946 2212 1151 2278 inclinaverit
1181 2212 1216 2275 in
1238 2211 1377 2278 eundem
1400 2213 1497 2278 ctiam
1520 2211 1637 2301 reliqui

301 2325 477 2382 transeant.
501 2318 654 2403 quocirca
676 2315 763 2403 quod
786 2339 845 2381 nos
868 2318 901 2380 in
923 2315 987 2382 hoc
1013 2314 1151 2380 articulo
1168 2317 1342 2399 concernit,
1366 2319 1400 2381 in
1414 2315 1512 2382 talem
1535 2339 1636 2404 angu-

302 2423 397 2485 stiam
419 2441 479 2484 nos
501 2419 608 2504 redigi
629 2441 695 2484 non
718 2421 880 2505 patiemur
900 2428 937 2484 ut
960 2418 1198 2484 ecclesiasticos
1226 2417 1384 2485 immunes
1410 2420 1574 2486 faciamus
1596 2420 1636 2486 ab
1752 2421 1753 2508 ζ

300 2523 341 2588 iis
365 2523 657 2588 contributionibus
681 2533 714 2586 et
740 2521 893 2588 oneribus
923 2543 1006 2608 quae
1034 2524 1163 2588 nonnisi
1190 2523 1278 2588 bona
1304 2523 1448 2609 ipsorum
1470 2524 1637 2589 voluntate
1752 2515 1753 2576 l

260 2629 263 2635 “
301 2635 467 2712 praestare
490 2625 591 2690 velint
606 2627 703 2689 etiam
718 2627 752 2689 in
769 2625 897 2690 casibus
911 2625 1088 2711 permissis,
1112 2625 1168 2690 sed
1186 2626 1398 2711 inposterum
1415 2645 1546 2713 quoque
1563 2647 1637 2692 cum

303 2730 349 2793 eis
373 2727 539 2793 observari
560 2727 710 2792 volumus
734 2728 822 2815 quod
844 2726 1000 2794 hactenus
1023 2726 1188 2792 observari
1211 2730 1385 2810 consuevit,
1420 2749 1523 2814 eaque
1553 2731 1588 2794 in
1602 2753 1638 2796 re
1752 2735 1753 2738 ’

302 2853 473 2915 speramus
495 2853 553 2894 nos
576 2829 656 2895 nihil
677 2830 821 2895 facturos
844 2829 884 2895 dc
907 2851 970 2916 quo
993 2852 1060 2896 non
1082 2831 1237 2916 optimam
1265 2829 1426 2896 rationem
1453 2841 1486 2896 et
1521 2830 1585 2898 deo
1607 2843 1639 2898 et
1752 2909 1753 2922 χ

304 2933 488 2998 hominibus
510 2931 648 2998 reddere
669 2934 842 3019 possimus.

405 3035 633 3122 Haecitaque
655 3045 731 3100 sunt
753 3037 893 3124 quaein
916 3038 1025 3122 specie
1056 3057 1155 3122 super
1186 3037 1249 3102 bac
1281 3047 1448 3124 postrema
1478 3037 1639 3106 dictorum
1752 3069 1753 3076 ¹

305 3138 514 3204 articulorum
536 3139 762 3205 reformatione
779 3139 1015 3206 consideranda
1030 3138 1211 3221 habuimus,
1233 3141 1279 3204 ita
1299 3149 1408 3205 maren
1431 3151 1467 3206 ut
1488 3164 1509 3206 a
1531 3143 1639 3228 priore

304 3249 416 3306 nostra
439 3240 659 3308 declaratione
688 3263 786 3329 super
807 3241 991 3307 huiusmodi
1018 3241 1163 3306 articulis
1191 3243 1428 3308 reformationis
1456 3246 1491 3310 in
1518 3267 1640 3331 genere

307 3354 340 3409 et
361 3346 395 3408 in
417 3345 526 3429 specie
555 3367 615 3430 per
643 3344 753 3410 literas
784 3354 909 3410 nostras
940 3345 982 3409 23
1003 3344 1144 3430 Augusti
1173 3355 1206 3410 ct
1233 3347 1255 3410 4
1284 3345 1485 3432 Septembris
1515 3349 1559 3413 ad
1582 3371 1640 3414 vos
1752 3371 1753 3376 ¹

305 3447 399 3510 datas
421 3445 510 3510 facta
532 3447 707 3511 etiamnum
729 3470 793 3512 nou
816 3446 1016 3528 recedamus,
1039 3448 1215 3533 praecipue
1237 3449 1269 3511 in
1292 3449 1486 3534 gravissimo
1509 3449 1567 3516 illo
1590 3473 1638 3515 ar·
1752 3443 1753 3454 ¹

307 3549 405 3614 ticulo
428 3549 548 3634 inquo
571 3550 756 3616 reformatio
780 3552 963 3637 principum
987 3550 1200 3616 saecularium
1227 3551 1417 3616 continetur.
1441 3573 1547 3639 neque
1576 3573 1642 3618 cer·

306 3654 421 3733 nimus,
446 3673 520 3717 cum
541 3663 754 3718 memoratum
778 3663 877 3739 caput
898 3653 1133 3718 reformationis
1157 3653 1246 3739 quod
1267 3675 1326 3718 nos
1349 3654 1383 3718 in
1409 3651 1496 3718 aliud
1511 3665 1640 3741 tempus
1752 3645 1753 3728 l

306 3755 411 3838 magis
434 3763 650 3838 opportunum
661 3757 816 3820 reiectum
832 3757 1041 3842 cupiebamus
1063 3755 1127 3820 iam
1150 3754 1297 3840 patribus
1311 3755 1407 3821 fuerit
1427 3758 1639 3843 propositum,
1752 3783 1753 3842 ᾗ

307 3867 340 3922 et
359 3879 419 3920 nos
442 3856 580 3922 nolimus
603 3857 669 3920 ΙΨ·
687 3857 803 3942 legatis
826 3858 866 3922 de
889 3879 928 3923 ec
950 3857 1181 3944 praeponendo
1198 3867 1231 3922 et
1251 3857 1420 3924 tractando
1434 3857 1488 3924 vel
1510 3871 1641 3947 postpc
1752 3853 1753 3862 ἶ

307 3958 415 4025 nendo
438 3958 543 4044 legem
565 3962 796 4045 praescribere,
821 3961 975 4048 quidnam
998 3969 1165 4047 praeterea
1186 3960 1280 4026 vobis
1296 3959 1336 4026 de
1351 3961 1538 4048 hoccapitc
1552 3985 1640 4028 man·
1752 3991 1753 4032 f

308 4061 431 4145 demus,
457 4085 554 4150 quam
577 4062 664 4148 quod
687 4066 778 4150 prius
806 4063 900 4129 vobis
929 4062 1164 4144 mandavimus,
1194 4065 1345 4150 quoniam
1372 4086 1439 4130 non
1469 4087 1639 4152 possumus

309 4187 478 4252 operosam
501 4176 534 4232 ct
557 4165 720 4232 difficilem
744 4165 887 4253 aliquam
910 4165 1161 4253 disputationem
1188 4168 1356 4253 suscipere
1379 4167 1420 4233 de
1441 4167 1562 4234 talibus
1583 4193 1639 4235 ne·
1752 4155 1753 4222 l

308 4270 412 4355 gociis
434 4271 466 4334 in
491 4270 610 4356 quibus
634 4268 701 4333 fieri
723 4268 814 4334 nulla
834 4271 960 4334 ratione
981 4277 1089 4354 potest
1110 4279 1146 4334 ut
1168 4279 1235 4334 tam
1250 4269 1344 4336 brevi
1358 4272 1513 4358 temporis
1529 4273 1639 4358 spacio

308 4374 388 4437 certi
410 4375 584 4460 quicquam
607 4380 795 4454 statuamus,
818 4373 958 4436 maxime
973 4372 1162 4458 priusquam
1177 4373 1380 4437 necessarias
1395 4373 1637 4440 informationes

308 4496 390 4561 quas
412 4485 622 4560 expectamus
645 4497 666 4539 a
686 4472 977 4540 locumtenentibus
1000 4473 1273 4559 gubernatoribus
1293 4495 1334 4541 ac
1349 4473 1513 4540 officiariis
1527 4499 1639 4564 regno·
1752 4519 1753 4526 κ

307 4599 379 4641 rum
402 4587 435 4642 et
456 4577 696 4662 provinciarum
711 4587 892 4643 nostrarum
920 4599 1164 4664 consequamur,
1190 4577 1277 4665 quod
1303 4579 1380 4644 ante
1401 4577 1487 4643 diem
1503 4579 1637 4646 sessioni
1752 4579 1753 4602 ¹

306 4680 435 4745 futurae
457 4681 694 4767 praescriptum
717 4679 889 4747 difficulter
910 4680 1055 4746 futurum
1078 4689 1135 4746 est
1164 4679 1265 4746 multo
1295 4701 1375 4746 vero
1397 4683 1506 4748 minus
1526 4701 1638 4768 pessu-

307 4805 380 4846 mus
402 4782 636 4869 praeiudicium
657 4783 766 4850 facere
789 4805 881 4849 sacro
903 4784 942 4848 R.
964 4783 1099 4870 imperio
1122 4805 1161 4847 ac
1183 4784 1292 4869 regnis
1313 4793 1346 4849 et
1359 4783 1511 4850 dominiis
1524 4786 1639 4852 costus
1752 4861 1753 4872 q

308 4884 530 4952 haereditariis
552 4886 622 4951 sine
645 4888 728 4952 scitu
750 4896 784 4952 et
804 4908 965 4952 consensu
987 4907 1110 4960 eorum,
1134 4887 1260 4951 edumei
1281 4907 1341 4972 pro
1355 4895 1469 4952 nesus
1481 4897 1577 4974 parte
1590 4887 1638 4953 dc-
1752 4923 1753 4928 κ

308 4988 426 5054 siderio
450 4989 554 5052 ΨΜ
577 4987 758 5074 legatorum
779 4993 813 5054 in
836 4989 986 5056 omnibus
1012 4990 1203 5056 sausfacere
1225 4987 1393 5076 vellemus.
