3498 5818
947 799 1039 886 ΟΠ.

626 1017 705 1095 Der
732 1020 865 1093 Kaiser
891 1040 937 1093 sn
966 1020 1162 1116 Prospero
1191 1019 1344 1108 d’Arco;

678 1211 681 1216 .
760 1174 864 1236 Wicn,
889 1171 1203 1226 recenseantur.

444 1355 625 1412 [ammeta
642 1352 821 1410 Oondlucten.
846 1352 914 1422 Hest
927 1355 1125 1426 pleicdzeitiqer
1139 1353 1312 1424 Abscdn'stca
1327 1355 1380 1410 Nr.
1396 1357 1448 1410 27.
1464 1358 1514 1410 28.

421 1533 495 1600 Wie
524 1556 559 1598 er
587 1533 653 1597 ihm
680 1533 800 1599 bereits
830 1555 883 1599 arn
910 1533 931 1598 5
964 1532 1017 1599 die
1046 1543 1153 1598 ersten
1181 1531 1332 1599 Berichte
1355 1532 1415 1598 der
1435 1533 1467 1598 k.
1491 1532 1650 1599 Commis-

319 1639 425 1704 sarien
461 1659 520 1702 aus
553 1637 744 1724 Naumburg
784 1639 818 1701 in
850 1636 1056 1702 lateinischer
1088 1635 1336 1722 Uebersetzung
1368 1636 1549 1723 augesandt
1581 1635 1650 1720 hat,

319 1741 446 1808 schickt
474 1764 509 1805 er
537 1740 602 1804 ihm
627 1742 711 1828 jetat
738 1741 791 1806 die
821 1740 1017 1807 schriltlichc
1047 1739 1195 1806 Antwort
1228 1738 1286 1806 der
1308 1739 1381 1806 dort
1401 1739 1652 1806 versammelten

317 1846 466 1911 Fursten.
494 1843 655 1931 Prospero
689 1842 748 1910 soll
782 1846 828 1909 sic
861 1844 935 1909 dem
962 1843 1092 1930 Papste‚
1125 1843 1183 1910 der
1208 1843 1293 1910 wohl
1315 1843 1417 1910 schon
1439 1867 1505 1911 von
1527 1847 1651 1910 seinem

291 2008 295 2021 ,
318 1949 456 2014 Nuntius
469 1947 600 2013 Bericht
615 1946 760 2012 erhalten
774 1947 839 2032 hat,
856 1945 1034 2013 mittheilen
1048 1947 1116 2012 und
1130 1947 1343 2035 hinzufflgen:
1395 1947 1438 2014 8⁸¹
1454 1951 1523 2014 eius
1537 1948 1650 2014 verbis

318 2054 436 2118 nostris
452 2059 637 2116 reverenter
652 2051 823 2136 significes,
838 2073 897 2115 nos
910 2049 1040 2136 quidem
1056 2050 1259 2116 considerato
1274 2051 1431 2138 principio
1447 2053 1651 2138 negotiorum

318 2155 445 2222 illorum
468 2155 793 2240 Naumburgensium,
818 2153 906 2240 quod
927 2176 992 2219 non
1007 2154 1114 2219 visum
1129 2156 1285 2242 situsque
1301 2154 1383 2221 adeo
1398 2155 1650 2238 incommodum,

319 2259 543 2346 expectavisse
565 2257 731 2323 meliorem
754 2266 786 2322 et
806 2255 1059 2324 tolerabiliorem
1081 2259 1214 2342 exitum,
1237 2281 1429 2345 responsum
1449 2259 1572 2326 scilicet
1585 2261 1650 2347 piis

318 2373 351 2428 et
381 2359 524 2428 honestis
553 2363 671 2428 nostris
704 2359 878 2448 postulatis
901 2371 1164 2444 consentaneum,
1195 2361 1252 2427 sed
1274 2385 1334 2428 nos
1356 2363 1526 2429 husu-atos
1547 2363 1650 2428 fuisse

319 2489 377 2554 spe
400 2477 432 2532 et
454 2467 681 2553 expectatione
702 2474 836 2529 nostra.
857 2513 888 2530 ..
913 2461 983 2552 [St¹⁸
1006 2462 1086 2552 cius]
1111 2467 1175 2530 iam
1191 2467 1331 2552 ipsamet
1345 2475 1456 2553 aperte
1472 2476 1650 2553 cognoscet

318 2593 383 2636 non
415 2571 535 2634 flustra
567 2569 666 2634 luisse
678 2619 686 2652 ‚
726 2568 813 2655 quod
847 2591 906 2634 noa
939 2578 1107 2657 tantopere
1147 2569 1438 2636 desideraverimus
1476 2579 1652 2658 utramque

317 2673 441 2741 bullam
463 2683 530 2738 tam
563 2670 846 2758 indulgentian‘am
879 2693 979 2758 quam
1000 2672 1205 2738 indictoriam
1229 2673 1357 2738 concilii
1379 2675 1427 2738 sic
1447 2673 1651 2761 provulgari,

319 2801 360 2842 ne
382 2776 531 2848 homines,
553 2775 756 2843 odiosissime
778 2773 834 2839 ille
855 2777 1105 2841 continuationis
1128 2775 1337 2842 Tridentinae
1357 2778 1520 2842 mentione
1536 2777 1652 2858 offensi

319 2905 340 2946 a
363 2879 499 2947 concilio
521 2881 625 2966 magis
649 2881 745 2944 etiam
761 2877 1031 2944 abalienarentur.
1108 2877 1178 2946 Der
1192 2879 1360 2946 Gesandte
1382 2879 1441 2946 soll
1465 2879 1527 2946 den
1548 2879 1653 2967 Papst

318 2985 421 3050 bitten
442 2981 673 3064 mitzutheilen,
697 2980 820 3047 welche
842 2981 1032 3048 Antworten
1055 3005 1113 3048 ans
1137 2984 1200 3050 den
1222 2982 1346 3049 andern
1368 2981 1522 3049 Lttndern
1538 2985 1651 3068 einge-

320 3087 430 3154 laufen
463 3087 553 3152 scien
585 3085 653 3151 und
680 3108 747 3150 was
771 3109 806 3150 er
827 3108 895 3151 nun
916 3087 949 3150 in
973 3085 1031 3152 der
1053 3087 1265 3153 Concilsache
1287 3086 1507 3153 beschliessen
1528 3087 1650 3152 werde.

420 3190 635 3275 Postscripta:
669 3187 826 3254 Nolumus
860 3187 890 3253 le
923 3187 1024 3254 latere
1047 3189 1136 3275 quod
1159 3190 1199 3255 de
1221 3188 1271 3254 his
1293 3189 1392 3256 rebus
1414 3191 1512 3254 ctiam
1534 3191 1648 3256 literas

319 3291 502 3360 dederimus
525 3293 568 3359 ad
589 3303 654 3359 tres
678 3293 832 3360 electores
863 3292 1109 3378 ecclesiasticos,
1145 3294 1349 3360 consulentes
1372 3315 1428 3360 eos
1451 3293 1649 3382 quidnobis

320 3421 416 3486 porro
439 3398 473 3462 in
494 3396 556 3462 hoc
578 3399 713 3483 negocio
737 3397 899 3483 agendum
922 3398 1036 3462 sit...
1565 3410 1570 3420 '

420 3501 548 3565 Instetit
570 3500 701 3587 quidem
724 3499 812 3586 apud
832 3521 892 3566 nos
908 3522 982 3565 cum
996 3523 1115 3587 magna
1131 3503 1283 3566 instantia
1296 3503 1434 3567 nuncius
1450 3501 1649 3589 apostolicus

319 3604 356 3668 R
379 3605 551 3690 episcopus
583 3603 797 3668 Warmiensis
826 3613 863 3669 ut
883 3601 1050 3686 vellemus,
1083 3605 1373 3671 nonobstantibus
1397 3606 1647 3692 quibuscunque

318 3707 530 3794 Augustenae
564 3705 773 3771 confessionis
806 3706 954 3772 ordinum
984 3705 1227 3773 difficultatibus
1249 3718 1281 3774 et
1302 3708 1551 3795 impedimentis,
1586 3731 1647 3795 pro

319 3821 429 3877 nostra
451 3809 566 3875 saltem
587 3819 679 3896 parte
701 3811 851 3876 assentiri
874 3820 971 3898 atque
993 3811 1150 3898 perficere
1172 3812 1260 3899 quod
1282 3797 1391 3898 ipsum
1411 3811 1582 3879 concilium
1605 3812 1650 3877 ad

319 3913 524 4001 praefinitum
556 3921 684 4000 tempus
716 3913 882 3999 procedat
916 3913 975 3979 sed
1002 3923 1110 3980 tamen
1133 3916 1162 3980 ei
1183 3915 1410 4002 respondimus
1432 3916 1467 3982 id
1489 3916 1532 3982 ad
1553 3939 1649 4003 prae·

320 4019 475 4103 scriptum
497 4026 624 4103 tempus
645 4039 851 4104 nequaquam
873 4017 942 4083 fieri
956 4039 1062 4104 posse,
1086 4028 1119 4084 et
1134 4018 1222 4106 quod
1237 4020 1366 4085 omniuo
1386 4021 1647 4086 constituerimus

320 4131 494 4208 expectare
518 4120 710 4208 quidnobis
732 4121 869 4207 praefati
893 4121 1048 4187 electores
1070 4124 1257 4210 rescripturi
1280 4125 1351 4204 sint,
1382 4123 1649 4211 quandoquidem

319 4223 412 4288 nobis
434 4223 585 4290 videatur
605 4223 702 4312 plane
731 4226 949 4291 necessarium
976 4233 1013 4289 ut
1035 4224 1076 4290 de
1097 4234 1166 4290 tota
1187 4249 1222 4291 re
1245 4225 1450 4292 conferamus
1472 4247 1546 4291 cum
1568 4229 1649 4314 ipsis
1738 4241 1742 4258 ³

321 4336 353 4391 et
375 4325 491 4400 deinde
523 4329 717 4393 etiamnum
745 4329 880 4394 cacteris
902 4327 1040 4393 statibus
1064 4328 1240 4413 catholicis,
1264 4331 1291 4393 si
1315 4351 1398 4417 quae
1420 4329 1502 4395 forte
1525 4341 1648 4417 queant

320 4429 508 4517 investigari
542 4431 730 4497 commodae
764 4441 796 4496 et
818 4440 1019 4518 opportunae
1041 4433 1115 4497 viae
1137 4432 1255 4519 quibus
1279 4432 1409 4498 ordines
1432 4431 1647 4520 Augustanae

321 4533 530 4601 confessionis
570 4535 611 4600 ab
649 4535 713 4600 hac
751 4558 862 4601 eorum
901 4535 1060 4600 sententia
1100 4535 1273 4602 concilium
1306 4558 1440 4624 prorsus
1474 4535 1648 4602 recusandi

319 4635 477 4704 benevole
499 4647 736 4714 removeantur,
769 4637 823 4704 vel
857 4640 884 4704 si
916 4638 951 4703 id
982 4661 1048 4703 non
1082 4637 1280 4722 obtineatur,
1313 4637 1428 4704 saltem
1462 4637 1647 4706 dotalibus
1741 4721 1742 4728 ἵ

321 4740 500 4808 rationibus
523 4744 680 4829 cogitetur
702 4741 821 4830 quibus
843 4741 1010 4808 catholicis
1033 4752 1197 4826 caveatur,
1221 4742 1308 4830 quod
1331 4744 1400 4808 sine
1414 4741 1566 4829 ‘periculo
1590 4753 1647 4808 aut

320 4845 549 4931 impedimento
571 4848 605 4909 in
627 4845 762 4912 concilio
778 4865 965 4933 comparere
979 4847 1119 4913 valcant.
1142 4847 1170 4911 si
1184 4868 1313 4933 nanque
1327 4855 1528 4932 repugnante
1545 4845 1647 4912 altera

319 4960 412 5037 parte
446 4949 596 5016 catholici
629 4950 672 5015 ad
705 4950 876 5017 concilium
908 4953 1064 5033 venirent,
1098 4949 1178 5015 nihil
1201 4952 1304 5036 magis
1328 4949 1540 5016 dubitandum
1562 4949 1648 5017 foret

322 5074 420 5140 quam
441 5063 477 5118 ut
496 5061 566 5119 tota
593 5051 771 5119 Germania
802 5055 993 5141 gravisnmo
1016 5055 1297 5141 investissimoque
1318 5052 1404 5120 bello
1427 5052 1647 5120 involveretur
