3460 5826
899 765 1178 852 OCXXVIIl.

625 981 720 1057 Brus
749 985 823 1060 und
853 981 1086 1061 Draskovics
1113 1007 1159 1061 an
1189 988 1261 1063 den
1292 987 1442 1082 Κιίιοις

836 1150 969 1216 Trient,
987 1154 1003 1204 6
1021 1150 1148 1202 danunt
1166 1153 1257 1204 156³.

694 1330 828 1388 Romano.
851 1330 996 1404 Ors'yfaut5
1017 1333 1047 1388 ia
1068 1339 1159 1404 tayo:
1180 1335 1222 1389 12
1243 1331 1366 1390 Jauuar.

472 1491 541 1558 Nos
572 1516 646 1559 cum
667 1493 852 1561 videremus
875 1493 954 1562 nihil
978 1496 1248 1564 admonitionibus
1270 1497 1388 1564 nostris
1417 1496 1503 1584 apud
1526 1490 1570 1562 D.
1596 1496 1689 1562 cardi·

372 1594 460 1660 nales
483 1595 642 1662 hactenus
664 1621 854 1684 promovere
876 1602 1031 1687 potuisse,
1054 1600 1149 1667 Ohr⁰¹
1172 1603 1258 1688 regis
1281 1611 1445 1667 oratorum
1467 1601 1613 1667 studium
1634 1625 1691 1666 non

372 1698 475 1764 solum
496 1697 707 1785 laudavimus,
737 1703 794 1768 sed
823 1704 919 1769 etiam
942 1705 1116 1769 monitores
1140 1705 1186 1769 eis
1216 1703 1335 1769 fuimus
1365 1713 1401 1769 ut
1423 1726 1515 1769 suum
1546 1704 1635 1770 istud
1656 1704 1689 1770 de

370 1804 597 1871 reformatione
621 1810 774 1895 scriptum
797 1807 838 1872 D.
862 1807 976 1894 legatis
1000 1806 1200 1892 exhiberent,
1229 1817 1264 1872 ut
1286 1809 1384 1873 etiam
1405 1805 1469 1874 hac
1490 1810 1546 1872 via
1570 1810 1688 1895 experi-

369 1930 478 1974 remur
503 1933 543 1974 an
568 1910 691 2000 aliquid
713 1911 843 1977 tandem
870 1912 947 1978 boni
978 1913 1131 2000 consequi
1159 1911 1279 1977 liceret.
1314 1913 1540 1978 maluissemus
1565 1912 1688 2000 quidem

371 2022 406 2076 ut
427 2036 461 2076 m
484 2013 553 2078 aliis
576 2014 779 2102 gravioribus
802 2013 944 2081 articulis
967 2015 1022 2102 qui
1045 2015 1079 2078 in
1102 2017 1220 2102 scripto
1233 2014 1265 2080 S.
1275 2013 1343 2081 ΜΨ
1360 2015 1399 2080 V.
1422 2014 1596 2098 habentur,
1621 2039 1685 2080 cum

369 2115 425 2181 Μ’·
447 2115 488 2182 V.
512 2118 763 2184 concordassent
785 2128 817 2185 et
840 2142 951 2184 eorum
975 2141 1057 2208 quae
1080 2119 1211 2184 maioris
1233 2121 1386 2185 momenti
1409 2129 1483 2184 sunt
1498 2121 1685 2184 mentionem

368 2219 530 2288 fecissent.
564 2222 606 2287 D.
630 2222 809 2312 legatorum
837 2245 1029 2310 responsum
1061 2222 1156 2313 quale
1187 2225 1227 2289 sit
1254 2223 1406 2304 futurum,
1441 2246 1507 2288 non
1538 2225 1617 2288 satis
1638 2245 1686 2286 uos

371 2326 500 2414 quidem
524 2336 677 2393 statutum
700 2326 865 2402 habemus,
889 2325 947 2392 sed
970 2326 997 2390 si
1020 2349 1061 2391 ex
1081 2327 1260 2413 praeteritis
1284 2334 1316 2391 et
1337 2326 1566 2413 praesentibus
1590 2327 1686 2391 fultus

369 2430 528 2496 coniicere
551 2429 656 2514 liceat,
679 2453 830 2496 veremur
851 2453 1048 2519 magnopere
1070 2452 1112 2496 ne
1133 2429 1242 2495 futura
1264 2432 1303 2496 iis
1327 2454 1410 2519 quae
1431 2429 1592 2497 hactenus
1610 2430 1684 2495 facta

368 2543 443 2598 sunt
465 2535 747 2621 correspondsant.
780 2534 934 2623 quicquid
964 2535 1014 2616 sit,
1044 2557 1104 2599 nos
1127 2543 1213 2599 certe
1237 2545 1394 2624 quantum
1415 2556 1592 2622 possumus
1621 2555 1682 2620 ope·

367 2660 434 2702 ram
458 2637 583 2720 damus,
606 2648 642 2705 ut
663 2641 770 2706 omnia
786 2661 882 2728 quam
898 2637 1076 2704 rectissime
1096 2637 1183 2702 fiant.
1206 2638 1336 2725 plurimi
1358 2661 1400 2703 ex
1414 2637 1563 2725 patribus
1587 2645 1619 2703 et
1632 2637 1681 2722 ipsi

373 2741 468 2806 etiam
499 2741 596 2808 Ohrnn
621 2745 706 2828 regis
735 2753 877 2808 oratores
906 2751 1017 2828 aperte
1047 2763 1106 2807 nos
1128 2743 1288 2818 incusant,
1319 2741 1406 2829 quod
1434 2742 1530 2806 nimis
1551 2739 1638 2808 lente
1658 2747 1682 2804 et

370 2844 514 2910 modeste
536 2868 605 2911 rem
627 2855 800 2912 tractemus
824 2868 898 2910 cum
919 2843 1043 2931 legatis,
1067 2843 1154 2932 quod
1175 2867 1234 2911 nos
1257 2844 1318 2910 Me.
1341 2845 1382 2910 V.
1406 2844 1438 2911 S.
1461 2844 1607 2910 mandati
1628 2867 1681 2908 me

369 2971 474 3013 mores
497 2971 595 3036 saepe
611 2959 724 3015 contm
740 2951 881 3015 omnium
897 2949 1078 3037 opinionem
1091 2947 1199 3015 facere
1215 2950 1369 3036 cogimur.
1392 2949 1596 3037 experientia
1608 2968 1679 3012 nunc

367 3053 439 3139 ipsa
461 3055 538 3117 satis
561 3055 624 3118 iam
647 3054 755 3119 edocti
771 3075 881 3118 sumus
898 3051 978 3118 nihil
993 3050 1081 3140 apud
1096 3074 1151 3118 eos
1167 3051 1230 3118 hoc
1244 3062 1388 3141 tempore
1404 3051 1548 3118 modeste
1565 3049 1678 3139 agendo

368 3156 489 3242 perfici,
518 3179 617 3244 quare
641 3179 712 3222 cum
737 3155 878 3222 omnium
901 3155 1058 3221 bonorum
1080 3157 1136 3244 qui
1158 3155 1417 3222 reformationem
1450 3156 1588 3242 cupiunt
1610 3151 1677 3220 oculi

370 3261 404 3325 in
424 3283 484 3326 nos
506 3261 708 3347 potissimum
731 3257 794 3324 Ml·
817 3259 857 3325 V.
881 3258 914 3324 S.
939 3267 1082 3325 oratores
1103 3261 1241 3325 coniecti
1264 3261 1335 3343 sint,
1359 3267 1456 3347 atque
1479 3259 1569 3346 quod
1591 3260 1676 3323 maius

371 3373 421 3429 est
435 3365 497 3451 ipsi
513 3364 555 3429 ad
570 3375 713 3430 nostram
727 3364 939 3431 imitationem
956 3386 1027 3428 sese
1042 3371 1247 3449 componant,
1272 3361 1500 3450 supplicamus,
1523 3361 1593 3426 Ma.
1602 3361 1638 3425 V.
1651 3357 1675 3423 S.

353 3466 534 3534 ‘humilima
565 3468 713 3556 dignetur
734 3491 794 3533 nos
823 3467 864 3533 de
886 3465 1037 3532 clementi
1060 3489 1118 3531 sua
1142 3465 1373 3532 deliberatione
1396 3468 1550 3532 certiores
1573 3466 1673 3542 facere,

371 3596 413 3637 an
436 3572 558 3638 scilicet
580 3571 686 3638 adhuc
713 3594 772 3638 nos
800 3573 885 3636 intra
906 3569 1081 3636 modestiae
1111 3569 1190 3636 fines
1220 3571 1394 3636 consistere
1416 3570 1503 3648 velit,
1537 3593 1580 3636 an
1602 3590 1672 3646 vero,

368 3697 440 3742 cum
464 3675 622 3742 modestia
646 3675 724 3742 nihil
747 3675 943 3763 proficiatur,
972 3673 1135 3762 aliquanto
1157 3695 1216 3738 nos
1240 3675 1378 3738 acriores
1401 3693 1471 3738 esse
1493 3673 1612 3739 iubeat.
1634 3673 1668 3734 its

368 3803 454 3844 nunc
475 3779 618 3868 profecto
641 3779 721 3848 nihil
743 3779 831 3845 aliud
855 3801 952 3868 quam
974 3776 1160 3844 scandalum
1183 3778 1344 3864 pariamus
1367 3785 1399 3842 et
1420 3779 1453 3841 in
1468 3778 1608 3843 omnium
1628 3775 1671 3838 bo

367 3905 480 3948 uorum
505 3883 713 3949 offensionem
736 3883 934 3948 incurremus
951 3932 959 3947 .
976 3930 1007 3946 ..
1030 3880 1130 3967 legati
1151 3880 1214 3945 illis
1236 3880 1378 3946 articulis
1401 3880 1442 3945 de
1464 3881 1671 3946 reformatione

370 4008 450 4072 quos
466 3987 657 4074 iampridem
675 3987 726 4052 M²¹
748 3987 788 4052 V.
802 3987 833 4053 S.
850 3987 1003 4068 misimus,
1019 3985 1219 4049 satisfactum
1235 4006 1305 4049 esse
1322 3985 1509 4050 existimant
1522 3983 1582 4048 M*
1596 3983 1632 4047 V.
1646 3979 1669 4043 S.

366 4087 583 4176 petitionibus,
606 4090 778 4179 dequibus
801 4089 917 4172 adhuc,
941 4095 1037 4175 prout
1059 4087 1100 4154 de
1123 4087 1192 4153 aliis
1216 4110 1345 4175 quoque
1366 4109 1432 4153 uon
1446 4089 1559 4174 paucis
1580 4086 1668 4162 rebus,

366 4191 489 4257 nullum
512 4217 532 4258 a
551 4192 609 4258 Μ*ο
631 4193 671 4260 V.
695 4192 727 4260 S.
750 4215 941 4282 responsum
963 4189 1130 4276 habemus,
1154 4202 1270 4257 utnon
1292 4192 1370 4257 satis
1386 4190 1527 4258 sciamus
1543 4188 1667 4278 quidaut

365 4296 472 4364 facere
495 4305 550 4363 aut
573 4298 715 4384 cogitare
738 4299 875 4386 amplius
898 4295 1147 4362 debeamus...

501 4487 541 4539 Im
564 4487 686 4554 Eingaug
708 4487 772 4539 wird
796 4485 841 4539 die
864 4487 1082 4554 Usberreichung
1106 4486 1154 4537 der
1176 4485 1378 4539 Reformsrtikel
1404 4486 1453 4538 der
1469 4487 1613 4540 Εἰιιιιιοιοιι
1628 4481 1665 4544 (Le

433 4573 493 4625 Plat
506 4576 529 4634 5,
544 4577 605 4637 631)
622 4575 759 4626 berichtet.
776 4576 828 4626 Dis
842 4589 884 4625 am
897 4573 1008 4628 Schluse
1019 4573 1168 4624 eruthnten
1176 4572 1277 4624 Artikel
1287 4573 1346 4625 sind
1356 4574 1399 4625 die
1411 4573 1513 4625 welche
1524 4574 1569 4626 Νι,
1578 4565 1664 4624 ccxvi

433 4659 562 4726 bellagen.
597 4661 647 4712 Am
669 4663 686 4712 t
710 4661 811 4712 anuar
835 4659 946 4710 richtete
969 4659 1015 4710 der
1034 4659 1064 4710 B.
1086 4675 1139 4711 von
1163 4659 1345 4712 Ftlnl'kircheu
1367 4660 1437 4712 noch
1461 4662 1504 4711 ein
1529 4657 1663 4712 besoudarct

433 4745 577 4798 Sohreibeu
599 4747 703 4798 auden
722 4749 828 4798 Kaisar:
858 4747 893 4796 da
916 4761 945 4794 er
962 4745 1107 4813 mbglicher
1124 4747 1215 4796 Weiss
1237 4745 1307 4811 jetat
1324 4747 1423 4798 wieder
1445 4745 1567 4813 varklcgt
1588 4739 1662 4798 werdt,

433 4829 515 4881 aalide
534 4848 562 4883 er
584 4835 640 4884 sein
662 4849 704 4885 am
723 4837 756 4884 30
774 4832 923 4884 December
940 4832 1126 4897 abgegebenes
1142 4831 1239 4883 Votum
1264 4832 1297 4884 de
1315 4833 1458 4884 residentia
1475 4831 1599 4900 personali
1614 4827 1662 4892 (Μ

432 4917 592 4986 vollatundig
614 4921 744 4986 gedruckt
767 4923 794 4970 in
812 4917 967 4971 Beccadelli
993 4921 1018 4981 3,
1036 4919 1183 4984 uso-264)
1203 4922 1252 4971 ein.
1272 4948 1303 4958 -
1327 4921 1378 4971 Die
1396 4917 1605 4986 ndchstfolgende
1619 4914 1659 4963 Dc

431 5003 528 5073 perche
551 5023 612 5058 vom
630 5010 662 5060 12
680 5007 741 5062 dan.
761 5007 899 5074 (Romana,
922 5006 951 5055 in
967 5009 1062 5071 tergo:
1088 5006 1120 5056 1⁷
1137 5004 1210 5071 dan.)
1228 5005 1293 5058 habt
1310 5006 1361 5058 deu
1379 5011 1462 5073 guteu
1479 5001 1605 5058 Eindmcl
1624 4997 1659 5048 der
