3468 5820
385 723 443 774 aiud
462 723 505 773 die
523 722 704 773 betreffenslou
725 719 887 770 Goustsnser
903 720 957 772 und
976 721 1085 772 Baselsr
1102 721 1218 772 Decreta
1238 737 1270 771 su
1289 719 1474 772 beurtbeilsul
1493 721 1553 772 Dor
1570 721 1649 772 listh-

385 809 478 874 schlag
496 808 542 858 des
560 807 703 872 Staphylus
722 807 827 858 serfallt
845 810 871 857 in
890 809 905 856 9
924 808 1101 872 quaestiones,
1120 807 1201 858 deren
1219 807 1338 856 eiebente
1363 807 1389 856 in
1410 808 1441 856 18
1459 805 1650 857 Unterabthci-

385 896 483 962 lungeu
500 911 552 944 von
571 895 621 946 don
644 893 751 944 articuli
775 909 834 944 oum
854 893 961 946 scholiis
986 895 1146 958 responsivis
1164 893 1281 944 handelt.
1314 893 1374 942 Den
1393 891 1481 943 inhslt
1498 891 1551 941 des
1570 893 1648 942 Rath-

384 983 489 1048 schisgs
508 981 563 1032 und
581 983 654 1032 sines
671 979 728 1032 sicb
747 996 781 1032 an
799 980 844 1030 ibn
861 978 1095 1032 snscbiieseendsn
1113 979 1281 1032 ilemoriaies
1304 978 1368 1046 (ng
1398 979 1450 1030 den
1473 979 1597 1030 offenbsr
1619 997 1651 1030 su

385 1069 425 1120 St.
444 1065 606 1134 gericbteten
623 1067 698 1118 Brief
713 1069 740 1118 iu
758 1068 842 1132 Epist
861 1067 972 1132 Pogiani
990 1069 1015 1129 e,
1033 1068 1094 1128 284)
1113 1068 1171 1132 gibt
1187 1066 1327 1132 megene
1350 1067 1487 1132 foigmdsr
1510 1083 1567 1118 von
1591 1067 1652 1117 Ssld

383 1169 426 1206 am
443 1157 460 1205 6
477 1153 550 1220 april
569 1152 756 1220 angefortigter
773 1154 880 1218 Auenng
897 1153 1039 1218 (Romana)
1057 1153 1167 1204 wieder:

450 1257 464 1307 1
483 1257 604 1309 Consulit
621 1256 763 1308 concilium
782 1259 888 1306 omnino
908 1257 1055 1308 continuari
1073 1257 1116 1308 rel
1135 1259 1162 1307 in
1180 1271 1244 1308 casu
1262 1263 1396 1308 extremae
1407 1259 1580 1308 necessitatis
1598 1275 1652 1308 eus-

384 1343 471 1411 pendi.
493 1371 522 1381 -
544 1343 570 1394 11
589 1359 690 1394 summo
712 1341 831 1408 pontifici
849 1343 968 1408 periculo
985 1357 1054 1408 quae
1065 1343 1263 1396 dissolutionem
1282 1350 1405 1395 secutura
1423 1349 1520 1406 essent,
1539 1359 1596 1396 uon
1614 1361 1652 1394 so·

382 1431 436 1483 lum
447 1447 472 1481 a.
485 1431 514 1482 O.
530 1431 577 1480 Mu
591 1445 683 1480 verum
696 1431 774 1480 etiem
781 1431 925 1495 Hispaniae
939 1435 964 1480 et
975 1430 1078 1481 Galliae
1090 1431 1196 1497 τοςίὴιιε
1204 1433 1340 1482 insinuari.
1359 1459 1392 1468 -
1412 1431 1451 1481 III
1470 1433 1650 1496 mentium

382 1516 436 1568 Mu.
455 1517 482 1568 S.
502 1521 528 1566 et
546 1517 682 1567 amborum
701 1531 801 1582 regum,
820 1519 841 1566 si
860 1533 912 1566 nou
948 1515 1076 1578 'Irldenti
1094 1517 1187 1566 saltem
1205 1519 1231 1567 iu
1251 1519 1480 1584 propinquioribus
1498 1517 1570 1567 locis
1595 1517 1648 1581 plu-

382 1607 476 1654 rimum
493 1601 665 1669 profuturam.
685 1631 718 1640 -—
736 1593 772 1652 IV
792 1604 931 1669 episcopos
950 1603 1095 1654 Germanos
1114 1603 1167 1654 is*
1186 1603 1212 1654 S.
1232 1605 1352 1670 exemplo
1370 1605 1413 1655 vsi
1432 1607 1513 1654 etiam
1533 1605 1613 1654 minis
1626 1605 1650 1653 in

384 1690 527 1741 conellium
545 1688 736 1754 pertrahendos
757 1695 783 1738 et
802 1691 905 1740 interim
933 1691 960 1738 in
978 1691 1093 1754 ipsorum
1117 1690 1262 1740 dittonibus
1286 1697 1413 1742 consuete
1436 1691 1574 1756 praesidia
1600 1691 1651 1741 coi·

382 1775 506 1827 iocunda.
525 1803 558 1813 -
578 1775 601 1826 V
619 1780 650 1825 ut
666 1775 726 1824 usu
739 1773 765 1825 S.
779 1781 806 1824 et
824 1791 900 1840 reges
914 1777 1017 1826 cunetis
1034 1777 1187 1826 nationibus
1205 1776 1355 1827 libertatem
1373 1777 1541 1842 proponendi
1560 1785 1651 1828 curent

382 1863 433 1926 vel,
451 1864 474 1912 si
491 1862 544 1913 hoc
555 1862 610 1912 fieri
620 1877 698 1926 posse
708 1860 857 1926 desperent,
876 1862 1034 1926 abrumpant
1047 1863 1136 1927 potins
1147 1863 1196 1913 snb
1209 1861 1298 1928 aliquo
1312 1868 1449 1928 praetextu
1462 1864 1650 1914 concilium-

385 1950 422 2000 Vi
441 1950 654 2000 reformationem
674 1950 780 2000 omnino
799 1947 951 2014 urgendum
971 1975 1004 1984 -
1023 1947 1073 1998 VII
1091 1950 1143 2000 imo
1158 1949 1310 2014 dogmatum
1323 1952 1475 2000 tractationi
1487 1955 1650 2017 anteponen-

381 2036 451 2088 dam
471 2063 504 2074 -
522 2035 587 2086 VIII
606 2035 640 2086 de
659 2035 845 2086 reformatione
863 2041 952 2084 tamsu
970 2049 1056 2100 pupae
1075 2051 1145 2086 nuuc
1163 2038 1289 2101 temporis
1312 2037 1412 2088 unllam
1430 2039 1596 2088 mentionem
1614 2039 1650 2089 ia·

382 2123 503 2174 ciendam
522 2122 635 2188 ideoque
653 2137 703 2171 nec
724 2135 815 2170 omnes
833 2119 959 2170 mucules
978 2121 1039 2170 iibri
1058 2121 1092 2170 de
1111 2120 1295 2173 reformatione
1314 2123 1391 2174 simui
1409 2125 1609 2189 proponendos.
1620 2153 1649 2161 -

383 2209 419 2260 1x
447 2209 545 2275 pariter
573 2221 678 2274 qnoque
708 2207 741 2258 tle
768 2205 940 2257 cardinalium
965 2206 1151 2258 reformatione
1175 2207 1211 2258 ad
1234 2213 1338 2274 tempus
1362 2209 1593 2261 disaImuIandum.
1621 2239 1648 2248 -
1732 2215 1733 2254 l

385 2296 487 2346 livide
505 2294 730 2360 dispensationum
747 2293 854 2343 omnino
864 2291 1006 2357 alleganda
1022 2299 1050 2342 et
1067 2292 1208 2344 abolenda.
1228 2321 1259 2330 -
1278 2295 1315 2344 XI
1334 2297 1529 2361 exemptionem
1549 2297 1649 2362 praela·
1732 2309 1733 2362 ἦ

381 2387 468 2434 torum
486 2381 520 2431 ab
539 2381 722 2446 episcoporum
742 2377 924 2430 iurisdictione
942 2375 1109 2430 abolendam.
1129 2405 1159 2418 ·-
1179 2381 1230 2430 XII
1248 2381 1347 2445 pariter
1365 2387 1394 2432 et
1409 2381 1594 2446 pluralitatem
1605 2386 1647 2434 be·

383 2468 545 2522 nsiiciorum.
574 2493 603 2506 -·
635 2465 700 2518 xm
718 2471 854 2533 praestare
872 2465 940 2515 uniri
958 2463 1100 2516 beneficia.
1131 2493 1154 2502 ῆ-
1190 2467 1252 2516 XIV
1270 2467 1484 2518 commendarem
1501 2470 1647 2534 parochiae

383 2558 495 2608 abusum
512 2553 695 2609 miiciendum.
716 2579 748 2590 -
767 2553 816 2604 XV
833 2565 936 2604 annuas
954 2551 1130 2603 dioecoemas
1149 2555 1266 2618 synodos
1284 2554 1429 2606 bmsndas.
1449 2581 1481 2592 -
1499 2551 1569 2606 XVI
1585 2557 1646 2607 nibli

381 2658 428 2708 pro
445 2642 500 2692 ulio
519 2640 649 2706 spin'tuaii
671 2640 785 2706 negocio
804 2637 963 2706 exigendum
980 2637 1061 2704 idque
1078 2644 1110 2689 ut
1132 2655 1160 2690 rs
1179 2641 1239 2704 ipss
1261 2639 1308 2690 fiat
1325 2643 1394 2691 serio
1412 2643 1599 2696 laborandum.
1618 2673 1647 2682 -

383 2727 460 2778 XVII
485 2726 647 2778 tenuioribus
674 2726 795 2777 ecclesiis
836 2725 903 2776 alias
929 2725 1112 2792 adiungendas
1135 2741 1183 2792 pro
1201 2741 1251 2776 usu
1269 2729 1433 2790 necessarm,
1468 2745 1523 2780 non
1555 2737 1644 2797 questu

383 2815 484 2865 Illicito.
502 2841 535 2851 —
553 2813 642 2864 XVIII
660 2815 688 2862 iu
705 2811 872 2878 prohibenda
890 2813 1001 2863 simonia
1019 2810 1159 2878 diligenter
1176 2811 1374 2864 elaborandum.
1394 2841 1427 2851 -
1444 2815 1507 2866 XIX
1528 2833 1575 2868 eas
1593 2825 1644 2868 tuu-

382 2909 437 2951 tum
463 2901 527 2951 iuris
553 2901 660 2965 positivi
688 2897 891 2950 constitutiones
918 2897 1063 2950 abolendas
1091 2913 1160 2964 quas
1187 2900 1265 2950 nimis
1293 2915 1421 2952 onerosas
1453 2902 1587 2954 videntur.
1617 2931 1644 2942 ·-

383 2987 432 3037 XX
446 2988 584 3038 cantiones
602 2986 729 3052 quasdem
742 2988 769 3035 in
781 2985 925 3036 vernacula
943 2985 1036 3051 regula
1052 2985 1221 3038 tollerandes.
1236 2985 1341 3038 -xxl
1360 3003 1475 3039 canones
1494 2989 1531 3040 de
1549 2990 1604 3040 vita
1621 2997 1644 3039 et

383 3075 521 3126 honestate
540 3073 697 3125 clericorum
715 3072 884 3124 renovandos
902 3077 929 3122 et
947 3072 1053 3123 concilii
1075 3075 1142 3123 actis
1160 3072 1300 3139 dIIIgentsr
1323 3075 1475 3126 inserendos
1498 3077 1581 3142 idque
1599 3093 1642 3142 pro

383 3163 536 3226 cirinsqnam
554 3159 669 3210 natIonis
685 3159 801 3209 moribus
820 3164 847 3208 et
864 3159 1031 3208 necessitate.
1061 3185 1093 3196 -
1119 3159 1195 3208 XXll
1214 3160 1305 3210 culicis
1334 3173 1410 3212 usura
1427 3162 1586 3228 urgendum.
1606 3191 1634 3200 -

382 3249 473 3298 XXIII
492 3247 643 3312 coniugium
661 3243 830 3296 sacerdotum
848 3244 1049 3297 admittendum.
1073 3273 1103 3284 -
1128 3245 1215 3296 XXlV
1237 3263 1310 3298 mum
1329 3251 1446 3300 carnium
1464 3249 1499 3299 ad
1520 3250 1639 3300 dtscutio-

381 3351 441 3387 uem
460 3339 594 3387 oratorum
614 3334 791 3384 caesarIorum
812 3335 918 3384 remini.
944 3359 978 3370 -
1004 3332 1078 3383 XXV
1100 3333 1270 3386 residentiam
1294 3337 1476 3402 episcoporum
1500 3353 1562 3387 esse
1585 3339 1642 3386 iuris

382 3422 463 3472 divini
482 3427 617 3487 umquam
636 3419 790 3486 urgendum.
809 3447 842 3456 -
861 3419 948 3470 XXVI
966 3419 1062 3470 suadet
1078 3425 1108 3470 ut
1125 3421 1261 3485 quaelibet
1279 3424 1351 3472 natio
1369 3422 1466 3472 habeat
1483 3422 1641 3486 peculiarem

382 3509 598 3575 protonotarium.
618 3533 649 3544 -
669 3506 840 3557 hiemes-iaie:
859 3507 871 3555 1
889 3521 923 3556 ne
942 3505 1103 3557 dissolvatur
1120 3507 1269 3564 concilium,
1293 3507 1366 3558 nulla
1385 3509 1487 3559 meliori
1506 3511 1553 3559 rie
1570 3523 1641 3574 posse

382 3595 511 3660 impediri,
528 3607 608 3659 quam
627 3594 648 3642 si
669 3593 729 3642 Mra
747 3591 773 3643 S.
793 3594 905 3657 ipsamet
921 3607 1047 3658 praesens
1064 3594 1168 3644 intersit
1186 3593 1300 3644 concilio
1318 3595 1362 3644 vei
1375 3595 1418 3644 hic
1431 3595 1576 3660 Oeuiponti
1588 3595 1641 3643 sub

381 3683 464 3731 sistat.
486 3707 510 3715 -
535 3679 561 3729 11
580 3679 766 3730 commissurIIa
784 3677 899 3743 aliquem
923 3677 1083 3728 catholicum
1107 3679 1253 3730 secularem
1271 3681 1485 3732 iurisconsultum
1504 3683 1641 3746 adiungen-

382 3767 453 3817 dum.
473 3794 506 3804 -
524 3767 564 3818 111
581 3781 615 3816 ue
633 3766 733 3830 scripta
758 3777 884 3814 caesarea
907 3764 1049 3829 pontificiis
1073 3763 1169 3830 legatis
1193 3766 1241 3815 sed
1266 3767 1384 3832 patribus
1407 3768 1587 3820 ostendantur.
1611 3793 1640 3802 -

381 3854 418 3906 IV
435 3855 459 3904 si
476 3851 579 3906 1²⁸8
600 3851 784 3917 theologorum
802 3852 979 3916 praesentium
1001 3851 1146 3902 mnteutias
1168 3853 1194 3902 iu
1217 3869 1298 3904 unum
1321 3869 1416 3918 corpus
1443 3855 1528 3920 redIgi
1552 3867 1636 3906 curare

380 3941 447 3992 vsIIt
463 3946 491 3990 et
508 3955 540 3990 sa
559 3955 591 3990 eo
610 3939 724 4004 priorem
741 3937 836 3990 llbrnsu
854 3938 1001 3990 reformari.

449 4045 495 4096 an
513 4045 605 4095 dritter
622 4041 774 4108 Rathgeber
790 4045 826 4092 ist
844 4042 892 4093 der
915 4043 1084 4108 Augebnrger
1107 4043 1258 4094 canonicus
1282 4045 1328 4094 Dr.
1351 4047 1415 4095 iuris
1433 4046 1542 4096 conred
1559 4047 1638 4096 Brauu

382 4131 543 4194 (sahlreiche
561 4131 606 4180 ihu
624 4128 789 4180 betreiIsnde
808 4129 897 4179 Bricfe
914 4131 942 4179 in
959 4128 1012 4180 den
1031 4129 1061 4180 O.
1080 4131 1110 4180 Α.
1135 4129 1190 4179 und
1213 4130 1341 4194 Romana)
1361 4147 1393 4181 su
1410 4147 1524 4186 neuneu.
1554 4130 1634 4182 Scbou

381 4218 429 4268 anf
452 4218 575 4268 friheren
593 4215 770 4282 Rsiobstagou
797 4215 858 4266 dem
876 4213 972 4266 Kuiser
998 4215 1115 4266 bekannt
1141 4216 1281 4281 geworden
1305 4216 1400 4268 erhielt
1423 4233 1451 4268 er
1473 4217 1542 4281 Jetst
1559 4215 1634 4267 durch

381 4303 523 4370 Staphylus
542 4303 593 4354 deu
611 4302 724 4368 Anftrag
740 4301 809 4352 auch
832 4303 982 4352 seiusrseits
1006 4303 1048 4352 eiu
1073 4301 1222 4354 Gutschten
1245 4301 1408 4367 absugeben.
1439 4305 1495 4354 Das
1514 4321 1567 4354 von
1583 4301 1628 4352 ihm

381 4403 423 4440 am
442 4392 475 4440 12
493 4389 566 4456 April
585 4403 634 4439 ans
652 4389 794 4454 ingeburg
812 4386 982 4454 elngesandte
1001 4403 1067 4453 opus
1085 4388 1120 4438 de
1139 4391 1258 4440 conciliis
1276 4391 1414 4454 (Romans,
1435 4391 1485 4441 15⁰
1503 4392 1599 4456 Bogsu,
1617 4405 1634 4436 s.

381 4476 512 4528 Buebolts
530 4477 555 4539 8,
574 4477 636 4538 54⁸)
656 4473 720 4540 geht
738 4476 810 4525 einer
834 4475 1002 4525 bestimmten
1025 4477 1144 4526 Antuort
1165 4477 1214 4526 anf
1235 4477 1279 4527 die
1302 4476 1517 4541 suigeworfeuen
1541 4477 1632 4540 fragon

381 4564 497 4629 mesu
516 4579 564 4614 aus
583 4562 644 4612 dem
661 4562 746 4627 wege
763 4561 819 4612 und
836 4561 902 4611 wird
920 4575 987 4627 gana
1005 4567 1052 4626 gut
1069 4563 1152 4612 durch
1171 4564 1229 4614 eine
1248 4564 1415 4628 Bemerknng
1432 4563 1511 4614 Seids
1529 4563 1631 4629 gebenn·

380 4649 515 4700 seichnet:
533 4649 687 4699 trsmmittit
705 4648 845 4700 constiium
862 4663 939 4698 sunm
956 4649 983 4697 in
1001 4651 1114 4713 negocio
1133 4650 1238 4700 concilii
1256 4651 1342 4701 obiter
1358 4651 1497 4701 declarans
1520 4651 1556 4700 rei
1573 4646 1629 4696 diiii·

380 4737 514 4786 cuitatem.
532 4735 583 4786 Am
601 4735 635 4784 tt
653 4734 707 4785 hin·
725 4734 893 4786 iiberreiehte
911 4749 940 4784 er
958 4733 1028 4784 darm
1046 4735 1105 4785 dem
1125 4736 1220 4786 XaIser
1235 4736 1306 4787 noch
1324 4737 1382 4786 eius
1395 4737 1487 4786 suscito
1500 4735 1579 4786 scbon
1590 4747 1629 4780 ror

378 4823 480 4872 labren
497 4819 628 4871 verfasste
650 4821 705 4871 und
729 4822 827 4872 sbsnso
850 4820 1063 4887 weiteohweifige
1088 4822 1200 4872 schrift:
1231 4823 1455 4872 considerationes
1480 4829 1508 4872 et
1525 4818 1627 4872 remedii

382 4907 513 4974 quaedam
532 4906 566 4957 de
583 4906 769 4957 reformatione
788 4906 920 4956 ecelesiae
943 4908 969 4958 in
992 4909 1078 4973 capite
1103 4914 1131 4959 et
1153 4911 1180 4959 ln
1202 4911 1326 4959 membris
1349 4915 1376 4958 ct
1398 4908 1431 4959 de
1456 4907 1627 4972 exstirpatione

381 4993 520 5046 haeresum
537 4995 565 5043 in
583 4993 731 5046 Germania
749 4991 797 5043 Ich
816 4991 886 5042 meo
904 4991 978 5044 nicht
995 4993 1056 5044 dass
1075 4994 1118 5044 dic
1136 4995 1233 5046 beiden
1245 4995 1343 5046 Werlse
1366 4994 1474 5046 beiden
1493 4992 1627 5056 dommum

382 5079 563 5134 cossim
580 5079 789 5146 berichaiebtigt
805 5081 904 5134 rimu.
