3498 5830
336 675 364 742 si
386 675 420 743 in
442 675 591 744 effectum
614 673 836 742 deduceretur.
860 698 934 741 oum
960 679 1044 746 euim
1073 677 1176 744 omnis
1203 700 1286 766 pene
1317 677 1413 744 Italis
1445 677 1513 744 iure
1546 677 1685 746 debeat

337 789 469 846 sanctae
484 779 648 846 Romanae
664 779 821 846 ecclesiae
844 789 876 846 ct
897 782 1031 868 imperio
1051 780 1195 846 Romano
1219 781 1365 848 subiecta
1387 804 1458 850 esse
1480 804 1540 848 neo
1564 780 1684 846 ullum

334 885 433 950 alium
455 908 564 970 regem
588 907 686 971 quam
709 886 935 970 imperatorem
967 895 1000 950 ct
1031 908 1142 970 regem
1169 885 1388 952 Romanorum
1420 908 1682 974 recognoscere,

335 1013 401 1054 non
421 999 532 1076 posset
553 988 697 1076 profecto
721 987 879 1054 eiusmodi
901 1010 1037 1074 regnum
1065 989 1187 1053 institui
1220 988 1343 1078 absque
1370 990 1567 1078 gravissima
1606 999 1682 1054 tam

335 1101 466 1158 sanctae
490 1091 576 1158 sedis
599 1091 795 1177 apostolicae
819 1114 916 1176 quam
938 1101 1048 1156 nostra
1071 1101 1103 1158 et
1125 1094 1209 1158 sacri
1231 1093 1356 1180 imperii
1372 1115 1512 1158 necnon
1528 1091 1683 1158 aliorum

331 1195 446 1262 Italiae
468 1197 650 1282 principum
673 1194 869 1262 contumelia
898 1195 1066 1282 dispendio
1097 1206 1129 1262 ct
1158 1197 1291 1262 iactura.
1323 1196 1410 1284 quod
1439 1196 1562 1262 malum
1598 1217 1680 1260 cum

331 1321 390 1364 nos
413 1301 537 1364 ratione
559 1300 700 1366 muneris
723 1301 866 1364 caesarei
889 1301 975 1365 omni
998 1308 1116 1364 conatu
1139 1309 1171 1365 et
1193 1299 1299 1366 studio
1327 1309 1474 1366 avertere
1503 1309 1536 1366 et
1559 1299 1681 1386 prohi-

330 1400 409 1468 bere
432 1413 608 1486 teneamur,
630 1425 795 1489 nunquam
819 1413 905 1468 certe
927 1413 1072 1470 nostrum
1095 1425 1287 1470 consensum
1309 1405 1343 1467 in
1364 1402 1549 1472 huiusmodi
1575 1404 1679 1490 regni

331 1507 526 1573 erectionem
549 1504 665 1584 daturi,
689 1507 746 1572 sed
767 1509 875 1594 potius
898 1531 1008 1574 omnes
1036 1511 1177 1574 rationes
1211 1517 1243 1574 et
1274 1509 1345 1574 vias
1377 1509 1486 1574 inituri
1519 1529 1680 1574 essemus

331 1609 449 1698 quibus
471 1610 552 1676 tales
576 1608 629 1676 S²¹⁸
657 1610 690 1676 S.
713 1621 746 1677 et
772 1614 873 1698 ipsius
897 1611 989 1677 ducis
1013 1621 1147 1678 conatus
1171 1611 1346 1678 disturbari
1367 1621 1400 1677 et
1412 1613 1545 1698 reprimi
1570 1633 1677 1699 posse

330 1735 542 1800 speraremus.
571 1724 607 1779 ut
635 1716 720 1780 enim
747 1715 873 1782 silentio
902 1725 1142 1804 praetereamus
1181 1714 1414 1804 rempublicam
1441 1715 1678 1781 Florentinum

330 1839 415 1904 quae
438 1821 614 1907 antiquitus
637 1822 772 1906 imperio
795 1820 943 1887 subiecta
964 1819 1025 1885 fuit
1047 1831 1079 1884 et
1101 1819 1143 1886 ab
1167 1821 1236 1886 eius
1259 1819 1443 1887 obedientia
1465 1830 1498 1886 et
1511 1819 1583 1886 fide
1600 1843 1676 1906 pro·

328 1925 400 2009 prio
423 1947 506 1990 ausu
527 1927 670 2010 recessit,
693 1928 806 2010 negari
822 1950 900 1991 sana
915 1949 979 1992 non
1004 1935 1111 2014 potest
1127 1928 1205 2014 quin
1220 1934 1323 1991 status
1339 1921 1492 1990 Senensis
1508 1926 1551 1989 sit
1567 1947 1674 1990 mem-

328 2027 424 2094 bmm
446 2031 599 2118 imperii,
618 2053 715 2118 quem
745 2053 819 2096 cum
841 2028 950 2096 Ser'¹¹¹¹⁸
982 2054 1042 2096 rex
1071 2030 1303 2116 Hispaniarum
1335 2051 1357 2093 a
1389 2027 1465 2094 divo
1499 2028 1675 2116 quondam

330 2132 446 2202 Garolo
468 2134 501 2200 V
522 2135 740 2203 Romanorum
763 2138 956 2223 imperatore
979 2143 1137 2222 augustae
1159 2135 1333 2200 memoriae
1354 2132 1454 2198 fratre
1481 2141 1515 2198 at
1534 2131 1674 2200 domino

328 2249 438 2306 nostro
463 2240 653 2308 charissimo
678 2242 867 2329 accepisset,
891 2241 961 2327 ipse
983 2240 1156 2304 reservatis
1179 2238 1240 2305 sibi
1267 2235 1428 2303 nonnullis
1450 2234 1531 2301 locis
1554 2245 1675 2324 postea

334 2342 457 2410 dictum
478 2343 578 2422 Ill¹²¹¹²¹⁸
601 2344 786 2410 Florentiae
810 2343 926 2410 ducem
949 2343 1124 2410 substituit.
1148 2344 1204 2430 qui
1226 2341 1357 2430 quidam
1379 2338 1486 2405 Ser¹²¹¹¹⁸
1504 2363 1570 2406 rex
1584 2361 1674 2406 nuno

336 2467 466 2535 quoqne
488 2449 713 2514 investituram
734 2471 793 2534 pro
817 2469 851 2516 se
874 2457 907 2514 et
937 2447 1043 2513 diotae
1072 2446 1307 2513 substitutionis
1339 2442 1622 2510 confirmationem
1654 2464 1674 2507 a

329 2550 425 2618 nobis
446 2553 591 2640 requirit,
614 2551 702 2616 unda
725 2552 822 2616 etiarn
844 2549 938 2616 lacile
962 2550 1122 2636 colligitur
1143 2573 1209 2615 non
1230 2548 1327 2616 modo
1352 2547 1415 2634 ipsi
1442 2545 1520 2613 duci
1547 2569 1671 2634 nequa·

331 2677 428 2742 quam
450 2656 611 2742 integrum
631 2678 702 2720 esse
718 2655 892 2742 quicquam
914 2656 947 2720 in
970 2677 1007 2720 eo
1024 2663 1110 2719 statu
1126 2655 1181 2742 qui
1198 2677 1218 2718 a
1233 2675 1326 2718 sacro
1341 2651 1474 2740 imperio
1491 2648 1670 2738 dependet,

329 2757 455 2847 absque
477 2769 586 2825 nostro
609 2768 647 2824 ut
674 2759 876 2845 imperatoris
905 2767 937 2823 et
970 2758 1111 2845 supremi
1144 2757 1265 2823 domini
1294 2754 1507 2841 ordinumque
1537 2754 1669 2840 imperii

328 2860 533 2948 beneplacito
567 2870 600 2926 et
628 2883 787 2927 consensu
810 2870 951 2927 statuere
974 2871 1031 2925 ant
1052 2871 1191 2943 mutare,
1223 2882 1336 2926 verum
1364 2881 1424 2924 nec
1447 2856 1530 2923 S⁰¹¹¹¹¹²
1558 2857 1604 2922 D.
1628 2857 1667 2922 N.

328 2984 424 3052 posse
448 2966 480 3028 in
503 2964 623 3030 ditione
645 2965 771 3051 imperii
794 2964 882 3052 quod
904 2963 947 3028 ad
969 2963 1159 3051 temporalia
1179 2972 1305 3050 spectat
1318 2963 1486 3051 quippiam
1499 2983 1562 3048 pro
1579 2959 1666 3028 arbi·

329 3077 414 3133 tratu
442 3065 494 3134 Sl·
528 3065 560 3133 S.
601 3076 741 3135 statuere
769 3069 885 3132 autin
915 3090 954 3134 ea
993 3090 1077 3157 quae
1105 3067 1148 3133 ad
1178 3067 1487 3132 administrationem
1518 3073 1666 3130 nostram

327 3171 527 3260 imperialem
550 3173 712 3258 pertinent
728 3193 798 3236 sese
813 3171 976 3257 ingerere,
1001 3173 1095 3238 sicuti
1108 3193 1214 3258 neque
1236 3193 1295 3234 nos
1319 3167 1360 3234 8⁰
1388 3167 1421 3234 S.
1444 3169 1478 3233 in
1500 3167 1611 3234 officio
1634 3174 1664 3232 et

328 3274 486 3362 gubernio
502 3276 571 3340 eius
586 3283 653 3340 tam
667 3272 835 3360 temporali
859 3297 956 3361 quam
979 3274 1137 3362 spirituali
1159 3276 1192 3340 in
1206 3275 1300 3338 terris
1316 3271 1473 3338 ecclesiae
1496 3272 1664 3360 quippiam

329 3379 451 3464 negotii
474 3387 507 3445 et
528 3377 749 3463 impedimenti
772 3376 927 3442 exhibere
949 3400 1113 3444 conamur.
1148 3376 1236 3465 quod
1264 3378 1291 3440 si
1314 3374 1371 3442 S²⁸⁸
1400 3377 1470 3441 eius
1498 3375 1551 3440 his
1582 3382 1663 3461 post

330 3483 443 3568 positis
466 3481 645 3545 institutum
668 3501 763 3544 suum
784 3479 940 3566 perlicere
962 3481 1126 3563 niteretur,
1148 3479 1328 3545 verendum
1349 3479 1432 3544 foret
1461 3499 1503 3543 ns
1525 3486 1595 3542 tam
1617 3476 1661 3540 in·

329 3584 523 3670 tempestiva
546 3581 680 3648 consilia
702 3584 829 3668 magnis
852 3582 1022 3648 discordiis
1046 3592 1078 3648 et
1099 3582 1240 3649 motibus
1268 3585 1351 3646 inter
1373 3580 1440 3647 Sem
1480 3578 1513 3646 S.
1544 3591 1577 3647 et
1603 3601 1660 3643 nos

329 3685 524 3774 ordinesque
535 3687 661 3771 imperii
676 3687 845 3750 materiam
860 3685 1149 3768 subministrarent,
1167 3684 1284 3772 quibus
1297 3684 1438 3750 consiliis
1454 3692 1553 3770 atque
1569 3704 1660 3749 cona·

329 3790 415 3857 tibus
448 3812 514 3855 non
543 3787 639 3854 modo
670 3798 772 3852 status
802 3789 928 3875 imperii
960 3787 1174 3873 Augustanae
1211 3787 1421 3853 confessionis
1451 3788 1658 3866 irritarentur,

328 3916 441 3960 verum
464 3895 560 3959 etiam
589 3890 739 3957 catholici
762 3914 782 3956 a
804 3889 850 3957 S²⁸
864 3889 896 3956 S.
920 3890 1182 3957 abalienarentur
1204 3900 1236 3956 et
1258 3890 1301 3956 ad
1322 3889 1563 3979 impediendam
1578 3910 1656 3954 sum·

331 3998 391 4061 mis
413 3997 537 4061 viribus
564 3994 650 4060 hano
673 3993 726 4059 Sl·
760 3992 793 4059 S.
821 3995 1030 4060 intentionem
1062 3995 1295 4077 excitarentur,
1325 4016 1387 4059 nec
1416 3993 1600 4059 dubitamus
1627 3991 1657 4054 in

331 4123 404 4166 eum
427 4108 580 4164 eventum
600 4098 769 4164 nobiscum
792 4107 824 4164 et
847 4121 920 4163 cum
939 4096 1105 4164 ordinibus
1128 4100 1253 4184 imperii
1270 4119 1484 4180 consensuros
1498 4119 1570 4162 esse
1592 4104 1655 4159 tum

329 4200 447 4268 Ser¹¹⁰⁰¹¹¹
470 4202 703 4289 Hispaniarum
725 4223 845 4287 regern,
874 4209 942 4265 turn
966 4210 1110 4266 caeteros
1132 4200 1247 4267 Italiae
1268 4202 1431 4288 principes
1454 4210 1487 4266 at
1508 4199 1654 4278 dominia,

330 4305 447 4393 quibus
469 4306 618 4370 nimirum
640 4326 743 4391 aeque
768 4327 807 4368 ac
828 4302 922 4369 nobis
945 4313 977 4369 et
993 4303 1159 4370 ordinibus
1175 4304 1300 4391 imperii
1313 4302 1375 4370 hoc
1389 4327 1509 4369 novum
1524 4321 1653 4388 regnum

331 4409 546 4495 suspicionem
567 4409 759 4473 iniecturum
782 4429 863 4490 esse,
886 4430 928 4473 ne
950 4407 1032 4474 forte
1054 4430 1159 4473 novus
1180 4431 1240 4473 rex
1271 4407 1412 4473 stabilita
1443 4406 1653 4473 dominatione

329 4509 547 4598 amplificandi
570 4512 661 4594 regni
684 4508 789 4577 studio
813 4507 856 4576 ad
879 4509 1014 4575 aliorum
1038 4509 1191 4576 ditionem
1222 4512 1340 4575 sensim
1374 4509 1595 4597 occupandam
1622 4512 1651 4567 et

329 4612 568 4702 subiugandam
590 4611 764 4700 diquando
794 4617 936 4678 animum
965 4611 1105 4678 adiiciat
1130 4623 1162 4679 et
1184 4615 1261 4699 quia
1282 4621 1318 4678 ut
1341 4635 1439 4701 supra
1461 4611 1650 4678 ostendimus

327 4715 404 4783 inde
425 4718 488 4803 ipsi
510 4738 639 4804 quoque
662 4725 793 4782 sanotae
815 4715 885 4780 sedi
902 4715 1099 4803 apostolicae
1123 4739 1275 4784 successu
1291 4717 1446 4802 temporis
1461 4738 1527 4782 non
1541 4729 1646 4802 parum

328 4819 464 4906 periculi
484 4820 649 4884 imminere
670 4828 797 4906 posset,
818 4841 884 4884 non
906 4817 1066 4884 credimus
1082 4819 1171 4906 quod
1185 4829 1310 4884 mortuo
1322 4829 1492 4906 praesente
1507 4812 1647 4906 pontifice

327 4923 425 4990 futuri
441 4921 619 5010 pontifices,
635 4923 691 5009 qni
704 4921 850 4988 fortassis
865 4945 931 4987 non
947 4923 1040 4986 erunt
1055 4944 1158 5011 usque
1171 4922 1253 4989 adeo
1265 4920 1341 4988 huic
1357 4921 1432 4988 duci
1448 4920 1576 5002 addicti,
1590 4915 1645 4982 huc

328 5023 381 5092 8²¹⁸
391 5025 423 5098 S.
433 5025 598 5100 decretum
612 5033 720 5092 ratum
734 5034 928 5122 gratumque
941 5023 1082 5091 habituri
1099 5027 1173 5090 sint.
1189 5047 1273 5118 quae
1285 5026 1392 5093 omnia
1406 5024 1466 5092 tibi
1482 5024 1643 5098 elementer
