<?xml version="1.0" encoding="UTF-8"?>
<!DOCTYPE html PUBLIC "-//W3C//DTD XHTML 1.0 Transitional//EN"
    "http://www.w3.org/TR/xhtml1/DTD/xhtml1-transitional.dtd">
<html xmlns="http://www.w3.org/1999/xhtml" xml:lang="en" lang="en">
 <head>
  <title>
</title>
<meta http-equiv="Content-Type" content="text/html;charset=utf-8" />
  <meta name='ocr-system' content='tesseract 3.04.00' />
  <meta name='ocr-capabilities' content='ocr_page ocr_carea ocr_par ocr_line ocrx_word'/>
</head>
<body>
  <div class='ocr_page' id='page_1' title='image "./zurgeschichtede00unkngoog/zurgeschichtede00unkngoog_0618.png"; bbox 0 0 3512 5838; ppageno 0'>
   <div class='ocr_carea' id='block_1_1' title="bbox 1378 491 1439 556">
    <p class='ocr_par' dir='ltr' id='par_1_1' title="bbox 1378 491 1439 556">
     <span class='ocr_line' id='line_1_1' title="bbox 1378 491 1439 556; baseline 0.049 -3"><span class='ocrx_word' id='word_1_1' title='bbox 1378 491 1439 556; x_wconf 70' lang='grc'><strong>0117</strong></span> 
     </span>
    </p>
   </div>
   <div class='ocr_carea' id='block_1_2' title="bbox 106 669 1441 1281">
    <p class='ocr_par' dir='ltr' id='par_1_2' title="bbox 106 669 1441 1281">
     <span class='ocr_line' id='line_1_2' title="bbox 111 669 1441 767; baseline 0.01 -33"><span class='ocrx_word' id='word_1_2' title='bbox 111 679 231 736; x_wconf 86' lang='lat' dir='ltr'><strong>contra</strong></span> <span class='ocrx_word' id='word_1_3' title='bbox 255 673 427 758; x_wconf 87' lang='lat' dir='ltr'><strong>episcopos</strong></span> <span class='ocrx_word' id='word_1_4' title='bbox 451 669 639 736; x_wconf 88' lang='lat' dir='ltr'><strong>defensurus</strong></span> <span class='ocrx_word' id='word_1_5' title='bbox 672 673 862 758; x_wconf 88' lang='lat' dir='ltr'><strong>advenerat,</strong></span> <span class='ocrx_word' id='word_1_6' title='bbox 893 677 968 741; x_wconf 91' lang='lat' dir='ltr'><strong>hinc</strong></span> <span class='ocrx_word' id='word_1_7' title='bbox 996 679 1085 743; x_wconf 89' lang='lat' dir='ltr'><strong>abire</strong></span> <span class='ocrx_word' id='word_1_8' title='bbox 1114 681 1251 745; x_wconf 85' lang='lat' dir='ltr'><strong>iusserit.</strong></span> <span class='ocrx_word' id='word_1_9' title='bbox 1279 703 1361 767; x_wconf 89' lang='lat' dir='ltr'><strong>quae</strong></span> <span class='ocrx_word' id='word_1_10' title='bbox 1388 704 1441 746; x_wconf 89' lang='lat' dir='ltr'><strong>res</strong></span> 
     </span>
     <span class='ocr_line' id='line_1_3' title="bbox 108 772 1441 867; baseline 0.008 -29"><span class='ocrx_word' id='word_1_11' title='bbox 108 795 175 838; x_wconf 91' lang='lat' dir='ltr'><strong>non</strong></span> <span class='ocrx_word' id='word_1_12' title='bbox 197 797 319 860; x_wconf 89' lang='lat' dir='ltr'><strong>parum</strong></span> <span class='ocrx_word' id='word_1_13' title='bbox 342 772 546 861; x_wconf 80' lang='lat' dir='ltr'>querelarum</span> <span class='ocrx_word' id='word_1_14' title='bbox 567 774 620 841; x_wconf 91' lang='lat' dir='ltr'><strong>hic</strong></span> <span class='ocrx_word' id='word_1_15' title='bbox 640 779 784 863; x_wconf 74' lang='lat' dir='ltr'><strong>peperit,</strong></span> <span class='ocrx_word' id='word_1_16' title='bbox 814 779 906 844; x_wconf 92' lang='lat' dir='ltr'><strong>multi</strong></span> <span class='ocrx_word' id='word_1_17' title='bbox 929 779 1088 867; x_wconf 83' lang='lat' dir='ltr'><strong>siquidem</strong></span> <span class='ocrx_word' id='word_1_18' title='bbox 1111 782 1272 847; x_wconf 89' lang='lat' dir='ltr'><strong>affirmant</strong></span> <span class='ocrx_word' id='word_1_19' title='bbox 1292 783 1354 848; x_wconf 87' lang='lat' dir='ltr'><strong>hac</strong></span> <span class='ocrx_word' id='word_1_20' title='bbox 1376 807 1441 849; x_wconf 90' lang='lat' dir='ltr'><strong>una</strong></span> 
     </span>
     <span class='ocr_line' id='line_1_4' title="bbox 107 877 1439 967; baseline 0.009 -27"><span class='ocrx_word' id='word_1_21' title='bbox 107 899 144 941; x_wconf 92' lang='lat' dir='ltr'><strong>re</strong></span> <span class='ocrx_word' id='word_1_22' title='bbox 168 877 304 942; x_wconf 89' lang='lat' dir='ltr'><strong>salvum</strong></span> <span class='ocrx_word' id='word_1_23' title='bbox 326 877 521 942; x_wconf 90' lang='lat' dir='ltr'><strong>conductum</strong></span> <span class='ocrx_word' id='word_1_24' title='bbox 551 879 741 967; x_wconf 89' lang='lat' dir='ltr'><strong>conciliique</strong></span> <span class='ocrx_word' id='word_1_25' title='bbox 771 879 950 947; x_wconf 88' lang='lat' dir='ltr'><strong>libertatem</strong></span> <span class='ocrx_word' id='word_1_26' title='bbox 979 881 1188 949; x_wconf 87' lang='lat' dir='ltr'><strong>vehementer</strong></span> <span class='ocrx_word' id='word_1_27' title='bbox 1216 885 1336 950; x_wconf 81' lang='lat' dir='ltr'><strong>laesam</strong></span> <span class='ocrx_word' id='word_1_28' title='bbox 1360 910 1439 962; x_wconf 87' lang='lat' dir='ltr'><strong>esse,</strong></span> 
     </span>
     <span class='ocr_line' id='line_1_5' title="bbox 108 979 1440 1076; baseline 0.008 -31"><span class='ocrx_word' id='word_1_29' title='bbox 108 1003 183 1046; x_wconf 90' lang='lat' dir='ltr'><strong>cum</strong></span> <span class='ocrx_word' id='word_1_30' title='bbox 207 979 267 1045; x_wconf 91' lang='lat' dir='ltr'><strong>vel</strong></span> <span class='ocrx_word' id='word_1_31' title='bbox 289 981 352 1068; x_wconf 90' lang='lat' dir='ltr'><strong>ipsi</strong></span> <span class='ocrx_word' id='word_1_32' title='bbox 375 979 509 1046; x_wconf 81' lang='lat' dir='ltr'><strong>Calvino</strong></span> <span class='ocrx_word' id='word_1_33' title='bbox 532 984 673 1046; x_wconf 91' lang='lat' dir='ltr'><strong>venienti</strong></span> <span class='ocrx_word' id='word_1_34' title='bbox 696 983 859 1049; x_wconf 88' lang='lat' dir='ltr'><strong>audientia</strong></span> <span class='ocrx_word' id='word_1_35' title='bbox 888 985 1041 1072; x_wconf 88' lang='lat' dir='ltr'><strong>denegari</strong></span> <span class='ocrx_word' id='word_1_36' title='bbox 1069 1011 1134 1051; x_wconf 91' lang='lat' dir='ltr'><strong>non</strong></span> <span class='ocrx_word' id='word_1_37' title='bbox 1161 987 1300 1054; x_wconf 81' lang='lat' dir='ltr'>deberet.</span> <span class='ocrx_word' id='word_1_38' title='bbox 1331 991 1440 1076; x_wconf 90' lang='lat' dir='ltr'><strong>itaque</strong></span> 
     </span>
     <span class='ocr_line' id='line_1_6' title="bbox 106 1083 1440 1184; baseline 0.008 -37"><span class='ocrx_word' id='word_1_39' title='bbox 106 1083 200 1148; x_wconf 86' lang='lat' dir='ltr'><strong>multi</strong></span> <span class='ocrx_word' id='word_1_40' title='bbox 236 1086 426 1170; x_wconf 87' lang='lat' dir='ltr'><strong>praesertim</strong></span> <span class='ocrx_word' id='word_1_41' title='bbox 454 1083 530 1150; x_wconf 81' lang='lat' dir='ltr'><strong>Itali</strong></span> <span class='ocrx_word' id='word_1_42' title='bbox 557 1087 700 1171; x_wconf 80' lang='lat' dir='ltr'><strong>episcopi</strong></span> <span class='ocrx_word' id='word_1_43' title='bbox 733 1086 939 1154; x_wconf 87' lang='lat' dir='ltr'><strong>vehementer</strong></span> <span class='ocrx_word' id='word_1_44' title='bbox 970 1112 1004 1154; x_wconf 91' lang='lat' dir='ltr'><strong>se</strong></span> <span class='ocrx_word' id='word_1_45' title='bbox 1032 1100 1200 1184; x_wconf 84' lang='lat' dir='ltr'><strong>opponunt</strong></span> <span class='ocrx_word' id='word_1_46' title='bbox 1228 1094 1324 1179; x_wconf 89' lang='lat' dir='ltr'><strong>capiti</strong></span> <span class='ocrx_word' id='word_1_47' title='bbox 1353 1093 1440 1179; x_wconf 91' lang='lat' dir='ltr'><strong>quod</strong></span> 
     </span>
     <span class='ocr_line' id='line_1_7' title="bbox 109 1186 1440 1281; baseline 0.007 -29"><span class='ocrx_word' id='word_1_48' title='bbox 109 1195 247 1252; x_wconf 87' lang='lat' dir='ltr'><strong>sextum</strong></span> <span class='ocrx_word' id='word_1_49' title='bbox 269 1186 377 1254; x_wconf 92' lang='lat' dir='ltr'><strong>locum</strong></span> <span class='ocrx_word' id='word_1_50' title='bbox 399 1198 488 1253; x_wconf 89' lang='lat' dir='ltr'><strong>tenet</strong></span> <span class='ocrx_word' id='word_1_51' title='bbox 506 1191 588 1254; x_wconf 90' lang='lat' dir='ltr'><strong>inter</strong></span> <span class='ocrx_word' id='word_1_52' title='bbox 609 1189 796 1274; x_wconf 88' lang='lat' dir='ltr'><strong>supradicta</strong></span> <span class='ocrx_word' id='word_1_53' title='bbox 818 1192 858 1256; x_wconf 79' lang='lat'><strong>21</strong></span> <span class='ocrx_word' id='word_1_54' title='bbox 883 1194 998 1278; x_wconf 79' lang='lat' dir='ltr'><strong>capita,</strong></span> <span class='ocrx_word' id='word_1_55' title='bbox 1023 1194 1173 1281; x_wconf 91' lang='lat' dir='ltr'><strong>quodque</strong></span> <span class='ocrx_word' id='word_1_56' title='bbox 1197 1195 1237 1261; x_wconf 92' lang='grc'><strong>(16</strong></span> <span class='ocrx_word' id='word_1_57' title='bbox 1253 1195 1440 1281; x_wconf 87' lang='lat' dir='ltr'><strong>abroganda</strong></span> 
     </span>
    </p>
   </div>
   <div class='ocr_carea' id='block_1_3' title="bbox 103 1290 1438 4674">
    <p class='ocr_par' dir='ltr' id='par_1_3' title="bbox 103 1290 1438 1799">
     <span class='ocr_line' id='line_1_8' title="bbox 105 1290 1438 1384; baseline 0.008 -30"><span class='ocrx_word' id='word_1_58' title='bbox 105 1290 328 1378; x_wconf 89' lang='lat' dir='ltr'><strong>capitulorum</strong></span> <span class='ocrx_word' id='word_1_59' title='bbox 351 1295 555 1379; x_wconf 81' lang='lat' dir='ltr'><strong>exemptione</strong></span> <span class='ocrx_word' id='word_1_60' title='bbox 579 1293 655 1380; x_wconf 88' lang='lat' dir='ltr'><strong>agit</strong></span> <span class='ocrx_word' id='word_1_61' title='bbox 678 1292 754 1358; x_wconf 92' lang='lat' dir='ltr'><strong>hinc</strong></span> <span class='ocrx_word' id='word_1_62' title='bbox 775 1293 896 1360; x_wconf 88' lang='lat' dir='ltr'><strong>factum</strong></span> <span class='ocrx_word' id='word_1_63' title='bbox 918 1305 1018 1361; x_wconf 90' lang='lat' dir='ltr'><strong>estut</strong></span> <span class='ocrx_word' id='word_1_64' title='bbox 1038 1297 1175 1362; x_wconf 88' lang='lat' dir='ltr'><strong>maiores</strong></span> <span class='ocrx_word' id='word_1_65' title='bbox 1192 1297 1438 1384; x_wconf 78' lang='lat' dir='ltr'><strong>disceptationes</strong></span> 
     </span>
     <span class='ocr_line' id='line_1_9' title="bbox 104 1393 1438 1490; baseline 0.008 -33"><span class='ocrx_word' id='word_1_66' title='bbox 104 1393 188 1458; x_wconf 88' lang='lat' dir='ltr'><strong>fiant</strong></span> <span class='ocrx_word' id='word_1_67' title='bbox 212 1417 374 1483; x_wconf 89' lang='lat' dir='ltr'><strong>supereo</strong></span> <span class='ocrx_word' id='word_1_68' title='bbox 398 1397 501 1483; x_wconf 88' lang='lat' dir='ltr'><strong>capite</strong></span> <span class='ocrx_word' id='word_1_69' title='bbox 526 1417 622 1484; x_wconf 90' lang='lat' dir='ltr'><strong>quam</strong></span> <span class='ocrx_word' id='word_1_70' title='bbox 646 1419 743 1484; x_wconf 91' lang='lat' dir='ltr'><strong>super</strong></span> <span class='ocrx_word' id='word_1_71' title='bbox 764 1395 896 1487; x_wconf 88' lang='lat' dir='ltr'><strong>reliquis</strong></span> <span class='ocrx_word' id='word_1_72' title='bbox 923 1399 990 1465; x_wconf 90' lang='lat' dir='ltr'><strong>fere</strong></span> <span class='ocrx_word' id='word_1_73' title='bbox 1020 1400 1176 1482; x_wconf 90' lang='lat' dir='ltr'><strong>omnibus,</strong></span> <span class='ocrx_word' id='word_1_74' title='bbox 1205 1423 1310 1490; x_wconf 90' lang='lat' dir='ltr'><strong>neque</strong></span> <span class='ocrx_word' id='word_1_75' title='bbox 1333 1401 1438 1468; x_wconf 91' lang='lat' dir='ltr'><strong>adhuc</strong></span> 
     </span>
     <span class='ocr_line' id='line_1_10' title="bbox 105 1496 1437 1588; baseline 0.005 -24"><span class='ocrx_word' id='word_1_76' title='bbox 105 1507 236 1564; x_wconf 86' lang='lat' dir='ltr'><strong>certum</strong></span> <span class='ocrx_word' id='word_1_77' title='bbox 253 1508 303 1564; x_wconf 90' lang='lat' dir='ltr'><strong>est</strong></span> <span class='ocrx_word' id='word_1_78' title='bbox 318 1501 352 1564; x_wconf 91' lang='lat' dir='ltr'><strong>in</strong></span> <span class='ocrx_word' id='word_1_79' title='bbox 367 1521 465 1588; x_wconf 87' lang='lat' dir='ltr'><strong>quam</strong></span> <span class='ocrx_word' id='word_1_80' title='bbox 479 1509 603 1587; x_wconf 89' lang='lat' dir='ltr'><strong>partem</strong></span> <span class='ocrx_word' id='word_1_81' title='bbox 619 1503 722 1566; x_wconf 87' lang='lat' dir='ltr'><strong>maior</strong></span> <span class='ocrx_word' id='word_1_82' title='bbox 735 1524 812 1588; x_wconf 91' lang='lat' dir='ltr'><strong>pars</strong></span> <span class='ocrx_word' id='word_1_83' title='bbox 829 1496 1259 1571; x_wconf 75' lang='lat' dir='ltr'><strong>sententiarum&#39;deolinabit.</strong></span> <span class='ocrx_word' id='word_1_84' title='bbox 1282 1515 1317 1570; x_wconf 91' lang='lat' dir='ltr'><strong>ut</strong></span> <span class='ocrx_word' id='word_1_85' title='bbox 1332 1515 1437 1571; x_wconf 88' lang='lat' dir='ltr'><strong>autem</strong></span> 
     </span>
     <span class='ocr_line' id='line_1_11' title="bbox 103 1601 1436 1692; baseline 0.006 -25"><span class='ocrx_word' id='word_1_86' title='bbox 103 1602 173 1666; x_wconf 50' lang='lat' dir='ltr'><strong>M*</strong></span> <span class='ocrx_word' id='word_1_87' title='bbox 198 1603 245 1668; x_wconf 91' lang='lat' dir='ltr'><strong>V.</strong></span> <span class='ocrx_word' id='word_1_88' title='bbox 268 1601 301 1668; x_wconf 86' lang='lat' dir='ltr'><strong>S.</strong></span> <span class='ocrx_word' id='word_1_89' title='bbox 325 1604 471 1668; x_wconf 87' lang='lat' dir='ltr'><strong>exactius</strong></span> <span class='ocrx_word' id='word_1_90' title='bbox 493 1603 680 1690; x_wconf 80' lang='lat' dir='ltr'><strong>petitionem</strong></span> <span class='ocrx_word' id='word_1_91' title='bbox 703 1603 844 1671; x_wconf 84' lang='lat' dir='ltr'><strong>iamdicti</strong></span> <span class='ocrx_word' id='word_1_92' title='bbox 873 1609 1089 1692; x_wconf 80' lang='lat' dir='ltr'><strong>procuratoris</strong></span> <span class='ocrx_word' id='word_1_93' title='bbox 1113 1618 1294 1692; x_wconf 90' lang='lat' dir='ltr'><strong>cognoscat,</strong></span> <span class='ocrx_word' id='word_1_94' title='bbox 1326 1610 1436 1676; x_wconf 91' lang='lat' dir='ltr'><strong>obser·</strong></span> 
     </span>
     <span class='ocr_line' id='line_1_12' title="bbox 103 1704 1174 1799; baseline 0.004 -29"><span class='ocrx_word' id='word_1_95' title='bbox 103 1708 263 1772; x_wconf 84' lang='lat' dir='ltr'><strong>vationes</strong></span> <span class='ocrx_word' id='word_1_96' title='bbox 285 1704 370 1770; x_wconf 90' lang='lat' dir='ltr'><strong>illius</strong></span> <span class='ocrx_word' id='word_1_97' title='bbox 392 1704 426 1769; x_wconf 90' lang='lat' dir='ltr'><strong>in</strong></span> <span class='ocrx_word' id='word_1_98' title='bbox 448 1704 527 1770; x_wconf 92' lang='lat' dir='ltr'><strong>illud</strong></span> <span class='ocrx_word' id='word_1_99' title='bbox 551 1715 678 1772; x_wconf 87' lang='lat' dir='ltr'><strong>sextum</strong></span> <span class='ocrx_word' id='word_1_100' title='bbox 700 1717 798 1794; x_wconf 89' lang='lat' dir='ltr'><strong>capnt</strong></span> <span class='ocrx_word' id='word_1_101' title='bbox 819 1707 870 1772; x_wconf 73' lang='lat' dir='ltr'><strong>M*¹</strong></span> <span class='ocrx_word' id='word_1_102' title='bbox 889 1709 930 1774; x_wconf 92' lang='lat' dir='ltr'><strong>V.</strong></span> <span class='ocrx_word' id='word_1_103' title='bbox 954 1708 986 1774; x_wconf 88' lang='lat' dir='ltr'><strong>S.</strong></span> <span class='ocrx_word' id='word_1_104' title='bbox 1010 1712 1174 1799; x_wconf 86' lang='lat' dir='ltr'><strong>mittimus.</strong></span> 
     </span>
    </p>

    <p class='ocr_par' dir='ltr' id='par_1_4' title="bbox 104 1807 1437 4674">
     <span class='ocr_line' id='line_1_13' title="bbox 215 1807 1435 1901; baseline 0.006 -25"><span class='ocrx_word' id='word_1_105' title='bbox 215 1809 387 1876; x_wconf 80' lang='lat' dir='ltr'><strong>Caeterum</strong></span> <span class='ocrx_word' id='word_1_106' title='bbox 408 1807 505 1874; x_wconf 86' lang='lat' dir='ltr'><strong>finitis</strong></span> <span class='ocrx_word' id='word_1_107' title='bbox 528 1810 693 1876; x_wconf 86' lang='lat' dir='ltr'><strong>sententiis</strong></span> <span class='ocrx_word' id='word_1_108' title='bbox 715 1820 750 1876; x_wconf 91' lang='lat' dir='ltr'><strong>ut</strong></span> <span class='ocrx_word' id='word_1_109' title='bbox 772 1812 837 1876; x_wconf 87' lang='lat' dir='ltr'><strong>iam</strong></span> <span class='ocrx_word' id='word_1_110' title='bbox 859 1811 1009 1894; x_wconf 86' lang='lat' dir='ltr'><strong>diximus,</strong></span> <span class='ocrx_word' id='word_1_111' title='bbox 1032 1815 1060 1879; x_wconf 92' lang='lat' dir='ltr'><strong>si</strong></span> <span class='ocrx_word' id='word_1_112' title='bbox 1081 1814 1186 1878; x_wconf 69' lang='lat' dir='ltr'><strong>R²⁰¹¹¹¹¹</strong></span> <span class='ocrx_word' id='word_1_113' title='bbox 1197 1815 1239 1879; x_wconf 90' lang='lat' dir='ltr'><strong>D.</strong></span> <span class='ocrx_word' id='word_1_114' title='bbox 1255 1816 1435 1901; x_wconf 90' lang='lat' dir='ltr'><strong>legatorum</strong></span> 
     </span>
     <span class='ocr_line' id='line_1_14' title="bbox 104 1913 1437 2002; baseline 0.005 -23"><span class='ocrx_word' id='word_1_115' title='bbox 104 1935 273 1980; x_wconf 88' lang='lat' dir='ltr'><strong>consensu</strong></span> <span class='ocrx_word' id='word_1_116' title='bbox 305 1923 413 2001; x_wconf 89' lang='lat' dir='ltr'><strong>patres</strong></span> <span class='ocrx_word' id='word_1_117' title='bbox 446 1935 543 1999; x_wconf 91' lang='lat' dir='ltr'><strong>super</strong></span> <span class='ocrx_word' id='word_1_118' title='bbox 576 1915 681 2001; x_wconf 92' lang='lat' dir='ltr'><strong>capite</strong></span> <span class='ocrx_word' id='word_1_119' title='bbox 716 1913 757 1982; x_wconf 98' lang='grc'><strong>(16</strong></span> <span class='ocrx_word' id='word_1_120' title='bbox 782 1915 966 2002; x_wconf 77' lang='lat' dir='ltr'><strong>principum</strong></span> <span class='ocrx_word' id='word_1_121' title='bbox 993 1917 1186 1983; x_wconf 84' lang='lat' dir='ltr'><strong>secularium</strong></span> <span class='ocrx_word' id='word_1_122' title='bbox 1213 1919 1437 1986; x_wconf 80' lang='lat' dir='ltr'><strong>reformatione</strong></span> 
     </span>
     <span class='ocr_line' id='line_1_15' title="bbox 104 2014 1437 2110; baseline 0.005 -28"><span class='ocrx_word' id='word_1_123' title='bbox 104 2019 289 2082; x_wconf 89' lang='lat' dir='ltr'><strong>sententias</strong></span> <span class='ocrx_word' id='word_1_124' title='bbox 312 2016 420 2083; x_wconf 89' lang='lat' dir='ltr'><strong>dicere</strong></span> <span class='ocrx_word' id='word_1_125' title='bbox 442 2014 612 2101; x_wconf 89' lang='lat' dir='ltr'><strong>voluerint,</strong></span> <span class='ocrx_word' id='word_1_126' title='bbox 641 2019 747 2084; x_wconf 87' lang='lat' dir='ltr'><strong>visum</strong></span> <span class='ocrx_word' id='word_1_127' title='bbox 770 2028 820 2084; x_wconf 90' lang='lat' dir='ltr'><strong>est</strong></span> <span class='ocrx_word' id='word_1_128' title='bbox 840 2019 933 2086; x_wconf 89' lang='lat' dir='ltr'><strong>nobis</strong></span> <span class='ocrx_word' id='word_1_129' title='bbox 956 2029 988 2086; x_wconf 92' lang='lat' dir='ltr'><strong>et</strong></span> <span class='ocrx_word' id='word_1_130' title='bbox 1017 2020 1166 2087; x_wconf 84' lang='lat' dir='ltr'><strong>catholici</strong></span> <span class='ocrx_word' id='word_1_131' title='bbox 1194 2044 1322 2110; x_wconf 90' lang='lat' dir='ltr'><strong>quoque</strong></span> <span class='ocrx_word' id='word_1_132' title='bbox 1352 2026 1437 2109; x_wconf 88' lang='lat' dir='ltr'><strong>regis</strong></span> 
     </span>
     <span class='ocr_line' id='line_1_16' title="bbox 106 2120 1435 2211; baseline 0.005 -25"><span class='ocrx_word' id='word_1_133' title='bbox 106 2120 234 2186; x_wconf 85' lang='lat' dir='ltr'><strong>oratori</strong></span> <span class='ocrx_word' id='word_1_134' title='bbox 255 2130 292 2185; x_wconf 89' lang='lat' dir='ltr'><strong>ut</strong></span> <span class='ocrx_word' id='word_1_135' title='bbox 314 2120 428 2186; x_wconf 89' lang='lat' dir='ltr'><strong>eadem</strong></span> <span class='ocrx_word' id='word_1_136' title='bbox 450 2144 471 2186; x_wconf 91' lang='lat' dir='ltr'><strong>a</strong></span> <span class='ocrx_word' id='word_1_137' title='bbox 492 2121 639 2208; x_wconf 89' lang='lat' dir='ltr'><strong>patribus</strong></span> <span class='ocrx_word' id='word_1_138' title='bbox 661 2121 791 2208; x_wconf 91' lang='lat' dir='ltr'><strong>publice</strong></span> <span class='ocrx_word' id='word_1_139' title='bbox 813 2131 961 2210; x_wconf 89' lang='lat' dir='ltr'><strong>petamus</strong></span> <span class='ocrx_word' id='word_1_140' title='bbox 991 2147 1073 2211; x_wconf 90' lang='lat' dir='ltr'><strong>quae</strong></span> <span class='ocrx_word' id='word_1_141' title='bbox 1102 2134 1198 2191; x_wconf 88' lang='lat' dir='ltr'><strong>antea</strong></span> <span class='ocrx_word' id='word_1_142' title='bbox 1221 2149 1263 2191; x_wconf 89' lang='lat' dir='ltr'><strong>ex</strong></span> <span class='ocrx_word' id='word_1_143' title='bbox 1284 2127 1435 2193; x_wconf 90' lang='lat' dir='ltr'><strong>mandato</strong></span> 
     </span>
     <span class='ocr_line' id='line_1_17' title="bbox 106 2221 1436 2312; baseline 0.005 -24"><span class='ocrx_word' id='word_1_144' title='bbox 106 2221 140 2288; x_wconf 88' lang='lat' dir='ltr'><strong>S.</strong></span> <span class='ocrx_word' id='word_1_145' title='bbox 164 2223 231 2288; x_wconf 53' lang='grc' dir='ltr'><strong>ΜΨ</strong></span> <span class='ocrx_word' id='word_1_146' title='bbox 252 2224 295 2290; x_wconf 80' lang='lat' dir='ltr'><strong>V.</strong></span> <span class='ocrx_word' id='word_1_147' title='bbox 316 2247 336 2290; x_wconf 88' lang='lat' dir='ltr'><strong>a</strong></span> <span class='ocrx_word' id='word_1_148' title='bbox 356 2224 423 2289; x_wconf 82' lang='lat' dir='ltr'>R¹¹²¹&#39;</span> <span class='ocrx_word' id='word_1_149' title='bbox 442 2225 483 2288; x_wconf 90' lang='grc' dir='ltr'><strong>Ι).</strong></span> <span class='ocrx_word' id='word_1_150' title='bbox 507 2225 622 2311; x_wconf 88' lang='lat' dir='ltr'><strong>legatis</strong></span> <span class='ocrx_word' id='word_1_151' title='bbox 645 2227 850 2312; x_wconf 88' lang='lat' dir='ltr'><strong>petieramus,</strong></span> <span class='ocrx_word' id='word_1_152' title='bbox 872 2225 994 2292; x_wconf 90' lang='lat' dir='ltr'><strong>nullam</strong></span> <span class='ocrx_word' id='word_1_153' title='bbox 1016 2236 1123 2292; x_wconf 88' lang='lat' dir='ltr'><strong>tamen</strong></span> <span class='ocrx_word' id='word_1_154' title='bbox 1145 2227 1197 2292; x_wconf 88' lang='lat' dir='ltr'><strong>vcl</strong></span> <span class='ocrx_word' id='word_1_155' title='bbox 1211 2231 1436 2294; x_wconf 84' lang='lat' dir='ltr'><strong>reservationis</strong></span> 
     </span>
     <span class='ocr_line' id='line_1_18' title="bbox 104 2326 1435 2417; baseline 0.005 -27"><span class='ocrx_word' id='word_1_156' title='bbox 104 2326 162 2394; x_wconf 91' lang='lat' dir='ltr'><strong>vel</strong></span> <span class='ocrx_word' id='word_1_157' title='bbox 184 2330 425 2410; x_wconf 80' lang='lat' dir='ltr'><strong>protestationis</strong></span> <span class='ocrx_word' id='word_1_158' title='bbox 447 2330 642 2394; x_wconf 87' lang='lat' dir='ltr'><strong>mentionem</strong></span> <span class='ocrx_word' id='word_1_159' title='bbox 664 2329 881 2413; x_wconf 89' lang='lat' dir='ltr'><strong>iniiciendam,</strong></span> <span class='ocrx_word' id='word_1_160' title='bbox 910 2331 972 2395; x_wconf 91' lang='lat' dir='ltr'><strong>nisi</strong></span> <span class='ocrx_word' id='word_1_161' title='bbox 995 2330 1126 2417; x_wconf 86' lang='lat' dir='ltr'><strong>aliquod</strong></span> <span class='ocrx_word' id='word_1_162' title='bbox 1150 2330 1210 2396; x_wconf 77' lang='lat' dir='ltr'><strong>Me.</strong></span> <span class='ocrx_word' id='word_1_163' title='bbox 1232 2331 1272 2396; x_wconf 88' lang='lat' dir='ltr'><strong>V.</strong></span> <span class='ocrx_word' id='word_1_164' title='bbox 1296 2330 1328 2396; x_wconf 83' lang='lat' dir='ltr'><strong>S.</strong></span> <span class='ocrx_word' id='word_1_165' title='bbox 1351 2354 1435 2396; x_wconf 88' lang='lat' dir='ltr'><strong>man·</strong></span> 
     </span>
     <span class='ocr_line' id='line_1_19' title="bbox 105 2431 1435 2523; baseline 0.002 -26"><span class='ocrx_word' id='word_1_166' title='bbox 105 2431 224 2498; x_wconf 89' lang='lat' dir='ltr'><strong>datum</strong></span> <span class='ocrx_word' id='word_1_167' title='bbox 244 2435 426 2512; x_wconf 89' lang='lat' dir='ltr'><strong>accesserit,</strong></span> <span class='ocrx_word' id='word_1_168' title='bbox 456 2435 724 2516; x_wconf 85' lang='lat' dir='ltr'><strong>existimavimus,</strong></span> <span class='ocrx_word' id='word_1_169' title='bbox 754 2455 796 2499; x_wconf 92' lang='lat' dir='ltr'><strong>ne</strong></span> <span class='ocrx_word' id='word_1_170' title='bbox 822 2432 1001 2499; x_wconf 82' lang='lat' dir='ltr'><strong>Galliarum</strong></span> <span class='ocrx_word' id='word_1_171' title='bbox 1028 2436 1115 2520; x_wconf 89' lang='lat' dir='ltr'><strong>regis</strong></span> <span class='ocrx_word' id='word_1_172' title='bbox 1144 2443 1286 2499; x_wconf 89' lang='lat' dir='ltr'><strong>oratores</strong></span> <span class='ocrx_word' id='word_1_173' title='bbox 1308 2437 1342 2500; x_wconf 91' lang='lat' dir='ltr'><strong>in</strong></span> <span class='ocrx_word' id='word_1_174' title='bbox 1362 2458 1435 2523; x_wconf 87' lang='lat' dir='ltr'><strong>pro·</strong></span> 
     </span>
     <span class='ocr_line' id='line_1_20' title="bbox 105 2535 1436 2624; baseline 0.002 -22"><span class='ocrx_word' id='word_1_175' title='bbox 105 2535 261 2602; x_wconf 84' lang='lat' dir='ltr'><strong>testando</strong></span> <span class='ocrx_word' id='word_1_176' title='bbox 283 2537 402 2601; x_wconf 89' lang='lat' dir='ltr'><strong>imitari</strong></span> <span class='ocrx_word' id='word_1_177' title='bbox 430 2536 622 2616; x_wconf 80' lang='lat' dir='ltr'><strong>videremur,</strong></span> <span class='ocrx_word' id='word_1_178' title='bbox 651 2545 751 2624; x_wconf 90' lang='lat' dir='ltr'><strong>utque</strong></span> <span class='ocrx_word' id='word_1_179' title='bbox 774 2536 836 2602; x_wconf 90' lang='lat' dir='ltr'><strong>hac</strong></span> <span class='ocrx_word' id='word_1_180' title='bbox 857 2537 982 2604; x_wconf 90' lang='lat' dir='ltr'><strong>ratione</strong></span> <span class='ocrx_word' id='word_1_181' title='bbox 1009 2539 1104 2602; x_wconf 91' lang='lat' dir='ltr'><strong>toties</strong></span> <span class='ocrx_word' id='word_1_182' title='bbox 1126 2536 1219 2603; x_wconf 90' lang='lat' dir='ltr'><strong>nobis</strong></span> <span class='ocrx_word' id='word_1_183' title='bbox 1242 2537 1436 2604; x_wconf 89' lang='lat' dir='ltr'><strong>inculcatam</strong></span> 
     </span>
     <span class='ocr_line' id='line_1_21' title="bbox 104 2639 1436 2727; baseline 0.002 -23"><span class='ocrx_word' id='word_1_184' title='bbox 104 2639 301 2706; x_wconf 88' lang='lat' dir='ltr'><strong>modestiam</strong></span> <span class='ocrx_word' id='word_1_185' title='bbox 324 2662 534 2706; x_wconf 87' lang='lat' dir='ltr'><strong>servaremus.</strong></span> <span class='ocrx_word' id='word_1_186' title='bbox 557 2640 606 2705; x_wconf 91' lang='lat' dir='ltr'><strong>Ill.</strong></span> <span class='ocrx_word' id='word_1_187' title='bbox 629 2640 671 2704; x_wconf 93' lang='lat' dir='ltr'><strong>D.</strong></span> <span class='ocrx_word' id='word_1_188' title='bbox 695 2662 803 2704; x_wconf 90' lang='lat' dir='ltr'><strong>comes</strong></span> <span class='ocrx_word' id='word_1_189' title='bbox 827 2663 846 2705; x_wconf 90' lang='grc'><strong>6</strong></span> <span class='ocrx_word' id='word_1_190' title='bbox 868 2640 964 2705; x_wconf 89' lang='lat' dir='ltr'><strong>Luna</strong></span> <span class='ocrx_word' id='word_1_191' title='bbox 986 2640 1134 2706; x_wconf 89' lang='lat' dir='ltr'><strong>exhibuit</strong></span> <span class='ocrx_word' id='word_1_192' title='bbox 1160 2640 1252 2707; x_wconf 90' lang='lat' dir='ltr'><strong>nobis</strong></span> <span class='ocrx_word' id='word_1_193' title='bbox 1282 2643 1436 2727; x_wconf 90' lang='lat' dir='ltr'><strong>scriptum</strong></span> 
     </span>
     <span class='ocr_line' id='line_1_22' title="bbox 105 2741 1436 2831; baseline 0.003 -25"><span class='ocrx_word' id='word_1_194' title='bbox 105 2741 277 2829; x_wconf 87' lang='lat' dir='ltr'><strong>quoddam</strong></span> <span class='ocrx_word' id='word_1_195' title='bbox 297 2742 530 2829; x_wconf 89' lang='lat' dir='ltr'><strong>perlegendum</strong></span> <span class='ocrx_word' id='word_1_196' title='bbox 553 2741 640 2830; x_wconf 93' lang='lat' dir='ltr'><strong>quod</strong></span> <span class='ocrx_word' id='word_1_197' title='bbox 661 2744 731 2829; x_wconf 90' lang='grc'><strong>1666</strong></span> <span class='ocrx_word' id='word_1_198' title='bbox 755 2765 884 2831; x_wconf 91' lang='lat' dir='ltr'><strong>quoque</strong></span> <span class='ocrx_word' id='word_1_199' title='bbox 905 2753 1061 2830; x_wconf 87' lang='lat' dir='ltr'><strong>tanquam</strong></span> <span class='ocrx_word' id='word_1_200' title='bbox 1083 2742 1185 2809; x_wconf 54' lang='lat' dir='ltr'><strong>catha</strong></span> <span class='ocrx_word' id='word_1_201' title='bbox 1213 2745 1298 2829; x_wconf 88' lang='lat' dir='ltr'><strong>regis</strong></span> <span class='ocrx_word' id='word_1_202' title='bbox 1329 2753 1436 2810; x_wconf 88' lang='lat' dir='ltr'><strong>orator</strong></span> 
     </span>
     <span class='ocr_line' id='line_1_23' title="bbox 105 2844 1435 2933; baseline 0.002 -24"><span class='ocrx_word' id='word_1_203' title='bbox 105 2867 221 2910; x_wconf 91' lang='lat' dir='ltr'><strong>coram</strong></span> <span class='ocrx_word' id='word_1_204' title='bbox 243 2844 388 2932; x_wconf 89' lang='lat' dir='ltr'><strong>patribus</strong></span> <span class='ocrx_word' id='word_1_205' title='bbox 410 2845 534 2932; x_wconf 89' lang='lat' dir='ltr'><strong>perlegi</strong></span> <span class='ocrx_word' id='word_1_206' title='bbox 555 2845 653 2911; x_wconf 91' lang='lat' dir='ltr'><strong>faciet</strong></span> <span class='ocrx_word' id='word_1_207' title='bbox 685 2855 716 2910; x_wconf 92' lang='lat' dir='ltr'><strong>et</strong></span> <span class='ocrx_word' id='word_1_208' title='bbox 738 2845 852 2912; x_wconf 88' lang='lat' dir='ltr'><strong>cadem</strong></span> <span class='ocrx_word' id='word_1_209' title='bbox 886 2869 969 2933; x_wconf 89' lang='lat' dir='ltr'><strong>quae</strong></span> <span class='ocrx_word' id='word_1_210' title='bbox 990 2869 1049 2911; x_wconf 91' lang='lat' dir='ltr'><strong>nos</strong></span> <span class='ocrx_word' id='word_1_211' title='bbox 1064 2855 1161 2932; x_wconf 91' lang='lat' dir='ltr'><strong>petet,</strong></span> <span class='ocrx_word' id='word_1_212' title='bbox 1185 2855 1358 2933; x_wconf 88' lang='lat' dir='ltr'><strong>antequam</strong></span> <span class='ocrx_word' id='word_1_213' title='bbox 1379 2869 1435 2932; x_wconf 94' lang='lat' dir='ltr'><strong>pa-</strong></span> 
     </span>
     <span class='ocr_line' id='line_1_24' title="bbox 105 2948 1433 3036; baseline 0.002 -24"><span class='ocrx_word' id='word_1_214' title='bbox 105 2957 174 3015; x_wconf 87' lang='grc'><strong>1166</strong></span> <span class='ocrx_word' id='word_1_215' title='bbox 198 2970 298 3036; x_wconf 87' lang='lat' dir='ltr'><strong>super</strong></span> <span class='ocrx_word' id='word_1_216' title='bbox 320 2951 426 3036; x_wconf 86' lang='lat' dir='ltr'><strong>capite</strong></span> <span class='ocrx_word' id='word_1_217' title='bbox 449 2948 489 3014; x_wconf 91' lang='lat' dir='ltr'><strong>de</strong></span> <span class='ocrx_word' id='word_1_218' title='bbox 512 2951 692 3036; x_wconf 88' lang='lat' dir='ltr'><strong>principum</strong></span> <span class='ocrx_word' id='word_1_219' title='bbox 714 2949 942 3015; x_wconf 87' lang='lat' dir='ltr'><strong>reformatione</strong></span> <span class='ocrx_word' id='word_1_220' title='bbox 958 2951 1132 3016; x_wconf 88' lang='lat' dir='ltr'><strong>sententias</strong></span> <span class='ocrx_word' id='word_1_221' title='bbox 1148 2948 1255 3014; x_wconf 86' lang='lat' dir='ltr'><strong>dicere</strong></span> <span class='ocrx_word' id='word_1_222' title='bbox 1270 2949 1433 3035; x_wconf 89' lang='lat' dir='ltr'><strong>incipiant.</strong></span> 
     </span>
     <span class='ocr_line' id='line_1_25' title="bbox 105 3051 1434 3139; baseline 0.001 -22"><span class='ocrx_word' id='word_1_223' title='bbox 105 3051 170 3118; x_wconf 93' lang='lat' dir='ltr'><strong>hoc</strong></span> <span class='ocrx_word' id='word_1_224' title='bbox 195 3062 301 3118; x_wconf 86' lang='lat' dir='ltr'><strong>autem</strong></span> <span class='ocrx_word' id='word_1_225' title='bbox 324 3062 495 3139; x_wconf 87' lang='lat' dir='ltr'><strong>propterea</strong></span> <span class='ocrx_word' id='word_1_226' title='bbox 517 3052 701 3118; x_wconf 86' lang='lat' dir='ltr'><strong>faciendum</strong></span> <span class='ocrx_word' id='word_1_227' title='bbox 723 3055 988 3136; x_wconf 85' lang='lat' dir='ltr'><strong>existimavimus,</strong></span> <span class='ocrx_word' id='word_1_228' title='bbox 1019 3054 1096 3139; x_wconf 89' lang='lat' dir='ltr'><strong>quia</strong></span> <span class='ocrx_word' id='word_1_229' title='bbox 1118 3054 1196 3117; x_wconf 88' lang='lat' dir='ltr'><strong>satis</strong></span> <span class='ocrx_word' id='word_1_230' title='bbox 1218 3052 1434 3138; x_wconf 84' lang='lat' dir='ltr'><strong>intellegimus</strong></span> 
     </span>
     <span class='ocr_line' id='line_1_26' title="bbox 106 3154 1435 3243; baseline 0 -21"><span class='ocrx_word' id='word_1_231' title='bbox 106 3179 209 3243; x_wconf 88' lang='lat' dir='ltr'><strong>quam</strong></span> <span class='ocrx_word' id='word_1_232' title='bbox 232 3154 361 3221; x_wconf 88' lang='lat' dir='ltr'><strong>difficile</strong></span> <span class='ocrx_word' id='word_1_233' title='bbox 391 3156 483 3234; x_wconf 88' lang='lat' dir='ltr'><strong>foret,</strong></span> <span class='ocrx_word' id='word_1_234' title='bbox 511 3165 619 3242; x_wconf 88' lang='lat' dir='ltr'><strong>patres</strong></span> <span class='ocrx_word' id='word_1_235' title='bbox 646 3157 735 3242; x_wconf 88' lang='lat' dir='ltr'><strong>ipsos</strong></span> <span class='ocrx_word' id='word_1_236' title='bbox 764 3155 805 3220; x_wconf 92' lang='lat' dir='ltr'><strong>ab</strong></span> <span class='ocrx_word' id='word_1_237' title='bbox 834 3179 872 3222; x_wconf 90' lang='lat' dir='ltr'><strong>ea</strong></span> <span class='ocrx_word' id='word_1_238' title='bbox 901 3157 1059 3221; x_wconf 90' lang='lat' dir='ltr'><strong>sententia</strong></span> <span class='ocrx_word' id='word_1_239' title='bbox 1087 3156 1250 3220; x_wconf 89' lang='lat' dir='ltr'><strong>dimovere</strong></span> <span class='ocrx_word' id='word_1_240' title='bbox 1277 3156 1310 3220; x_wconf 92' lang='lat' dir='ltr'><strong>in</strong></span> <span class='ocrx_word' id='word_1_241' title='bbox 1338 3179 1435 3243; x_wconf 92' lang='lat' dir='ltr'><strong>quam</strong></span> 
     </span>
     <span class='ocr_line' id='line_1_27' title="bbox 105 3258 1433 3347; baseline 0 -23"><span class='ocrx_word' id='word_1_242' title='bbox 105 3263 213 3326; x_wconf 87' lang='lat' dir='ltr'><strong>maior</strong></span> <span class='ocrx_word' id='word_1_243' title='bbox 233 3281 309 3347; x_wconf 90' lang='lat' dir='ltr'><strong>pars</strong></span> <span class='ocrx_word' id='word_1_244' title='bbox 331 3280 441 3323; x_wconf 90' lang='lat' dir='ltr'><strong>eorum</strong></span> <span class='ocrx_word' id='word_1_245' title='bbox 464 3260 534 3323; x_wconf 90' lang='lat' dir='ltr'><strong>iret.</strong></span> <span class='ocrx_word' id='word_1_246' title='bbox 558 3260 677 3324; x_wconf 88' lang='lat' dir='ltr'><strong>scimus</strong></span> <span class='ocrx_word' id='word_1_247' title='bbox 699 3269 806 3324; x_wconf 90' lang='lat' dir='ltr'><strong>autem</strong></span> <span class='ocrx_word' id='word_1_248' title='bbox 828 3259 941 3346; x_wconf 89' lang='lat' dir='ltr'><strong>paucis</strong></span> <span class='ocrx_word' id='word_1_249' title='bbox 964 3261 1108 3345; x_wconf 90' lang='lat' dir='ltr'><strong>exceptis</strong></span> <span class='ocrx_word' id='word_1_250' title='bbox 1138 3281 1177 3322; x_wconf 91' lang='grc'><strong>66</strong></span> <span class='ocrx_word' id='word_1_251' title='bbox 1200 3260 1308 3345; x_wconf 88' lang='grc'><strong>666116</strong></span> <span class='ocrx_word' id='word_1_252' title='bbox 1330 3258 1433 3324; x_wconf 90' lang='lat' dir='ltr'><strong>obviis</strong></span> 
     </span>
     <span class='ocr_line' id='line_1_28' title="bbox 105 3360 1433 3448; baseline -0.002 -20"><span class='ocrx_word' id='word_1_253' title='bbox 105 3362 195 3428; x_wconf 91' lang='lat' dir='ltr'><strong>ulnis</strong></span> <span class='ocrx_word' id='word_1_254' title='bbox 217 3372 411 3448; x_wconf 84' lang='lat' dir='ltr'><strong>excepturos</strong></span> <span class='ocrx_word' id='word_1_255' title='bbox 433 3371 465 3426; x_wconf 87' lang='lat' dir='ltr'><strong>et</strong></span> <span class='ocrx_word' id='word_1_256' title='bbox 486 3360 693 3448; x_wconf 87' lang='lat' dir='ltr'><strong>amplexuros</strong></span> <span class='ocrx_word' id='word_1_257' title='bbox 709 3384 789 3428; x_wconf 89' lang='lat' dir='ltr'><strong>esse.</strong></span> <span class='ocrx_word' id='word_1_258' title='bbox 811 3370 972 3448; x_wconf 89' lang='lat' dir='ltr'><strong>postremo</strong></span> <span class='ocrx_word' id='word_1_259' title='bbox 988 3361 1084 3447; x_wconf 88' lang='lat' dir='ltr'><strong>longe</strong></span> <span class='ocrx_word' id='word_1_260' title='bbox 1098 3362 1202 3426; x_wconf 89' lang='lat' dir='ltr'><strong>maior</strong></span> <span class='ocrx_word' id='word_1_261' title='bbox 1215 3383 1290 3446; x_wconf 89' lang='lat' dir='ltr'><strong>pars</strong></span> <span class='ocrx_word' id='word_1_262' title='bbox 1305 3371 1433 3447; x_wconf 89' lang='lat' dir='ltr'><strong>patrum</strong></span> 
     </span>
     <span class='ocr_line' id='line_1_29' title="bbox 106 3463 1432 3554; baseline 0 -22"><span class='ocrx_word' id='word_1_263' title='bbox 106 3469 164 3554; x_wconf 91' lang='lat' dir='ltr'><strong>qui</strong></span> <span class='ocrx_word' id='word_1_264' title='bbox 187 3467 252 3531; x_wconf 87' lang='lat' dir='ltr'><strong>iam</strong></span> <span class='ocrx_word' id='word_1_265' title='bbox 273 3465 434 3547; x_wconf 87' lang='lat' dir='ltr'><strong>dixerunt,</strong></span> <span class='ocrx_word' id='word_1_266' title='bbox 456 3463 569 3531; x_wconf 92' lang='lat' dir='ltr'><strong>volunt</strong></span> <span class='ocrx_word' id='word_1_267' title='bbox 590 3475 628 3530; x_wconf 90' lang='lat' dir='ltr'><strong>ut</strong></span> <span class='ocrx_word' id='word_1_268' title='bbox 648 3487 767 3530; x_wconf 88' lang='lat' dir='ltr'><strong>novum</strong></span> <span class='ocrx_word' id='word_1_269' title='bbox 791 3474 890 3552; x_wconf 89' lang='lat' dir='ltr'><strong>caput</strong></span> <span class='ocrx_word' id='word_1_270' title='bbox 910 3464 951 3530; x_wconf 92' lang='lat' dir='ltr'><strong>de</strong></span> <span class='ocrx_word' id='word_1_271' title='bbox 975 3465 1186 3531; x_wconf 88' lang='lat' dir='ltr'><strong>cardinalium</strong></span> <span class='ocrx_word' id='word_1_272' title='bbox 1207 3463 1432 3532; x_wconf 88' lang='lat' dir='ltr'><strong>reformatione</strong></span> 
     </span>
     <span class='ocr_line' id='line_1_30' title="bbox 105 3567 1432 3655; baseline -0.002 -21"><span class='ocrx_word' id='word_1_273' title='bbox 105 3570 283 3653; x_wconf 90' lang='lat' dir='ltr'><strong>scribatur,</strong></span> <span class='ocrx_word' id='word_1_274' title='bbox 312 3591 388 3634; x_wconf 87' lang='lat' dir='ltr'><strong>nam</strong></span> <span class='ocrx_word' id='word_1_275' title='bbox 414 3576 544 3655; x_wconf 85' lang='lat' dir='ltr'><strong>praeter</strong></span> <span class='ocrx_word' id='word_1_276' title='bbox 572 3578 605 3634; x_wconf 89' lang='lat' dir='ltr'><strong>et</strong></span> <span class='ocrx_word' id='word_1_277' title='bbox 631 3567 726 3634; x_wconf 90' lang='lat' dir='ltr'><strong>huius</strong></span> <span class='ocrx_word' id='word_1_278' title='bbox 754 3570 839 3634; x_wconf 87' lang='lat' dir='ltr'><strong>sacri</strong></span> <span class='ocrx_word' id='word_1_279' title='bbox 873 3568 1002 3634; x_wconf 89' lang='lat' dir='ltr'><strong>concilii</strong></span> <span class='ocrx_word' id='word_1_280' title='bbox 1030 3579 1062 3634; x_wconf 90' lang='grc'><strong>61</strong></span> <span class='ocrx_word' id='word_1_281' title='bbox 1084 3578 1214 3633; x_wconf 85' lang='grc'><strong>66116166</strong></span> <span class='ocrx_word' id='word_1_282' title='bbox 1237 3567 1432 3633; x_wconf 88' lang='lat' dir='ltr'><strong>cardinalitii</strong></span> 
     </span>
     <span class='ocr_line' id='line_1_31' title="bbox 108 3670 1430 3762; baseline 0 -24"><span class='ocrx_word' id='word_1_283' title='bbox 108 3674 299 3762; x_wconf 88' lang='lat' dir='ltr'><strong>dignitatem</strong></span> <span class='ocrx_word' id='word_1_284' title='bbox 323 3673 466 3760; x_wconf 87' lang='lat' dir='ltr'><strong>satisque</strong></span> <span class='ocrx_word' id='word_1_285' title='bbox 488 3670 631 3740; x_wconf 86' lang='lat' dir='ltr'><strong>involute</strong></span> <span class='ocrx_word' id='word_1_286' title='bbox 653 3675 686 3736; x_wconf 92' lang='lat' dir='ltr'><strong>in</strong></span> <span class='ocrx_word' id='word_1_287' title='bbox 707 3673 811 3759; x_wconf 88' lang='lat' dir='ltr'><strong>primo</strong></span> <span class='ocrx_word' id='word_1_288' title='bbox 833 3672 939 3758; x_wconf 88' lang='lat' dir='ltr'><strong>capite</strong></span> <span class='ocrx_word' id='word_1_289' title='bbox 954 3672 1188 3738; x_wconf 88' lang='lat' dir='ltr'><strong>reformationis</strong></span> <span class='ocrx_word' id='word_1_290' title='bbox 1203 3672 1340 3757; x_wconf 90' lang='lat' dir='ltr'><strong>deipsis</strong></span> <span class='ocrx_word' id='word_1_291' title='bbox 1356 3694 1430 3757; x_wconf 86' lang='lat' dir='ltr'><strong>age·</strong></span> 
     </span>
     <span class='ocr_line' id='line_1_32' title="bbox 105 3774 1433 3862; baseline -0.002 -20"><span class='ocrx_word' id='word_1_292' title='bbox 105 3776 215 3843; x_wconf 88' lang='lat' dir='ltr'><strong>batur.</strong></span> <span class='ocrx_word' id='word_1_293' title='bbox 239 3798 281 3840; x_wconf 87' lang='lat' dir='ltr'><strong>ex</strong></span> <span class='ocrx_word' id='word_1_294' title='bbox 301 3777 453 3841; x_wconf 88' lang='lat' dir='ltr'><strong>universo</strong></span> <span class='ocrx_word' id='word_1_295' title='bbox 475 3784 584 3841; x_wconf 87' lang='lat' dir='ltr'><strong>tamen</strong></span> <span class='ocrx_word' id='word_1_296' title='bbox 605 3785 734 3862; x_wconf 88' lang='lat' dir='ltr'><strong>patrum</strong></span> <span class='ocrx_word' id='word_1_297' title='bbox 756 3797 889 3840; x_wconf 89' lang='lat' dir='ltr'><strong>numero</strong></span> <span class='ocrx_word' id='word_1_298' title='bbox 912 3777 968 3860; x_wconf 91' lang='lat' dir='ltr'><strong>qui</strong></span> <span class='ocrx_word' id='word_1_299' title='bbox 989 3774 1042 3841; x_wconf 91' lang='lat' dir='ltr'><strong>hic</strong></span> <span class='ocrx_word' id='word_1_300' title='bbox 1064 3775 1183 3842; x_wconf 90' lang='lat' dir='ltr'><strong>adsunt</strong></span> <span class='ocrx_word' id='word_1_301' title='bbox 1204 3775 1262 3840; x_wconf 91' lang='lat' dir='ltr'><strong>vix</strong></span> <span class='ocrx_word' id='word_1_302' title='bbox 1277 3776 1359 3842; x_wconf 87' lang='lat' dir='ltr'><strong>duos</strong></span> <span class='ocrx_word' id='word_1_303' title='bbox 1376 3783 1433 3840; x_wconf 89' lang='lat' dir='ltr'><strong>aut</strong></span> 
     </span>
     <span class='ocr_line' id='line_1_33' title="bbox 108 3877 1429 3967; baseline -0.001 -22"><span class='ocrx_word' id='word_1_304' title='bbox 108 3890 176 3946; x_wconf 87' lang='lat' dir='ltr'><strong>tres</strong></span> <span class='ocrx_word' id='word_1_305' title='bbox 199 3877 383 3945; x_wconf 87' lang='lat' dir='ltr'><strong>audivimus</strong></span> <span class='ocrx_word' id='word_1_306' title='bbox 408 3879 462 3967; x_wconf 91' lang='lat' dir='ltr'><strong>qui</strong></span> <span class='ocrx_word' id='word_1_307' title='bbox 485 3877 697 3945; x_wconf 88' lang='lat' dir='ltr'><strong>cardinalium</strong></span> <span class='ocrx_word' id='word_1_308' title='bbox 719 3901 886 3943; x_wconf 81' lang='lat' dir='ltr'><strong>numerum</strong></span> <span class='ocrx_word' id='word_1_309' title='bbox 908 3887 1030 3943; x_wconf 89' lang='lat' dir='ltr'><strong>certum</strong></span> <span class='ocrx_word' id='word_1_310' title='bbox 1053 3888 1084 3944; x_wconf 88' lang='lat' dir='ltr'><strong>et</strong></span> <span class='ocrx_word' id='word_1_311' title='bbox 1101 3878 1265 3944; x_wconf 90' lang='lat' dir='ltr'><strong>definitum</strong></span> <span class='ocrx_word' id='word_1_312' title='bbox 1288 3901 1359 3945; x_wconf 89' lang='lat' dir='ltr'><strong>esse</strong></span> <span class='ocrx_word' id='word_1_313' title='bbox 1373 3901 1429 3944; x_wconf 92' lang='lat' dir='ltr'><strong>vo·</strong></span> 
     </span>
     <span class='ocr_line' id='line_1_34' title="bbox 107 3980 1429 4069; baseline -0.001 -22"><span class='ocrx_word' id='word_1_314' title='bbox 107 3983 251 4049; x_wconf 88' lang='lat' dir='ltr'><strong>luissent.</strong></span> <span class='ocrx_word' id='word_1_315' title='bbox 275 3992 374 4069; x_wconf 88' lang='lat' dir='ltr'><strong>caput</strong></span> <span class='ocrx_word' id='word_1_316' title='bbox 401 3981 442 4048; x_wconf 92' lang='grc'><strong>(16</strong></span> <span class='ocrx_word' id='word_1_317' title='bbox 462 3980 647 4068; x_wconf 86' lang='lat' dir='ltr'><strong>pluralitate</strong></span> <span class='ocrx_word' id='word_1_318' title='bbox 673 3981 903 4048; x_wconf 87' lang='lat' dir='ltr'><strong>beneficiorum</strong></span> <span class='ocrx_word' id='word_1_319' title='bbox 932 3981 1019 4068; x_wconf 92' lang='lat' dir='ltr'><strong>quod</strong></span> <span class='ocrx_word' id='word_1_320' title='bbox 1047 3983 1213 4048; x_wconf 87' lang='grc'><strong>66118111</strong></span> <span class='ocrx_word' id='word_1_321' title='bbox 1237 3983 1358 4064; x_wconf 89' lang='lat' dir='ltr'><strong>ordine,</strong></span> <span class='ocrx_word' id='word_1_322' title='bbox 1382 4004 1429 4047; x_wconf 91' lang='lat' dir='ltr'><strong>re-</strong></span> 
     </span>
     <span class='ocr_line' id='line_1_35' title="bbox 106 4083 1431 4173; baseline -0.002 -23"><span class='ocrx_word' id='word_1_323' title='bbox 106 4085 299 4153; x_wconf 89' lang='lat' dir='ltr'><strong>formabitur</strong></span> <span class='ocrx_word' id='word_1_324' title='bbox 320 4085 366 4150; x_wconf 87' lang='lat' dir='ltr'><strong>ita</strong></span> <span class='ocrx_word' id='word_1_325' title='bbox 386 4094 423 4150; x_wconf 91' lang='lat' dir='ltr'><strong>ut</strong></span> <span class='ocrx_word' id='word_1_326' title='bbox 443 4083 499 4150; x_wconf 90' lang='lat' dir='ltr'><strong>illa</strong></span> <span class='ocrx_word' id='word_1_327' title='bbox 520 4087 679 4171; x_wconf 87' lang='lat' dir='ltr'><strong>posterior</strong></span> <span class='ocrx_word' id='word_1_328' title='bbox 699 4108 776 4172; x_wconf 90' lang='lat' dir='ltr'><strong>pars</strong></span> <span class='ocrx_word' id='word_1_329' title='bbox 799 4084 921 4151; x_wconf 90' lang='lat' dir='ltr'><strong>decreti</strong></span> <span class='ocrx_word' id='word_1_330' title='bbox 943 4107 1026 4173; x_wconf 91' lang='lat' dir='ltr'><strong>quae</strong></span> <span class='ocrx_word' id='word_1_331' title='bbox 1048 4083 1163 4150; x_wconf 89' lang='lat' dir='ltr'><strong>multas</strong></span> <span class='ocrx_word' id='word_1_332' title='bbox 1185 4084 1218 4148; x_wconf 94' lang='lat' dir='ltr'><strong>in</strong></span> <span class='ocrx_word' id='word_1_333' title='bbox 1242 4108 1276 4148; x_wconf 90' lang='lat' dir='ltr'><strong>sc</strong></span> <span class='ocrx_word' id='word_1_334' title='bbox 1293 4085 1431 4149; x_wconf 89' lang='lat' dir='ltr'><strong>contine-</strong></span> 
     </span>
     <span class='ocr_line' id='line_1_36' title="bbox 106 4185 1430 4276; baseline -0.005 -18"><span class='ocrx_word' id='word_1_335' title='bbox 106 4191 166 4258; x_wconf 90' lang='lat' dir='ltr'><strong>bat</strong></span> <span class='ocrx_word' id='word_1_336' title='bbox 188 4191 406 4276; x_wconf 87' lang='lat' dir='ltr'><strong>exceptiones,</strong></span> <span class='ocrx_word' id='word_1_337' title='bbox 431 4187 471 4254; x_wconf 91' lang='lat' dir='ltr'><strong>de</strong></span> <span class='ocrx_word' id='word_1_338' title='bbox 493 4211 672 4275; x_wconf 87' lang='lat' dir='ltr'><strong>pauperum</strong></span> <span class='ocrx_word' id='word_1_339' title='bbox 696 4188 818 4255; x_wconf 87' lang='lat' dir='ltr'><strong>scilicet</strong></span> <span class='ocrx_word' id='word_1_340' title='bbox 839 4189 1064 4274; x_wconf 89' lang='lat' dir='ltr'><strong>episcoporum</strong></span> <span class='ocrx_word' id='word_1_341' title='bbox 1086 4199 1118 4253; x_wconf 85' lang='lat' dir='ltr'><strong>et</strong></span> <span class='ocrx_word' id='word_1_342' title='bbox 1131 4185 1345 4273; x_wconf 88' lang='lat' dir='ltr'><strong>parochorum</strong></span> <span class='ocrx_word' id='word_1_343' title='bbox 1360 4209 1430 4273; x_wconf 91' lang='grc'><strong>616-</strong></span> 
     </span>
     <span class='ocr_line' id='line_1_37' title="bbox 109 4290 1429 4378; baseline -0.002 -20"><span class='ocrx_word' id='word_1_344' title='bbox 109 4295 243 4372; x_wconf 89' lang='lat' dir='ltr'><strong>visione,</strong></span> <span class='ocrx_word' id='word_1_345' title='bbox 266 4291 398 4358; x_wconf 88' lang='lat' dir='ltr'><strong>arbitrio</strong></span> <span class='ocrx_word' id='word_1_346' title='bbox 422 4293 538 4356; x_wconf 88' lang='lat' dir='ltr'><strong>summi</strong></span> <span class='ocrx_word' id='word_1_347' title='bbox 560 4291 720 4378; x_wconf 91' lang='lat' dir='ltr'><strong>pontificis</strong></span> <span class='ocrx_word' id='word_1_348' title='bbox 742 4290 949 4378; x_wconf 72' lang='lat' dir='ltr'><strong>relinquatur,</strong></span> <span class='ocrx_word' id='word_1_349' title='bbox 976 4293 1167 4378; x_wconf 89' lang='lat' dir='ltr'><strong>praesertim</strong></span> <span class='ocrx_word' id='word_1_350' title='bbox 1194 4313 1267 4356; x_wconf 90' lang='lat' dir='ltr'><strong>cum</strong></span> <span class='ocrx_word' id='word_1_351' title='bbox 1297 4314 1335 4356; x_wconf 92' lang='grc'><strong>66</strong></span> <span class='ocrx_word' id='word_1_352' title='bbox 1357 4313 1429 4377; x_wconf 78' lang='lat' dir='ltr'><strong>ege</strong></span> 
     </span>
     <span class='ocr_line' id='line_1_38' title="bbox 108 4393 1430 4483; baseline -0.005 -19"><span class='ocrx_word' id='word_1_353' title='bbox 108 4409 174 4464; x_wconf 88' lang='lat' dir='ltr'><strong>stas</strong></span> <span class='ocrx_word' id='word_1_354' title='bbox 195 4395 428 4483; x_wconf 85' lang='lat' dir='ltr'><strong>Neapolitanas</strong></span> <span class='ocrx_word' id='word_1_355' title='bbox 451 4404 483 4460; x_wconf 92' lang='lat' dir='ltr'><strong>et</strong></span> <span class='ocrx_word' id='word_1_356' title='bbox 504 4394 587 4460; x_wconf 93' lang='lat' dir='ltr'><strong>Urbi</strong></span> <span class='ocrx_word' id='word_1_357' title='bbox 609 4397 733 4460; x_wconf 87' lang='lat' dir='ltr'><strong>vicinas</strong></span> <span class='ocrx_word' id='word_1_358' title='bbox 756 4395 920 4479; x_wconf 87' lang='lat' dir='ltr'><strong>ecclesias,</strong></span> <span class='ocrx_word' id='word_1_359' title='bbox 950 4417 1053 4481; x_wconf 90' lang='lat' dir='ltr'><strong>quam·</strong></span> <span class='ocrx_word' id='word_1_360' title='bbox 1074 4395 1108 4459; x_wconf 90' lang='lat' dir='ltr'><strong>in</strong></span> <span class='ocrx_word' id='word_1_361' title='bbox 1139 4393 1209 4459; x_wconf 90' lang='lat' dir='ltr'><strong>aliis</strong></span> <span class='ocrx_word' id='word_1_362' title='bbox 1239 4393 1319 4460; x_wconf 90' lang='lat' dir='ltr'><strong>locis</strong></span> <span class='ocrx_word' id='word_1_363' title='bbox 1347 4395 1430 4459; x_wconf 91' lang='lat' dir='ltr'><strong>exis-</strong></span> 
     </span>
     <span class='ocr_line' id='line_1_39' title="bbox 108 4497 1430 4588; baseline -0.005 -20"><span class='ocrx_word' id='word_1_364' title='bbox 108 4511 212 4568; x_wconf 88' lang='lat' dir='ltr'><strong>tentes</strong></span> <span class='ocrx_word' id='word_1_365' title='bbox 234 4504 337 4588; x_wconf 88' lang='lat' dir='ltr'><strong>magis</strong></span> <span class='ocrx_word' id='word_1_366' title='bbox 366 4498 518 4565; x_wconf 90' lang='lat' dir='ltr'><strong>infestare</strong></span> <span class='ocrx_word' id='word_1_367' title='bbox 541 4498 675 4566; x_wconf 90' lang='lat' dir='ltr'><strong>dicatur.</strong></span> <span class='ocrx_word' id='word_1_368' title='bbox 711 4498 752 4564; x_wconf 94' lang='grc'><strong>(16</strong></span> <span class='ocrx_word' id='word_1_369' title='bbox 782 4497 853 4563; x_wconf 87' lang='lat' dir='ltr'><strong>aliis</strong></span> <span class='ocrx_word' id='word_1_370' title='bbox 882 4497 1024 4564; x_wconf 82' lang='grc'><strong>6111611116</strong></span> <span class='ocrx_word' id='word_1_371' title='bbox 1052 4521 1153 4585; x_wconf 90' lang='lat' dir='ltr'><strong>parvo</strong></span> <span class='ocrx_word' id='word_1_372' title='bbox 1181 4497 1292 4563; x_wconf 89' lang='lat' dir='ltr'><strong>labore</strong></span> <span class='ocrx_word' id='word_1_373' title='bbox 1321 4507 1430 4584; x_wconf 84' lang='lat' dir='ltr'><strong>patres</strong></span> 
     </span>
     <span class='ocr_line' id='line_1_40' title="bbox 109 4603 572 4674; baseline -0.015 -2"><span class='ocrx_word' id='word_1_374' title='bbox 109 4625 322 4672; x_wconf 85' lang='lat' dir='ltr'><strong>consensuros</strong></span> <span class='ocrx_word' id='word_1_375' title='bbox 344 4603 524 4674; x_wconf 87' lang='lat' dir='ltr'><strong>credimus.</strong></span> <span class='ocrx_word' id='word_1_376' title='bbox 540 4651 548 4667; x_wconf 95' lang='lat'>.</span> <span class='ocrx_word' id='word_1_377' title='bbox 566 4651 572 4665; x_wconf 94' lang='lat'>.</span> 
     </span>
    </p>
   </div>
   <div class='ocr_carea' id='block_1_4' title="bbox 175 4791 1430 5120">
    <p class='ocr_par' dir='ltr' id='par_1_5' title="bbox 175 4791 1430 5120">
     <span class='ocr_line' id='line_1_41' title="bbox 241 4791 1427 4858; baseline -0.004 -13"><span class='ocrx_word' id='word_1_378' title='bbox 241 4795 356 4845; x_wconf 81' lang='lat' dir='ltr'><strong>Benutzt</strong></span> <span class='ocrx_word' id='word_1_379' title='bbox 373 4793 681 4858; x_wconf 66' lang='lat' dir='ltr'><strong>turonensem.</strong></span> <span class='ocrx_word' id='word_1_380' title='bbox 712 4793 764 4846; x_wconf 88' lang='lat' dir='ltr'><strong>Die</strong></span> <span class='ocrx_word' id='word_1_381' title='bbox 781 4792 856 4846; x_wconf 83' lang='lat' dir='ltr'><strong>Reda</strong></span> <span class='ocrx_word' id='word_1_382' title='bbox 874 4793 990 4845; x_wconf 83' lang='lat' dir='ltr'><strong>Ferrisrs</strong></span> <span class='ocrx_word' id='word_1_383' title='bbox 1019 4795 1047 4844; x_wconf 86' lang='grc'><strong>111</strong></span> <span class='ocrx_word' id='word_1_384' title='bbox 1072 4793 1111 4844; x_wconf 86' lang='lat' dir='ltr'><strong>Le</strong></span> <span class='ocrx_word' id='word_1_385' title='bbox 1129 4793 1190 4844; x_wconf 89' lang='lat' dir='ltr'><strong>Plat</strong></span> <span class='ocrx_word' id='word_1_386' title='bbox 1216 4795 1240 4854; x_wconf 85' lang='grc'><strong>6,</strong></span> <span class='ocrx_word' id='word_1_387' title='bbox 1267 4794 1329 4854; x_wconf 82' lang='lat'><strong>233;</strong></span> <span class='ocrx_word' id='word_1_388' title='bbox 1359 4791 1427 4842; x_wconf 77' lang='lat' dir='ltr'><strong>darn</strong></span> 
     </span>
     <span class='ocr_line' id='line_1_42' title="bbox 175 4873 1430 4946; baseline -0.003 -14"><span class='ocrx_word' id='word_1_389' title='bbox 175 4881 317 4932; x_wconf 83' lang='lat' dir='ltr'><strong>Mendham</strong></span> <span class='ocrx_word' id='word_1_390' title='bbox 334 4881 401 4944; x_wconf 74' lang='lat'><strong>6083</strong></span> <span class='ocrx_word' id='word_1_391' title='bbox 419 4879 533 4932; x_wconf 89' lang='lat' dir='ltr'><strong>Beccad.</strong></span> <span class='ocrx_word' id='word_1_392' title='bbox 554 4882 616 4943; x_wconf 80' lang='lat'><strong>125;</strong></span> <span class='ocrx_word' id='word_1_393' title='bbox 635 4879 710 4946; x_wconf 84' lang='lat' dir='ltr'><strong>Sarpi</strong></span> <span class='ocrx_word' id='word_1_394' title='bbox 729 4883 787 4932; x_wconf 78' lang='grc'>753.</span> <span class='ocrx_word' id='word_1_395' title='bbox 806 4908 838 4918; x_wconf 95' lang='grc'>-</span> <span class='ocrx_word' id='word_1_396' title='bbox 856 4879 917 4932; x_wconf 87' lang='lat' dir='ltr'><strong>Von</strong></span> <span class='ocrx_word' id='word_1_397' title='bbox 934 4873 1040 4931; x_wconf 88' lang='lat' dir='ltr'><strong>Brielen</strong></span> <span class='ocrx_word' id='word_1_398' title='bbox 1057 4879 1104 4932; x_wconf 90' lang='lat' dir='ltr'><strong>des</strong></span> <span class='ocrx_word' id='word_1_399' title='bbox 1124 4879 1222 4932; x_wconf 81' lang='lat' dir='ltr'><strong>Grafen</strong></span> <span class='ocrx_word' id='word_1_400' title='bbox 1233 4880 1309 4929; x_wconf 82' lang='lat' dir='ltr'><strong>Luna</strong></span> <span class='ocrx_word' id='word_1_401' title='bbox 1327 4893 1361 4929; x_wconf 88' lang='lat' dir='ltr'><strong>an</strong></span> <span class='ocrx_word' id='word_1_402' title='bbox 1379 4879 1430 4928; x_wconf 88' lang='lat' dir='ltr'><strong>den</strong></span> 
     </span>
     <span class='ocr_line' id='line_1_43' title="bbox 176 4966 1427 5034; baseline -0.004 -15"><span class='ocrx_word' id='word_1_403' title='bbox 176 4968 270 5019; x_wconf 83' lang='lat' dir='ltr'><strong>Kaisar</strong></span> <span class='ocrx_word' id='word_1_404' title='bbox 287 4968 374 5033; x_wconf 84' lang='lat' dir='ltr'><strong>lisgcn</strong></span> <span class='ocrx_word' id='word_1_405' title='bbox 392 4969 419 5018; x_wconf 91' lang='lat' dir='ltr'><strong>in</strong></span> <span class='ocrx_word' id='word_1_406' title='bbox 437 4968 489 5018; x_wconf 89' lang='grc'><strong>(1611</strong></span> <span class='ocrx_word' id='word_1_407' title='bbox 507 4967 537 5018; x_wconf 78' lang='lat'><strong>0.</strong></span> <span class='ocrx_word' id='word_1_408' title='bbox 555 4967 587 5018; x_wconf 84' lang='grc' dir='ltr'><strong>Δ.</strong></span> <span class='ocrx_word' id='word_1_409' title='bbox 605 4966 729 5033; x_wconf 83' lang='lat' dir='ltr'><strong>folgende</strong></span> <span class='ocrx_word' id='word_1_410' title='bbox 747 4967 869 5034; x_wconf 78' lang='lat' dir='ltr'><strong>Auertiga</strong></span> <span class='ocrx_word' id='word_1_411' title='bbox 887 4981 946 5019; x_wconf 89' lang='lat' dir='ltr'><strong>vor:</strong></span> <span class='ocrx_word' id='word_1_412' title='bbox 966 4966 993 5032; x_wconf 85' lang='grc'><strong>(9</strong></span> <span class='ocrx_word' id='word_1_413' title='bbox 1006 4966 1088 5032; x_wconf 80' lang='lat' dir='ltr'><strong>Sept)</strong></span> <span class='ocrx_word' id='word_1_414' title='bbox 1102 4967 1232 5017; x_wconf 85' lang='lat' dir='ltr'><strong>existimat</strong></span> <span class='ocrx_word' id='word_1_415' title='bbox 1244 4967 1427 5015; x_wconf 69' lang='lat' dir='ltr'><strong>mactationem</strong></span> 
     </span>
     <span class='ocr_line' id='line_1_44' title="bbox 175 5050 1427 5120; baseline -0.004 -15"><span class='ocrx_word' id='word_1_416' title='bbox 175 5053 327 5120; x_wconf 80' lang='lat' dir='ltr'><strong>dogmatum</strong></span> <span class='ocrx_word' id='word_1_417' title='bbox 343 5053 529 5108; x_wconf 79' lang='lat' dir='ltr'><strong>absolvendam</strong></span> <span class='ocrx_word' id='word_1_418' title='bbox 546 5055 616 5106; x_wconf 83' lang='lat' dir='ltr'><strong>intra</strong></span> <span class='ocrx_word' id='word_1_419' title='bbox 635 5053 727 5106; x_wconf 83' lang='lat' dir='ltr'><strong>lovel</strong></span> <span class='ocrx_word' id='word_1_420' title='bbox 746 5056 778 5106; x_wconf 81' lang='lat'><strong>12</strong></span> <span class='ocrx_word' id='word_1_421' title='bbox 797 5053 853 5106; x_wconf 87' lang='lat' dir='ltr'><strong>dies</strong></span> <span class='ocrx_word' id='word_1_422' title='bbox 872 5058 898 5105; x_wconf 92' lang='lat' dir='ltr'><strong>st</strong></span> <span class='ocrx_word' id='word_1_423' title='bbox 915 5057 1009 5120; x_wconf 85' lang='grc'><strong>666166</strong></span> <span class='ocrx_word' id='word_1_424' title='bbox 1026 5052 1157 5119; x_wconf 83' lang='lat' dir='ltr'><strong>agendum</strong></span> <span class='ocrx_word' id='word_1_425' title='bbox 1175 5051 1209 5103; x_wconf 87' lang='lat' dir='ltr'><strong>de</strong></span> <span class='ocrx_word' id='word_1_426' title='bbox 1227 5050 1427 5116; x_wconf 75' lang='lat' dir='ltr'><strong>reformation03</strong></span> 
     </span>
    </p>
   </div>
   <div class='ocr_carea' id='block_1_5' title="bbox 0 0 1760 5838">
    <p class='ocr_par' dir='ltr' id='par_1_6' title="bbox 0 0 1760 5838">
     <span class='ocr_line' id='line_1_45' title="bbox 0 0 1760 5838; baseline 0 1"><span class='ocrx_word' id='word_1_427' title='bbox 0 0 1760 5838; x_wconf 95' lang='lat' dir='ltr'><strong> </strong></span> 
     </span>
    </p>
   </div>
  </div>
 </body>
</html>
