3460 5826
1345 493 1406 562 m

183 687 350 754 Postremo
380 686 542 753 redditum
571 698 621 752 est
650 686 743 752 nobis
769 683 865 750 aR‘0
888 687 1007 753 nuncio
1038 685 1215 774 apostolico
1245 686 1408 778 scriptum,

5 829 6 833 =
93 814 147 880 quo
169 814 280 857 rursus
309 792 478 858 nobiscum
507 792 636 856 nomine
667 787 925 876 supradictorum
948 787 1052 854 R⁰¹⁰''¹'¹
1078 789 1258 875 legatorum
1281 786 1408 854 concilii

5 906 9 957 :
91 897 149 981 egit
169 894 210 962 de
232 897 338 982 priore
360 895 498 981 negocio
522 893 781 981 superioritatem
803 914 910 980 papae
942 893 1059 958 summi
1086 892 1247 981 pontificis
1276 901 1308 958 et
1335 914 1408 958 con·

4 1042 5 1074 ,
90 997 147 1064 cilii
168 1009 394 1080 concernente,
418 997 458 1063 de
481 1019 544 1085 quo
567 995 660 1061 vobis
684 995 822 1062 antebac
844 997 1016 1082 negocium
1038 995 1185 1062 dedimus
1207 1006 1243 1061 ut
1257 1005 1407 1062 nacters-

88 1103 124 1166 tis
151 1123 224 1166 cum
253 1103 420 1188 utriusque
453 1100 593 1166 nationis
625 1098 788 1185 praelatis,
812 1099 967 1185 Hispanis
990 1098 1113 1165 scilicet
1141 1107 1173 1164 et
1202 1097 1316 1166 Gallis.
1351 1101 1409 1165 etsi

87 1213 187 1270 autem
210 1203 306 1289 longe
329 1201 496 1268 mallemus
518 1201 603 1266 hanc
626 1200 875 1288 disputationem
889 1224 1020 1288 prorsus
1036 1205 1190 1268 intactam
1206 1212 1238 1268 et
1252 1201 1409 1289 sepultam

86 1307 231 1395 relinqui,
255 1305 516 1393 quandoquidem
538 1327 597 1391 pro
613 1325 651 1370 ea
673 1303 763 1369 filiali
778 1305 984 1370 observantia
1006 1327 1071 1392 qua
1086 1304 1163 1370 ΒΜ
1179 1306 1220 1370 Ι).
1236 1305 1275 1370 Ν.
1292 1308 1405 1372 merito

85 1412 309 1500 prosequimur
332 1409 557 1476 auctoritatem
577 1415 613 1470 et
633 1413 826 1494 potestatem
850 1405 889 1472 ss
912 1405 944 1472 S.
968 1417 1202 1495 competentem
1217 1418 1250 1474 et
1265 1407 1409 1475 debitam

1 1519 2 1548 l
86 1524 204 1578 sartam
226 1522 411 1600 tectamque
434 1511 619 1575 conservari
650 1509 812 1598 cupimus,
848 1511 1119 1598 quemadmodum
1149 1511 1246 1576 etiam
1277 1534 1336 1576 nos
1366 1511 1407 1575 ad

1 1663 2 1684 t
84 1619 236 1686 tuendam
260 1627 292 1683 et
313 1611 584 1682 manutenendam
607 1635 677 1678 eam
708 1636 750 1680 ex
773 1611 871 1679 officii
900 1616 1001 1681 nostri
1032 1616 1175 1680 caesarei
1207 1614 1316 1684 debito
1342 1622 1410 1679 ten·

1 1709 2 1712 ¹
83 1745 178 1810 quam
203 1743 389 1808 supremum
413 1717 610 1786 advocatum
631 1726 664 1782 et
692 1726 907 1804 protectorem
934 1719 1036 1804 ipsius
1065 1719 1167 1784 teneri
1196 1718 1411 1803 agnoscimus,

1 1881 2 1884 ,
83 1826 255 1892 ediverso
287 1835 393 1888 autem
419 1820 577 1888 nollemus
604 1841 732 1908 quoque
749 1843 770 1884 a
791 1821 835 1886 8²·
858 1823 927 1886 eius
943 1822 1166 1886 auctoritatem
1197 1842 1289 1885 sacro
1319 1841 1412 1886 oecu-

81 1930 207 1992 menico
231 1927 369 1993 concilio
393 1924 535 1991 debitam
558 1934 590 1990 et
612 1933 847 2010 competentem
869 1926 1051 2013 impugnari
1074 1924 1264 1990 labefactari
1287 1933 1320 1989 et
1340 1945 1412 2010 pes-

81 2029 237 2115 sumdari,
260 2053 334 2096 uam
356 2033 383 2094 si
406 2029 457 2096 S‘¹¹
480 2029 549 2095 eius
571 2027 652 2092 haec
676 2037 761 2093 esset
784 2029 927 2112 intentio,
951 2051 1011 2094 nos
1033 2027 1075 2094 ab
1103 2027 1231 2094 illorum
1255 2026 1411 2102 sententia

80 2137 135 2223 qui
158 2133 316 2202 credituri
332 2143 440 2200 essent
454 2133 489 2198 id
504 2130 544 2198 Se
563 2135 632 2198 eius
647 2155 711 2197 non
727 2131 825 2197 licere
842 2132 1007 2198 discedere
1022 2156 1088 2198 non
1102 2154 1285 2219 possemus3
1300 2154 1413 2198 verum

1 2281 2 2290 ι
71 2241 247 2306 enimvero
280 2248 316 2303 ut
349 2259 555 2304 occurramus
589 2235 697 2324 quoad
726 2238 794 2302 eius
832 2259 975 2325 unquam
1014 2259 1073 2325 per
1113 2259 1173 2304 nos
1206 2235 1275 2300 fieri
1307 2245 1414 2323 potest

1 2377 25 2426 ,v
79 2343 233 2408 omnibus
256 2341 569 2418 inconvenientibus,
606 2338 700 2405 vobis
722 2361 809 2404 nuuc
829 2340 944 2405 iterum
968 2339 1142 2406 clementer
1163 2341 1358 2426 iniungimus
1381 2349 1416 2403 ut

1 2461 2 2516 ξ
77 2447 165 2512 hanc
187 2469 257 2512 rem
280 2469 353 2511 cum
376 2445 470 2510 dictis
493 2443 646 2532 praelatis
669 2443 824 2529 Hispanis
848 2453 879 2509 et
902 2441 1007 2509 Gallis
1031 2449 1117 2510 omni
1147 2466 1225 2510 cura
1254 2452 1285 2507 et
1308 2441 1413 2508 studio

38 2583 44 2599 ·
78 2551 229 2616 tractetis
252 2551 363 2638 eisque
386 2559 535 2614 auctores
564 2556 596 2612 et
624 2569 770 2611 suasores
800 2548 868 2612 sitis
892 2557 927 2612 ut
954 2570 1064 2612 omnes
1095 2548 1315 2636 disquirantur
1341 2551 1414 2614 viae

78 2665 109 2720 et
129 2654 285 2737 rationes,
308 2676 349 2720 ne
371 2675 503 2718 necesse
527 2653 568 2718 sit
590 2649 632 2716 ad
660 2653 743 2716 hanc
763 2649 1154 2738 disputationem‘directe
1176 2651 1229 2718 vel
1250 2674 1309 2739 per
1330 2651 1410 2717 indi-

77 2767 209 2823 rectum
230 2757 410 2844 pervenire,
433 2756 598 2843 quinimo
622 2753 810 2822 consultatis
833 2754 999 2839 cumillis,
1031 2777 1072 2820 an
1094 2778 1159 2820 non
1182 2755 1350 2841 expediret
1371 2755 1415 2820 ad

78 2859 272 2926 evitandam
295 2859 533 2926 odiosissimum
556 2869 588 2925 et
610 2858 914 2945 periculosissimam
943 2859 1030 2925 illam
1061 2859 1283 2947 quaestionem
1305 2860 1338 2923 in
1361 2859 1415 2926 de·

78 2973 172 3029 creto
204 2962 400 3050 publicando
430 2963 470 3029 de
499 2970 703 3029 sacramento
734 2961 854 3028 ordinis
884 2966 1031 3051 quintum
1058 2971 1157 3050 caput
1184 2961 1349 3029 doctrinae
1376 2985 1417 3030 ac

77 3070 255 3157 septimum
278 3077 310 3133 et
332 3077 481 3134 octavum
505 3089 663 3134 canonem
686 3069 790 3133 omitti
813 3069 865 3134 vel
888 3068 1002 3134 saltem
1030 3066 1201 3156 expunctis
1227 3065 1337 3132 verbis
1359 3065 1414 3132 ali·

78 3173 204 3260 quibus
235 3171 411 3255 moderari,
442 3182 475 3238 et
504 3171 659 3259 quicquid
689 3194 762 3236 cum
793 3171 887 3238 dictis
917 3171 1070 3260 praelatis
1099 3169 1298 3258 perfeceritis
1321 3179 1354 3236 et
1375 3169 1415 3236 de

76 3279 191 3344 animo
214 3297 253 3342 ac
276 3276 435 3342 sententie
457 3273 585 3342 illorum
608 3275 833 3362 cognoveritis,
857 3275 898 3340 de
921 3297 958 3340 eo
980 3275 1077 3340 sacite
1098 3283 1135 3340 ut
1156 3295 1254 3361 quam
1275 3275 1415 3360 primum

77 3381 236 3445 certiores
251 3379 435 3462 reddamur,
451 3387 592 3444 vestram
609 3399 739 3465 quoque
753 3379 937 3464 opinionem
949 3386 981 3442 et
993 3377 1182 3442 seutentiam
1198 3376 1372 3443 addentes.
1386 3426 1414 3442 ..

187 3481 323 3569 Appulit
343 3482 407 3547 buc
427 3479 494 3546 ΒΨ
517 3479 778 3567 archiepiscopus
801 3479 983 3566 Pragensis,
1009 3482 1063 3568 qui
1086 3479 1179 3546 nobis
1201 3479 1311 3545 retulit
1331 3479 1413 3546 Bm

77 3587 117 3654 Ο.
144 3585 378 3672 Letharingum
401 3584 574 3650 secessisse
589 3583 759 3650 Patavium
783 3593 815 3648 et
835 3585 893 3648 vix
915 3594 989 3648 aute
1006 3583 1133 3650 Pascha
1153 3583 1331 3649 rediturum
1345 3584 1415 3649 'I'ri-

79 3689 229 3756 dentum.
254 3687 340 3775 quod
362 3687 508 3776 profecto
530 3709 596 3752 uon
617 3683 754 3754 libenter
776 3685 967 3771 audivimus,
996 3689 1074 3775 quia
1094 3686 1228 3753 absente
1258 3687 1319 3752 ΒΜ
1347 3688 1416 3752 eius

77 3794 129 3859 pa
155 3791 340 3860 dubitamus
363 3793 503 3878 negocia
525 3789 566 3856 de
589 3790 707 3878 quibus
729 3813 816 3857 nunc
837 3789 878 3856 ad
900 3813 959 3857 vos
975 3790 1144 3858 scribimus
1159 3789 1304 3856 nonnihil
1318 3799 1416 3856 retar-

79 3897 197 3962 datum
220 3897 268 3960 iri.
292 3893 354 3961 hoc
376 3905 484 3962 tamen
499 3895 720 3960 existimamus
732 3917 797 3961 non
819 3893 888 3960 iore
909 3895 1134 3978 inconsultum,
1150 3902 1186 3958 ut
1200 3904 1236 3959 tu
1252 3892 1416 3982 Quinque·

80 3997 293 4066 ecclesiensis
314 3998 357 4064 ps
383 4001 451 4063 eius
472 3998 547 4063 Βιω
569 4020 629 4084 per
649 3997 758 4063 literas
782 3998 942 4084 significes
970 4022 1009 4064 ea
1038 4021 1123 4086 quae
1149 3997 1301 4062 iussimus
1329 4019 1417 4065 nunc

80 4105 203 4168 iterum
226 4125 299 4168 cum
321 4101 368 4168 1²2⁸
390 4103 491 4189 ipsius
513 4102 575 4167 R¹²⁸
596 4103 728 4166 tractari
751 4102 791 4169 de
814 4102 1016 4168 inveniendis
1033 4102 1223 4189 opportunis
1238 4098 1417 4166 rationibus

82 4229 126 4274 ac
147 4205 252 4272 modis
276 4205 393 4294 quibus
416 4215 562 4270 amanter
584 4203 772 4271 concordari
794 4207 897 4292 possit
912 4205 1136 4270 controversia
1154 4201 1194 4268 de
1210 4201 1282 4269 loco
1298 4205 1417 4269 oratori

83 4309 194 4378 cans
216 4309 395 4392 tribuendo,
418 4309 475 4376 ubi
498 4311 594 4376 etiam
615 4331 681 4374 non
702 4308 832 4375 nocebit
852 4308 898 4374 illi
912 4309 1086 4395 significari
1098 4307 1186 4395 quod
1209 4306 1272 4372 alia
1287 4329 1417 4395 quoque

82 4413 180 4480 vobis
208 4413 461 4478 commiserimus
490 4433 563 4476 cum
590 4411 636 4474 1³2·
659 4411 761 4497 ipsius
788 4412 849 4476 ΒΜ
882 4411 923 4478 de
949 4413 1050 4478 rebus
1080 4409 1207 4476 concilii
1235 4411 1414 4495 tractanda,

85 4539 173 4604 quae
195 4525 305 4580 tamen
326 4513 427 4580 literis
449 4537 515 4580 non
538 4517 616 4578 satis
638 4522 742 4580 tutum
765 4517 805 4579 sit
820 4517 985 4581 committi.
1008 4513 1219 4602 quamobrem
1234 4513 1328 4580 nobis
1343 4537 1415 4602 gra·

85 4629 156 4684 tum
180 4627 264 4684 esset
286 4617 438 4694 futurum,
467 4619 494 4682 si
515 4615 573 4681 1³⁸⁸·
600 4619 668 4682 eius
695 4619 756 4682 R¹²¹
782 4641 841 4683 sua
870 4617 1095 4684 commoditate
1121 4626 1233 4705 posset
1254 4640 1292 4684 eo
1320 4619 1414 4684 citius

86 4722 195 4787 isthuc
217 4723 344 4786 reverti.
367 4722 491 4788 interea
513 4730 619 4788 autem
643 4722 788 4809 poteritis
810 4745 849 4787 ac
872 4720 1029 4788 debebitis
1051 4743 1110 4786 vos
1132 4719 1340 4786 nihilominus
1362 4744 1416 4786 ne-

87 4826 186 4913 gocia
207 4823 263 4892 illa
286 4847 359 4891 cum
381 4823 535 4912 praelatis
557 4825 713 4912 Hispanis
737 4825 883 4892 conferre
905 4835 938 4890 et
961 4825 1152 4891 seutentiam
1166 4834 1263 4912 atque
1278 4833 1417 4890 mentem

89 4929 218 4996 illorum
240 4949 446 5015 cognoscere.
