3512 5838
321 521 384 588 “2

319 719 420 794 geret,
444 707 592 792 dignetur
614 706 788 771 clementer
810 708 908 792 ipsius
931 707 982 770 ltmi
1009 705 1050 769 D.
1074 705 1199 770 Moruni
1221 727 1259 770 ec
1281 713 1409 771 nostrae
1432 727 1561 791 quoque
1582 704 1635 769 hu·

232 793 235 800 ’
319 811 402 876 milis
426 810 667 898 supplicationis
698 809 866 894 benignam
899 807 1018 873 habere
1040 809 1205 873 rationem.
1239 831 1297 873 nos
1330 807 1458 873 interim
1490 806 1635 873 dabimus

319 937 450 1000 operam
473 923 508 978 ut
528 912 623 978 nrdlis
645 909 896 978 territationibus
918 909 960 974 ab
983 933 1022 976 ea
1044 911 1202 976 sententia
1225 908 1453 994 dimoveamur,
1478 933 1545 998 qua
1560 911 1633 976 deli·

318 1016 463 1082 beratum
487 1014 641 1082 babemus
664 1025 699 1080 ut
720 1037 778 1100 pro
800 1013 885 1079 virili
912 1023 1022 1078 nostra
1049 1011 1145 1078 finem
1174 1012 1302 1078 concilii
1333 1013 1375 1078 ed
1403 1015 1634 1102 praescriptum

321 1119 405 1185 diem
426 1141 680 1206 promoveamus.
694 1167 723 1182 ..

871 1613 1100 1700 OOXGVI.

595 1835 665 1908 Die
691 1832 1005 1912 Oonciioratoren
1033 1853 1080 1906 ao
1108 1833 1182 1908 den
1211 1831 1359 1922 Κιιίιοις

740 2007 871 2069 Trient,
890 2007 906 2056 2
923 2006 1109 2057 December
1127 2007 1218 2057 1563.

602 2185 780 2243 Concilaatm.
811 2186 956 2260 original,
983 2187 1014 2241 ιἰι
1035 2193 1122 2258 tergo:
1151 2187 1170 2240 9
1192 2185 1349 2240 December.

414 2363 574 2433 Hesterno
591 2367 643 2434 die
659 2390 783 2433 summo
798 2390 892 2434 mane
900 2365 955 2432 13²¹
969 2365 1067 2454 legati
1081 2387 1141 2431 nos
1155 2376 1352 2432 vocavemnt
1364 2363 1524 2451 uobisque
1538 2367 1620 2452 signi

316 2467 464 2549 ficarnm,
486 2481 580 2536 nocte
596 2471 802 2557 praecedenti
818 2471 899 2536 duos
914 2491 1060 2537 cursores
1076 2492 1119 2536 ex
1132 2468 1220 2536 Urbe
1241 2470 1379 2552 venisse,
1402 2467 1540 2534 alteram
1556 2491 1577 2533 a
1597 2467 1632 2536 Ο.

314 2572 491 2638 Bomomeo
513 2573 555 2638 sd
570 2597 613 2656 sa,
638 2575 772 2640 alterum
794 2597 871 2640 vero
894 2575 937 2639 ad
950 2573 992 2638 D.
1009 2573 1158 2640 comitem
1173 2571 1213 2638 de
1227 2572 1323 2640 Luna
1337 2573 1379 2638 ab
1396 2580 1523 2638 oratore
1530 2571 1630 2638 Catbel

311 2677 399 2762 regis
414 2677 554 2757 missum,
571 2680 626 2765 qui
638 2678 820 2743 attulissent
830 2677 939 2743 literas
951 2675 1122 2764 exquibus
1138 2675 1371 2744 intellexissent
1383 2697 1542 2742 summum
1554 2698 1631 2763 pon·

316 2778 434 2844 tilicem
450 2779 533 2846 febri
547 2783 705 2867 vertigine
720 2789 753 2845 et
767 2779 923 2846 similibus
938 2779 1192 2867 simptomatibus
1208 2780 1397 2864 gravissime
1412 2777 1569 2862 laborare,
1590 2781 1634 2844 ita

312 2891 349 2946 ut
369 2882 468 2970 longe
489 2885 591 2949 maior
614 2886 655 2948 sit
668 2885 779 2949 mortis
794 2892 896 2948 metus
912 2904 1008 2969 quam
1023 2881 1182 2948 ulterioris
1197 2884 1284 2948 vitae
1305 2905 1389 2969 spes.
1406 2893 1633 2948 enumerarunt

312 2995 482 3072 practerea
503 3007 585 3072 quae
608 2996 640 3052 et
661 2995 782 3074 quanta
803 2983 946 3072 pericula
966 3008 1009 3050 ex
1029 2983 1091 3052 hoo
1106 2985 1241 3052 concilio
1263 2985 1316 3051 vel
1336 2985 1472 3072 abrupto
1495 2986 1549 3052 vel
1565 3009 1631 3051 sus

314 3109 415 3175 penso
431 3083 472 3154 ad
486 3091 667 3155 universam
684 3089 854 3156 ecclesiam
869 3097 993 3154 mortuo
1008 3088 1158 3173 pontifice
1173 3088 1321 3168 redirent,
1343 3089 1427 3156 inter
1441 3111 1525 3176 quae
1541 3113 1631 3178 prae

314 3193 442 3278 cipuum
467 3203 515 3258 est
537 3193 717 3258 schismatis
739 3202 843 3258 metus
858 3201 891 3258 et
904 3191 958 3257 ille
973 3189 1103 3277 quidem
1117 3190 1202 3256 haud
1219 3190 1345 3268 dubius,
1367 3191 1543 3258 sationalia
1557 3217 1631 3260 oon·

312 3293 395 3379 cilia,
419 3298 548 3361 amissio
571 3298 713 3361 omnium
735 3319 843 3362 eorum
867 3317 950 3380 quae
972 3293 1025 3360 bic
1048 3293 1217 3360 salubriter
1240 3296 1413 3361 constituta
1433 3296 1570 3378 fuenmt,
1593 3319 1632 3362 ac

312 3396 452 3486 deniqne
473 3401 608 3466 vastitas
630 3401 799 3463 universae
823 3397 987 3464 ecclesiae.
1011 3398 1121 3484 itaque
1142 3405 1298 3484 rogarunt
1319 3421 1378 3464 nos
1401 3408 1437 3464 ut
1458 3397 1522 3463 illis
1545 3401 1578 3464 in
1594 3397 1630 3462 fi-

311 3502 428 3568 niendo
451 3502 514 3568 boo
535 3501 568 3568 S.
591 3501 727 3568 concilio
749 3502 877 3567 vivente
900 3499 1007 3566 adbuc
1028 3500 1178 3586 pontifice
1201 3511 1275 3566 ante
1303 3503 1538 3588 praescriptum
1566 3524 1630 3568 ses-

311 3607 394 3672 sioni
416 3603 501 3672 diem
522 3607 754 3687 assisteremus,
777 3603 903 3691 hocque
919 3627 1029 3670 eorum
1044 3603 1221 3684 consilium,
1245 3607 1340 3670 etiam
1362 3603 1422 3670 Me.
1436 3605 1477 3669 V.
1493 3603 1525 3670 S.
1542 3627 1629 3670 man·

312 3708 395 3774 datis
418 3709 656 3792 accedentibus,
680 3707 850 3794 diligenter
872 3729 1141 3792 promoveremus,
1164 3709 1241 3794 quin
1264 3710 1359 3772 etiam
1386 3707 1534 3774 deremru
1557 3731 1630 3795 ope

183 3888 188 3894 .
311 3834 380 3876 ram
402 3821 439 3877 ut
459 3810 502 3876 D.
526 3813 636 3877 comiti
663 3834 683 3875 a
705 3811 799 3876 Luna
827 3811 882 3897 qui
909 3811 972 3874 hoc
999 3810 1169 3876 concilium
1202 3811 1244 3875 ad
1272 3812 1380 3898 plures
1408 3809 1627 3877 hebdomadas

313 3913 482 3980 extrahere
504 3923 644 4000 cuperet,
667 3911 753 3979 idem
783 3913 992 3979 suaderemus
1021 3922 1053 3980 et
1079 3913 1343 4000 persuaderemus
1371 3915 1476 3993 edam,
1508 3916 1536 3978 si
1558 3914 1627 3980 fieri

310 4027 428 4103 posset.
451 4038 510 4081 nos
531 4019 641 4104 itaque
663 4039 698 4082 re
720 4017 754 4081 iu
777 4015 1038 4082 deliberationem
1054 4025 1189 4102 accepta
1204 4039 1299 4104 super
1313 4017 1375 4084 hoc
1390 4019 1519 4104 negob'o
1535 4039 1626 4104 prop-

311 4129 360 4185 ter
381 4120 533 4207 temporis
556 4129 588 4184 et
609 4119 702 4185 huim
725 4119 879 4204 insperati
902 4141 997 4184 cesos
1020 4122 1201 4206 engratiam
1218 4120 1394 4186 deliberare
1409 4129 1442 4186 et
1457 4119 1499 4184 Ι).
1514 4119 1626 4207 legatis

310 4221 458 4288 hesterno
493 4223 621 4308 vesperi
654 4221 848 4308 respondere
882 4223 985 4287 coacti
1008 4243 1133 4307 sumus;
1163 4245 1239 4290 nam
1266 4223 1346 4290 alias
1367 4247 1435 4289 rem
1462 4223 1544 4289 tanti
1562 4245 1625 4288 mo·

311 4327 408 4390 menti
430 4347 494 4391 non
516 4324 686 4392 fuissemus
708 4326 864 4412 aggressi,
887 4325 949 4390 nisi
970 4326 1059 4410 prius
1081 4335 1113 4391 et
1133 4328 1291 4414 integrum
1314 4327 1477 4414 negotium
1492 4327 1536 4393 ad
1550 4327 1626 4392 Mu.

313 4427 350 4492 V.
373 4427 405 4493 S.
427 4429 658 4495 remisissemus
686 4436 718 4494 et
746 4427 788 4494 ab
816 4427 872 4494 illa
898 4451 1086 4515 responsum
1115 4429 1347 4496 habuissemus.
1378 4429 1623 4498 deliberavimus

310 4539 417 4595 autem
439 4539 534 4617 atque
556 4530 780 4617 respondimus
803 4532 835 4596 in
858 4553 929 4598 eam
951 4533 1151 4616 sententiam,
1176 4555 1271 4620 quam
1294 4535 1327 4598 in
1348 4533 1461 4600 ultim
1482 4531 1539 4598 illa
1558 4532 1617 4598 Ma.

310 4633 350 4698 V.
373 4632 406 4698 S.
426 4636 619 4720 postscripts
641 4657 828 4720 expressam
840 4636 1027 4722 reperimus,
1049 4644 1085 4700 ut
1106 4635 1265 4721 videlicet,
1289 4636 1546 4724 quandocunque
1560 4635 1623 4701 ΙΨ

309 4737 400 4803 1)““’“’
422 4758 533 4802 eorum
554 4738 617 4804 hoc
639 4736 671 4804 S.
694 4732 864 4804 concilium
885 4738 977 4804 finire
1005 4738 1181 4824 expediens
1208 4742 1313 4806 visum
1341 4740 1452 4822 fuerit,
1480 4761 1539 4806 nos
1560 4761 1623 4806 nou

312 4838 414 4905 solum
436 4839 591 4927 impedire
612 4839 707 4925 nolle,
732 4841 790 4908 sed
813 4842 908 4908 etiam
932 4843 1018 4908 omni
1041 4851 1156 4908 conatu
1177 4852 1379 4928 promoturus
1402 4864 1490 4926 esse;
1508 4863 1623 4928 rogere

311 4953 417 5008 tamen
439 4944 667 5010 instantissime
689 4953 733 5022 ut,
757 4945 825 5011 sive
847 4946 1001 5010 moriatur
1023 4945 1091 5010 sive
1112 4946 1202 5010 vivat
1217 4943 1249 5012 S.
1266 4945 1420 5032 pontifex,
1445 4965 1541 5032 quem
1556 4943 1621 5010 diu-

310 5047 430 5113 tissime
453 5048 562 5116 vivere
585 5047 850 5133 desideraremus,
871 5047 972 5116 velint
992 5049 1167 5116 maximam
1188 5069 1299 5116 curam
1329 5048 1448 5118 babere
1475 5071 1538 5137 quo
1568 5071 1622 5137 pe
