3532 5832
313 663 615 733 christianissimum
642 671 675 733 et
701 661 817 732 serm
839 661 986 750 reginum
1006 659 1165 750 Angliae,
1199 658 1288 750 quod
1314 681 1451 748 regnum
1478 667 1512 727 et
1539 660 1649 748 ipsum

313 779 363 837 est
384 791 403 836 e
424 770 611 856 praecipuis
633 767 874 836 christianitatis
896 765 1050 833 membris
1071 787 1181 832 unum.
1216 785 1301 854 quae
1319 763 1451 854 quidem
1474 763 1647 846 discordia,

312 895 354 941 ne
382 874 479 940 etiam
506 873 648 960 graviori
675 873 774 938 totius
801 870 1000 958 reipublicae
1027 869 1176 937 incendio
1203 867 1381 936 fomentum
1414 876 1447 935 et
1478 871 1649 935 materiam

312 976 470 1066 praebeat
491 985 524 1042 et
551 977 598 1044 sic
626 975 753 1042 concilii
783 973 1034 1042 celebrationem
1060 972 1217 1062 impediat
1244 981 1301 1038 aut
1321 981 1509 1062 remoretur,
1533 970 1590 1038 ΒΝ
1613 971 1649 1040 S.

311 1079 497 1168 dignabitur
518 1101 577 1166 per
599 1101 633 1145 se
656 1079 761 1168 ipsam
783 1087 840 1144 aut
860 1101 920 1166 per
941 1077 1022 1144 ahos
1045 1099 1127 1167 quos
1148 1078 1224 1145 huic
1250 1081 1297 1144 rei
1317 1076 1453 1145 idoneos
1475 1079 1545 1146 fore
1567 1100 1646 1167 cog·

311 1186 451 1268 noverit,
483 1183 680 1250 eiuscemodi
711 1183 854 1248 rationes
883 1190 916 1248 et
941 1183 1013 1248 vias
1043 1183 1125 1248 inire
1153 1180 1271 1270 quibus
1299 1179 1431 1247 flamma
1456 1183 1520 1248 ista
1541 1204 1650 1271 nuper

310 1290 443 1355 incensa
465 1287 635 1355 commode
656 1288 875 1372 restinguatur
897 1308 937 1352 ac
959 1287 1067 1374 quiete
1090 1293 1122 1352 et
1143 1285 1318 1352 concordia
1338 1285 1462 1374 passim
1481 1307 1542 1374 per
1563 1285 1650 1353 chri·

310 1393 451 1458 stianum
474 1391 586 1458 orbem
608 1389 760 1476 stabilita,
788 1411 826 1456 eo
848 1391 968 1456 rectius
991 1387 1189 1476 liberiusque
1211 1388 1269 1456 8¹²·
1292 1387 1325 1455 S.
1348 1389 1552 1476 reparandae
1572 1390 1650 1457 reli·

309 1495 398 1582 gioni
431 1502 463 1561 ot
491 1495 627 1562 caeteris
661 1493 902 1560 christianitatis
934 1491 1182 1560 necessitatibus
1216 1491 1411 1580 supradietis
1442 1492 1650 1580 explicandis

310 1621 430 1666 vacare
452 1610 485 1667 et
506 1597 694 1667 incumbere
716 1599 829 1686 possit.

412 1702 563 1770 Secundo
585 1700 775 1769 recordatur
797 1699 834 1767 0.
857 1701 926 1766 Mm
949 1700 1170 1788 superioribus
1197 1700 1397 1787 temporibus
1419 1723 1479 1788 per
1500 1710 1649 1768 anteces-

310 1827 399 1872 sores
422 1803 475 1872 ΒΨ
499 1803 532 1872 S.
563 1803 662 1872 semel
691 1813 789 1892 atque
819 1806 936 1870 iterum
969 1802 1141 1871 concilium
1168 1801 1315 1870 Tridenti
1348 1802 1504 1870 indictum
1535 1813 1569 1870 et
1599 1806 1651 1870 in·

311 1908 478 1995 choatum,
512 1907 572 1975 sed
603 1906 701 1996 paulo
734 1916 809 1995 post
836 1908 905 1974 sine
932 1905 998 1973 ullo
1027 1905 1136 1973 fructu
1158 1904 1351 1972 dissolutum
1374 1914 1431 1972 aut
1452 1929 1650 1996 suspensum

310 2013 425 2098 fuisse,
460 2015 555 2101 eique
582 2011 813 2101 impedimento
842 2009 971 2078 videtur
997 2033 1063 2077 non
1092 2012 1245 2098 exiguam
1267 2019 1325 2076 aut
1344 2011 1509 2076 minimam
1532 2034 1650 2078 ansam

308 2117 499 2204 praebuisse
520 2117 668 2204 paucitas
691 2137 802 2182 eorum
825 2116 881 2203 qui
904 2113 1041 2181 coneilio
1062 2115 1274 2197 intervenere,
1302 2115 1455 2203 quoniam
1477 2114 1650 2204 plaerique

309 2220 363 2298 alii
385 2221 549 2308 principes
573 2229 605 2285 ot
628 2216 770 2285 dominia
792 2216 1034 2285 christianitatis
1056 2241 1118 2284 nec
1131 2217 1346 2304 personaliter
1360 2241 1422 2284 nec
1435 2240 1497 2307 per
1517 2217 1648 2306 legatos

308 2321 430 2398 ibidem
453 2330 713 2410 comparuerunt.
747 2343 821 2388 cum
844 2343 922 2409 ergo
945 2321 1117 2388 concilium
1139 2320 1259 2388 debeat
1273 2343 1345 2389 esse
1367 2321 1528 2410 generale,
1552 2321 1593 2389 ga
1610 2321 1649 2390 S.

308 2427 448 2514 benigne
471 2426 651 2494 curandum
674 2426 736 2492 erit
756 2433 793 2490 ut
814 2447 925 2491 omnes
946 2425 1001 2491 vel
1021 2424 1234 2513 personaliter
1254 2425 1308 2492 vel
1329 2447 1389 2513 per
1416 2425 1551 2493 idoneos
1574 2448 1650 2494 ora·

308 2539 396 2598 tores
419 2553 478 2597 seu
500 2530 738 2598 commissarios
761 2530 956 2596 conveniant
977 2537 1010 2594 et
1032 2551 1143 2596 omnes
1169 2551 1299 2619 quoque
1330 2528 1513 2597 audiantur.
1551 2553 1651 2598 secus

310 2636 396 2702 enim
425 2634 476 2718 (ut
501 2633 680 2700 verendum
709 2632 917 2716 est)s1ustra
944 2655 1072 2720 semper
1098 2631 1300 2700 laborabitur
1325 2657 1387 2700 nec
1415 2656 1559 2722 unquam
1587 2637 1655 2702 erit

309 2746 439 2826 optatus
462 2748 495 2804 et
516 2736 741 2804 christianitati
768 2735 856 2802 utilis
877 2737 1018 2803 'eventus
1047 2736 1279 2824 expectandus.
1326 2737 1415 2826 quod
1443 2737 1486 2803 ad
1509 2736 1545 2805 O.
1568 2736 1654 2803 Mi·¹¹²

312 2845 426 2909 attinet
446 2841 619 2930 pollicetur
639 2841 762 2907 nullam
785 2842 819 2905 in
841 2863 876 2907 se
900 2839 1121 2906 difficultatem
1143 2840 1222 2925 fore,
1247 2843 1324 2929 quin
1345 2841 1380 2906 id
1400 2849 1543 2929 praestet
1560 2842 1654 2930 quod

308 2947 343 3013 in
362 2946 427 3013 hoc
441 2945 579 3034 ,publico
601 2947 738 3033 negocio
761 2968 893 3012 suarum
921 2944 1063 3031 partium
1091 2943 1235 3013 futurum
1264 2953 1323 3029 est,
1356 2967 1421 3010 non
1454 2945 1559 3012 solum
1587 2968 1653 3035 pro

309 3071 349 3116 ea
372 3051 563 3116 auctoritate
586 3071 652 3138 qua
673 3049 818 3136 fungitur
838 3049 873 3112 in
895 3069 988 3114 sacro
1003 3047 1149 3114 Romano
1171 3049 1317 3134 imperio,
1339 3071 1453 3114 verum
1474 3050 1571 3114 etiam
1586 3072 1652 3137 pro

310 3155 419 3241 regnis
443 3162 476 3219 et
496 3153 672 3240 provinciis
695 3153 762 3218 suis
783 3150 1017 3217 haereditariis.
1060 3173 1122 3217 nee
1151 3149 1279 3217 dubitat
1304 3150 1392 3218 idem
1420 3175 1551 3241 quoque
1581 3153 1652 3220 fac·

310 3266 420 3322 turum
435 3254 556 3322 Ser⁰¹¹¹¹¹
573 3265 606 3322 et
621 3255 815 3322 catholicum
830 3254 1064 3342 Hispaniarum
1084 3277 1205 3341 regem,
1230 3257 1285 3342 qui
1307 3254 1343 3321 id
1364 3256 1399 3320 in
1419 3255 1520 3322 literis
1542 3280 1654 3346 nuper

308 3359 352 3426 ad
374 3359 410 3427 Ο.
434 3359 512 3424 Men
535 3358 576 3426 de
603 3359 718 3425 eadem
746 3381 781 3424 re
811 3357 894 3423 datis
922 3380 989 3424 non
1016 3356 1153 3424 obscure
1181 3380 1261 3446 prae
1288 3381 1323 3424 se
1349 3358 1433 3425 ferre
1462 3361 1554 3427 visus
1587 3372 1651 3429 est.

309 3463 368 3530 sed
397 3463 438 3530 de
467 3485 544 3550 rege
577 3461 841 3530 christianissimo
869 3483 909 3528 ac
931 3459 1033 3528 germ·
1053 3459 1208 3548 Augilas,
1236 3461 1472 3550 Portugelliae,
1503 3462 1647 3550 Scotiae,

310 3567 449 3654 Daniae,
483 3565 614 3634 Sustine
647 3575 680 3632 et
700 3564 854 3632 Poloniae
888 3565 1035 3654 regibus,
1069 3565 1146 3631 item
1180 3563 1221 3631 de
1250 3563 1325 3630 Illm
1352 3564 1493 3634 dominio
1520 3568 1651 3638 Veneto

309 3671 447 3759 aliisque
462 3669 591 3759 populis
608 3671 679 3736 ΜΨ
691 3668 723 3737 S.
736 3669 784 3756 0.,
808 3693 882 3736 cum
896 3670 1024 3737 illorum
1039 3679 1180 3736 mentem
1195 3691 1235 3735 ao
1250 3670 1442 3736 sententiam
1464 3671 1505 3739 de
1527 3671 1590 3738 hac
1611 3697 1664 3740 re.

307 3796 373 3840 non
394 3773 515 3840 habeat
536 3783 741 3863 perspectam
762 3795 824 3840 nec
848 3776 1019 3864 quisquam
1040 3772 1168 3839 illorum
1192 3774 1366 3862 quicquam
1396 3797 1469 3841 cum
1491 3773 1548 3841 Mu
1562 3773 1595 3842 S.
1609 3776 1651 3844 O.

311 3878 451 3966 desuper
484 3880 602 3966 egerit,
639 3901 706 3945 nen
738 3877 838 3946 habet
872 3901 950 3944 sane
982 3878 1052 3943 Ma·
1075 3876 1108 3944 S.
1132 3876 1169 3945 O.
1203 3876 1293 3965 quod
1326 3875 1368 3944 S¹¹
1401 3880 1470 3946 eius
1509 3879 1549 3946 de
1584 3879 1651 3948 illis

312 3980 514 4069 polliceatur.

414 4084 554 4153 Ptoinde
576 4085 634 4153 ΒΝ
657 4087 727 4154 eius
748 4097 785 4151 ut
807 4087 985 4153 communis
1008 4087 1149 4152 omnium
1169 4105 1288 4173 parens
1311 4085 1486 4172 spiritualis
1505 4109 1564 4174 pro
1587 4109 1652 4155 sua

310 4209 436 4274 summa
458 4192 650 4257 auctoritate
673 4213 747 4258 cum
769 4189 832 4255 illis
855 4190 1003 4257 omnibus
1025 4211 1085 4276 per
1101 4211 1137 4254 se
1158 4189 1297 4275 ipsamet
1318 4187 1372 4255 vel
1393 4212 1452 4277 per
1474 4189 1554 4256 ahos
1577 4190 1651 4258 dili·

308 4301 423 4381 genter
444 4294 650 4361 tractandum
673 4292 814 4378 curabit,
848 4302 934 4359 utet
954 4293 1017 4380 ipsi
1038 4294 1073 4358 in
1093 4293 1229 4381 negocio
1257 4291 1390 4379 publico
1419 4295 1649 4364 interveniant.

310 4395 428 4486 quodsi
449 4397 547 4463 etiam
568 4395 604 4463 0.
621 4396 654 4464 S.
669 4395 734 4463 Mi·
758 4418 859 4484 opera
880 4395 924 4462 ad
944 4395 1209 4484 persuadendum
1229 4394 1302 4479 illis,
1324 4405 1362 4462 ut
1384 4419 1419 4462 se
1441 4419 1462 4462 a
1484 4403 1651 4466 communi

307 4501 444 4587 negocio
465 4523 532 4566 non
553 4500 655 4567 velint
676 4499 833 4585 aberrare,
856 4501 929 4566 usui
951 4498 1019 4566 fore
1041 4498 1219 4586 videbitur,
1242 4499 1311 4564 Ma.
1327 4496 1360 4565 S.
1376 4498 1413 4566 0.
1428 4499 1492 4566 hac
1514 4523 1648 4590 quoque

307 4603 341 4668 in
373 4611 465 4690 parte
488 4601 548 4670 ΒΜ
570 4603 612 4670 D.
635 4603 675 4669 N.
703 4603 800 4670 filiale
829 4601 1021 4689 obsequium
1048 4611 1082 4668 et
1109 4601 1251 4669 studium
1279 4625 1374 4668 suum
1405 4625 1472 4669 non
1493 4605 1648 4692 'patietur

311 4704 434 4787 deesse,
468 4707 527 4773 sed
548 4706 637 4772 haud
657 4715 793 4794 gravate
816 4707 1040 4773 auctoritatem
1063 4714 1096 4772 et
1117 4727 1251 4794 operam
1273 4727 1365 4772 suam
1387 4705 1476 4793 apud
1498 4705 1570 4774 illos
1592 4709 1648 4777 vel

310 4809 436 4898 aliquos
458 4809 587 4876 illorum
609 4819 754 4876 amanter
775 4811 968 4897 interponet

410 4911 509 4996 Quod
530 4922 640 4980 autem
662 4913 705 4979 ad
726 4914 888 5002 principes
911 4912 1040 4979 ordines
1063 4934 1104 4979 ac
1125 4921 1228 4978 status
1251 4914 1337 4979 sacri
1357 4911 1495 4980 Romani
1517 4915 1646 5003 imperii

309 5018 432 5102 attinet,
454 5038 520 5084 non
541 5017 672 5086 videtin
693 5015 909 5084 dubitandum
932 5016 973 5084 de
995 5015 1224 5084 ecelesiasticis
1246 5017 1325 5106 quin
1344 5016 1462 5085 lacumi
1477 5019 1542 5086 sint
1556 5020 1648 5109 quod
