3450 5818
174 701 296 770 Postea
321 703 356 770 in
378 704 505 790 scriptis
529 703 627 769 etiam
647 723 837 790 responssm
858 701 928 770 heri
949 704 1087 791 primum
1109 703 1152 770 ad
1169 705 1399 772 noemisemnt

80 805 158 894 qnod
179 807 224 876 ad
245 807 323 872 nr*
345 807 386 874 V.
409 805 441 874 S.
465 807 515 872 his
537 805 697 872 inclusum
717 806 818 874 literis
834 809 996 874 mittimus.
1012 808 1076 894 ipsi
1091 808 1223 896 quidem
1236 809 1278 874 D.
1297 807 1398 897 legati

79 912 148 974 satis
170 910 340 978 declarant
361 935 396 978 se
419 932 616 1000 magnopere
637 909 731 994 velle,
753 921 790 976 nt
811 911 942 977 omnino
964 913 1210 979 continuationis
1236 935 1303 980 vox
1324 911 1397 982 suo

78 1016 210 1080 ticeatur
231 1037 334 1102 nsque
356 1016 399 1082 ad
421 1015 633 1103 opportunius
655 1013 788 1102 aliquod
808 1025 946 1099 tempus,
979 1015 1038 1082 sed
1057 1025 1179 1102 negant
1198 1015 1262 1082 hoc
1282 1017 1317 1082 in
1337 1038 1399 1082 sna

80 1141 145 1183 esee
166 1127 337 1205 potestate.
360 1118 433 1183 ΒΜ·
455 1116 649 1184 Mantuanus
671 1118 818 1204 inprimis
840 1119 951 1184 inbac
965 1120 1124 1184 sententia
1138 1129 1196 1202 est,
1219 1130 1253 1186 st
1265 1121 1313 1185 ita
1326 1141 1398 1186 eam

78 1233 181 1288 tuetur
201 1231 239 1288 nt
259 1219 554 1309 interloquendum
569 1243 678 1288 coram
692 1219 764 1286 aliis
779 1219 994 1308 suiccollogis
1008 1244 1075 1288 non
1088 1221 1286 1290 dubitauerit
1300 1221 1400 1288 semel

77 1327 187 1392 iterum
210 1347 250 1390 ac
271 1327 366 1392 tertio
388 1325 636 1391 continuationis
658 1323 854 1392 vocabulum
875 1323 1082 1392 maledictum
1103 1337 1136 1393 et
1157 1336 1208 1394 ter
1227 1349 1267 1392 ac
1280 1326 1397 1395 millies

13 1469 14 1498 ι
78 1427 280 1496 maledictum
301 1427 475 1516 appellare.
504 1438 619 1516 postea
645 1451 704 1496 nos
732 1428 874 1517 reliquos
901 1430 997 1496 etiam
1025 1429 1147 1516 gradun
1174 1430 1400 1519 proponendos

79 1555 146 1599 esse
169 1534 441 1611 existimarunus,
465 1542 601 1621 excepto
625 1531 733 1601 ultimo
755 1534 791 1598 in
811 1556 875 1620 qno
898 1533 967 1598 M...
996 1533 1039 1600 V.
1059 1531 1093 1600 S.
1112 1534 1207 1601 nobis
1229 1533 1402 1604 chmenter

80 1637 206 1702 mandat
236 1647 286 1718 ut,
316 1638 342 1702 si
373 1635 454 1702 nihil
481 1638 515 1704 in
541 1635 702 1724 prioribus
731 1637 887 1723 gradibus
913 1638 1158 1726 perfecerimus,
1187 1661 1229 1704 ne
1258 1637 1397 1727 amplius

80 1743 110 1806 in
131 1739 438 1827 congregationibus
469 1751 501 1806 et
530 1739 668 1827 publicis
699 1741 826 1807 autibus
857 1743 1049 1808 intersimus.
1079 1742 1168 1831 qnod
1197 1752 1305 1808 antem
1326 1753 1402 1809 ante

81 1844 109 1910 S.
133 1844 183 1910 Sl·
208 1867 401 1932 responsum
433 1867 494 1910 nos
523 1844 565 1910 ad
592 1843 735 1932 reliquos
768 1847 968 1912 mactationis
995 1855 1125 1913 nostae
1156 1845 1278 1932 gradus
1309 1847 1402 1912 iuxta

81 1948 111 2014 S.
122 1948 182 2014 Mu.
189 1947 230 2014 V.
243 1948 487 2014 instructionem
497 1949 661 2035 progressi
674 1970 794 2032 sumus,
807 1959 979 2036 propterea
990 1949 1229 2037 fecimus'quod
1238 1949 1306 2015 Mc.
1317 1951 1358 2015 V.
1369 1948 1402 2016 S.

82 2053 252 2118 clementer
272 2051 367 2118 nobis
389 2052 543 2118 mandare
567 2051 699 2138 dignata
722 2062 780 2136 cst,
805 2061 840 2116 ut
862 2054 990 2118 omnino
1014 2061 1089 2118 ante
1106 2054 1211 2140 ipsam
1226 2054 1402 2120 sessionem

82 2179 173 2245 qnam
196 2157 262 2222 iam
283 2158 405 2222 instare
427 2155 620 2222 videbamus
640 2155 703 2223 hoc
724 2157 894 2242 negocium
918 2158 951 2221 in
973 2155 1159 2222 alterutram
1180 2163 1307 2244 part'em
1329 2177 1402 2224 oum

85 2261 125 2326 D.
147 2261 262 2348 legatis
285 2263 554 2347 transigeremus;
578 2269 748 2347 praeterea
770 2260 858 2347 quod
879 2281 1031 2347 magnum
1052 2259 1233 2347 pericnlum
1259 2263 1293 2326 in
1314 2283 1405 2327 mora

84 2387 151 2431 esse
171 2364 373 2445 videbamus,
396 2365 585 2451 praesertim
609 2386 683 2430 cum
704 2367 769 2428 iam
792 2369 921 2430 decreta
943 2385 1027 2450 quae
1048 2366 1081 2429 in
1096 2365 1245 2450 proxima
1259 2367 1404 2434 sessione

84 2467 240 2555 divulgari
264 2469 427 2536 debebant
448 2469 592 2556 patribus
615 2467 786 2534 distribute
808 2477 924 2547 essent,
948 2477 980 2534 et
1002 2470 1065 2534 iam
1089 2491 1199 2534 omnes
1223 2491 1320 2556 super
1341 2467 1405 2534 illis

85 2574 256 2638 senmntias
279 2595 355 2638 suas
378 2572 619 2656 meditarentur,
643 2573 675 2636 in
699 2571 817 2658 quibus
840 2571 971 2658 quidem
994 2571 1142 2656 decretis,
1166 2583 1203 2638 ut
1220 2573 1286 2640 M*
1307 2572 1349 2638 V.
1372 2571 1405 2639 S.

13 2679 14 2744 ξ
84 2675 255 2742 clementer
284 2677 395 2743 videre
417 2675 617 2762 dignabitur,
645 2685 776 2763 praeter
807 2675 950 2740 omnium
984 2679 1243 2762 expectationem
1266 2677 1405 2763 primum

84 2791 177 2866 caput
204 2777 246 2845 de
268 2782 496 2868 episcoporum
523 2780 700 2846 residentia
723 2781 877 2846 omissum
899 2789 957 2855 est,
987 2778 1113 2867 reliqua
1135 2792 1245 2844 anta·
1267 2780 1313 2844 ita
1334 2781 1406 2865 p'ro

85 2885 183 2967 posita
204 2894 280 2948 sunt
306 2894 343 2948 ut
371 2895 437 2948 tam
464 2886 498 2948 in
526 2885 685 2970 principio
716 2905 813 2972 qnam
842 2885 874 2947 in
899 2883 963 2947 line
986 2892 1098 2969 aperta
1121 2891 1153 2948 et
1173 2905 1330 2970 expressa
1351 2883 1408 2950 fiat

86 2987 330 3053 continuationis
344 2990 473 3054 mentio.
497 2996 659 3072 postremo
675 3009 741 3052 non
756 3009 870 3073 parum
885 3007 945 3052 nos
960 2987 1057 3050 etiam
1072 2986 1175 3052 movit
1188 2997 1224 3051 nt
1234 2997 1407 3074 sequentes

86 3112 209 3179 quoque
223 3090 344 3176 gradus
361 3113 418 3156 ssu
436 3091 636 3157 conditiones
660 3090 800 3156 leviores
822 3089 864 3154 D.
888 3088 1002 3176 legatia
1024 3111 1287 3177 proponeremus,
1321 3091 1408 3177 qnod

91 3204 171 3260 certo
186 3192 406 3280 intelligamus
422 3217 579 3258 summum
597 3193 781 3280 pontificem
798 3192 860 3258 hoc
874 3214 1029 3279 praesens
1045 3191 1215 3258 concilium
1231 3193 1292 3258 snb
1307 3193 1408 3260 conti·

90 3298 244 3364 unctionis
266 3319 421 3384 expresso
435 3297 596 3363 vocabulo
613 3295 770 3362 celebrari
784 3295 869 3362 velle
884 3295 982 3384 idque
1008 3297 1080 3383 regi
1094 3295 1202 3362 Cath⁰⁰
1223 3319 1259 3362 se
1279 3297 1408 3363 omnino

90 3411 266 3466 cmabnum
295 3401 489 3487 promisisse.
531 3400 751 3466 metuebamus
781 3403 888 3466 autem
922 3421 964 3464 ne
992 3421 1135 3464 summus
1165 3399 1314 3486 pontifex
1345 3399 1410 3466 buc

90 3501 125 3566 D.
140 3502 253 3590 legatis
277 3506 360 3570 serio
375 3527 434 3590 psr
444 3503 554 3568 literas
576 3504 766 3589 iniungeret,
789 3513 909 3570 utnon
931 3503 1111 3591 expectatis
1135 3501 1207 3568 aliia
1228 3504 1408 3570 monitioni-

92 3603 142 3670 bus
174 3610 282 3672 statim
313 3608 585 3674 continuationem
621 3608 724 3694 ipsam
752 3607 951 3693 exprimant,
986 3607 1073 3695 quod
1101 3609 1129 3672 si
1161 3607 1231 3673 fieri
1265 3606 1407 3690 deberet,

92 3708 161 3774 nihil
182 3709 272 3775 aliud
296 3733 392 3797 quam
416 3709 544 3776 concilii
567 3709 682 3776 solutio
706 3719 793 3776 certo
810 3721 1006 3796 sequeretur,
1031 3733 1128 3798 quam
1143 3733 1208 3776 non
1224 3711 1320 3796 pauci
1336 3709 1410 3774 Itali

91 3813 226 3900 episcopi
250 3837 315 3879 non
332 3813 468 3880 obscure
483 3837 518 3878 se
541 3823 653 3900 optare
674 3836 752 3900 prae
769 3836 804 3878 se
817 3813 932 3898 ierunt,
957 3836 1055 3901 quam
1070 3811 1197 3879 concilii
1216 3811 1409 3879 solutionem

92 3915 282 3984 acceleraret
297 3915 464 3983 Gallorum
480 3915 649 3998 discessus,
671 3918 726 4004 qui
748 3918 794 3982 ita
807 3918 1079 3982 continuationem
1091 3939 1282 4005 oppressam
1298 3915 1412 3982 volunt

99 4027 138 4099 ut,
158 4021 221 4084 nisi
241 4027 387 4106 apertam
405 4020 481 4084 novi
505 4019 633 4086 concilii
655 4019 864 4086 indictionem
884 4020 953 4086 fieri
974 4019 1113 4099 videant,
1141 4021 1270 4087 omnino
1293 4021 1411 4087 disces-

96 4124 153 4187 suri
177 4145 249 4189 esse
270 4123 449 4188 videantur.
847 4138 851 4148 “

183 4225 279 4307 Quod
294 4237 401 4292 autem
415 4235 612 4312 postremam
635 4226 694 4291 Mn.
717 4227 756 4292 V.
772 4226 805 4292 S.
828 4225 1037 4310 voluntatem,
1072 4225 1134 4292 boe
1156 4237 1205 4292 est
1221 4237 1256 4292 nt
1272 4225 1411 4314 publicis

97 4328 212 4394 actibus
234 4351 300 4396 non
315 4330 506 4410 intersimus,
529 4329 571 4394 D.
587 4329 703 4416 legatis
719 4353 783 4396 non
800 4328 1054 4416 significandam,
1078 4329 1136 4394 sed
1151 4328 1213 4396 hoc
1228 4330 1272 4395 ad
1286 4340 1412 4417 tempus

99 4441 304 4518 opportunum
320 4433 531 4498 differendum
546 4433 810 4510 existimavimus,
825 4433 860 4497 id
876 4455 914 4498 ea
928 4433 1131 4520 potissimum
1144 4435 1269 4499 ratione
1284 4456 1304 4498 a
1319 4433 1413 4500 nobis

95 4531 205 4601 fartim
236 4547 287 4603 est
320 4536 407 4624 quod
439 4536 480 4604 de
501 4535 613 4602 ultima
635 4536 696 4602 Mn.
721 4537 760 4601 V.
785 4537 817 4601 S.
846 4537 1003 4623 petitione
1038 4534 1182 4601 nondum
1212 4536 1307 4602 nobis
1336 4559 1412 4625 spes

98 4639 191 4705 omnis
211 4639 252 4706 ab
270 4641 350 4726 ipsis
370 4640 413 4704 D.
431 4639 544 4727 legatis
567 4639 719 4726 adempta
741 4649 834 4706 esset.
859 4639 1011 4704 dixerunt
1032 4639 1118 4704 enim
1139 4662 1175 4704 se
1197 4641 1230 4704 in
1253 4662 1292 4706 ea
1313 4639 1413 4708 brisso

100 4744 255 4820 sententia,
289 4752 464 4831 antequam
485 4743 546 4808 Mn.
568 4745 608 4810 V.
632 4743 664 4809 S.
687 4741 885 4808 voluntatem
914 4766 956 4808 ex
984 4742 1079 4808 nobis
1108 4745 1350 4830 cognovissent,
1380 4755 1416 4809 ut

98 4842 175 4908 nulla
194 4846 287 4911 fieret
308 4847 559 4912 continuationis
581 4849 710 4930 mentio,
733 4856 907 4934 antequam
930 4845 970 4910 de
985 4847 1230 4933 protestantium
1246 4845 1412 4913 voluntate

101 4954 266 5034 constaret3
291 4949 348 5015 sed
370 4959 477 5016 tamen
499 4949 561 5016 hoc
583 4951 652 5016 sine
675 4949 708 5016 S.
724 4948 774 5016 Sl·
795 4949 961 5016 voluntate
977 4951 1163 5037 promittere
1178 4972 1212 5014 se
1227 4972 1294 5016 non
1308 4971 1412 5037 posse,

103 5046 225 5140 ideoque
240 5073 275 5118 se
291 5051 333 5118 ad
348 5051 382 5120 S.
396 5053 460 5120 ΒΜ
475 5054 642 5141 scripsisse
665 5063 697 5119 et
710 5075 900 5140 responsum
918 5063 1101 5141 expectare.
1124 5054 1274 5120 mantem
1285 5054 1412 5129 interim
