3450 5818
345 721 404 788 pro
428 697 568 765 abeundi
590 708 622 764 et
640 699 809 764 deserendi
831 698 926 765 huius
942 698 1111 786 legationis
1127 719 1204 764 suae
1219 697 1359 764 licentia.
1383 697 1579 764 arbitrantur
1593 719 1670 762 cum

346 803 433 894 quod
454 803 536 891 petit
558 811 813 886 consecuturum,
836 801 888 870 vel
913 801 954 869 ob
976 803 1009 867 id
1031 804 1171 870 maxime
1195 800 1281 892 quod
1303 801 1559 870 reformationem
1575 800 1668 867 cordi

345 903 452 972 habet.
476 907 603 992 scriptis
625 907 688 970 iam
710 905 760 970 his
782 905 883 972 literis
906 914 1085 995 opportune
1099 909 1188 973 venit
1209 906 1253 972 ad
1266 929 1317 971 me
1331 907 1502 995 primarius
1518 903 1560 970 D.
1576 903 1670 968 Man·

344 1011 436 1075 tuaui
458 1008 629 1074 cardinalis
652 1013 845 1076 secretarius
867 1033 887 1074 a
909 1010 1039 1076 domino
1063 1033 1120 1076 suo
1143 1010 1270 1090 musas,
1294 1010 1351 1097 qui
1372 1008 1449 1074 milri
1469 1007 1556 1094 quod
1571 1015 1669 1072 antea

346 1111 567 1180 intellexeram
589 1113 798 1179 confirmavit.
820 1137 896 1180 nam
917 1113 960 1179 D.
978 1113 1013 1180 O.
1026 1114 1221 1180 Mantuanus
1235 1136 1295 1201 per
1309 1135 1383 1179 eum
1398 1111 1476 1178 mihi
1490 1111 1668 1188 nunciavit,

344 1241 379 1284 se
402 1241 423 1283 a
444 1216 501 1283 8²⁰
531 1215 574 1281 D.
596 1215 635 1281 N.
658 1216 799 1284 abeundi
821 1217 984 1284 licentiam
1006 1218 1137 1306 petiisse
1160 1239 1259 1305 seque
1275 1239 1313 1285 ec
1328 1217 1457 1282 nomine
1471 1213 1560 1302 apud
1575 1235 1670 1279 suam

345 1319 410 1386 Sa..
433 1329 620 1387 accusatum
642 1343 723 1404 esse,
747 1322 836 1407 quod
857 1323 891 1386 in
913 1323 1048 1408 negocio
1071 1320 1264 1388 residentiae
1287 1328 1319 1387 et
1332 1317 1579 1385 continuationis
1602 1339 1670 1384 non

346 1423 443 1490 fauerit
464 1421 567 1489 fidelis
601 1425 722 1490 eteius
745 1423 784 1490 S¹¹
812 1423 975 1490 obediens.
1005 1445 1047 1489 ex
1069 1423 1163 1490 huius
1189 1422 1288 1510 legati
1315 1419 1461 1487 discessu
1487 1419 1567 1486 nihil
1588 1419 1668 1486 boni

344 1550 568 1594 successurum
590 1537 678 1614 puto,
701 1529 863 1595 imovero
887 1526 1015 1594 concilii
1037 1550 1166 1616 quoque
1188 1528 1290 1614 ipsius
1306 1525 1497 1592 solutionem
1512 1533 1664 1611 expecto,

346 1631 432 1720 quod
451 1630 529 1695 deus
544 1639 678 1697 avertet.
702 1641 751 1696 est
773 1630 825 1697 hic
848 1633 1018 1719 epiecopus
1040 1630 1230 1696 Mutinensis
1252 1631 1302 1695 vir
1323 1650 1462 1716 maguae
1482 1629 1614 1717 pietatis
1637 1635 1669 1691 et

345 1733 541 1800 eruditionis.
565 1735 592 1798 is
615 1757 742 1822 quoque
765 1735 792 1800 si
815 1734 992 1822 quisalius
1015 1743 1049 1798 et
1070 1734 1341 1800 continuationem
1356 1731 1525 1820 impedivit
1542 1741 1574 1797 et
1588 1731 1666 1798 resi-

345 1839 487 1906 dentiam
509 1847 607 1925 atque
630 1837 693 1903 alie
717 1839 760 1903 ad
783 1838 1042 1904 reformationem
1064 1839 1259 1927 pertinentia
1280 1837 1369 1902 ursit.
1392 1859 1478 1902 nunc
1497 1857 1574 1901 vero
1600 1833 1666 1900 8¹¹·

343 1942 385 2006 D.
408 1941 447 2006 N.
472 1941 607 2027 scripsit,
630 1951 666 2007 ut
688 1941 793 2025 audio,
817 1941 860 2008 ad
882 1942 1006 2028 legatos
1028 1951 1065 2007 ut
1080 1944 1106 2007 si
1121 1941 1164 2007 ad
1180 1963 1273 2006 suurn
1288 1942 1509 2028 episcopatum
1524 1937 1664 2006 abeundi

342 2045 503 2111 licentiam
514 2055 645 2132 peteret,
668 2046 737 2112 sine
760 2045 824 2112 ulle
840 2043 1029 2112 difficultate
1044 2045 1266 2128 dimitteretur,
1289 2067 1355 2133 qua
1370 2067 1413 2110 ex
1426 2067 1463 2110 re
1477 2045 1556 2109 satis
1570 2041 1660 2108 intel-

344 2148 400 2235 ligi
420 2158 528 2236 potest
550 2149 711 2237 quomodo
735 2173 814 2236 erga
835 2150 1092 2218 reformationem
1114 2151 1179 2216 sint
1200 2149 1405 2216 animati...

480 2341 569 2392 Ueber
587 2340 629 2392 die
639 2345 725 2391 auerst
738 2339 869 2391 arwihnte
881 2340 1044 2403 Discussion,
1055 2339 1098 2390 dis
1110 2355 1153 2392 am
1166 2341 1199 2392 10
1210 2340 1275 2390 duni
1285 2340 1398 2406 begann,
1416 2355 1436 2390 s.
1450 2335 1591 2392 Mendham
1603 2340 1663 2398 14⁴3

412 2427 488 2493 Ssrpi
506 2428 571 2490 ⁶043
593 2426 659 2477 Pali.
679 2428 703 2490 2,
722 2427 781 2476 377,
817 2426 869 2476 Dia
887 2426 956 2477 noch
975 2425 1107 2476 erhaltene
1124 2423 1233 2492 Beilage
1260 2425 1306 2475 der
1323 2425 1462 2490 Depesche
1488 2425 1621 2492 (rrumerus
1638 2429 1662 2474 et

412 2513 519 2564 nomina
535 2511 716 2578 theologorum
734 2511 779 2578 qui
797 2511 830 2562 de
849 2512 940 2562 calicis
957 2527 1007 2562 usu
1025 2509 1155 2577 dixerunt)
1174 2511 1245 2562 aaut
1262 2514 1293 2562 81
1313 2509 1399 2562 Voten
1417 2511 1470 2575 auf,
1488 2513 1588 2563 welche
1601 2509 1661 2562 Seld

412 2615 441 2650 so
459 2597 687 2649 zusammenfasst:
706 2613 828 2650 numerrrs
847 2597 1031 2650 affirmantium
1041 2599 1082 2662 3⁶,
1099 2599 1250 2665 negantium
1264 2599 1304 2662 18,
1322 2600 1502 2665 reponentinm
1513 2601 1541 2650 in
1552 2599 1659 2650 arbitrio

412 2685 516 2736 concilii
534 2686 558 2737 8.
577 2713 610 2722 -
627 2687 684 2736 Das
701 2701 761 2736 vom
781 2685 893 2736 Bischof
913 2685 1159 2752 surtickgevviesene
1177 2686 1277 2736 Deerat
1298 2686 1387 2736 warde
1405 2685 1453 2738 auf
1467 2686 1660 2751 Aufforderuug

411 2771 458 2822 des
475 2773 582 2822 Ksisers
600 2769 752 2824 demselbsn
770 2787 812 2824 sm
832 2775 864 2824 14
875 2769 930 2824 Juli
949 2771 1069 2838 (Bsilsge
1082 2787 1115 2822 su
1127 2771 1174 2823 der
1184 2771 1435 2838 Originaldepesclrs
1453 2774 1482 2824 iu
1494 2773 1545 2824 den
1559 2771 1660 2824 Concil-

411 2855 498 2923 actea)
525 2859 572 2908 mit
595 2858 654 2908 dem
677 2858 826 2910 Bamerlrcn
849 2857 1015 2926 cingesandt:
1038 2858 1119 2924 legati
1142 2858 1213 2910 istud
1240 2858 1374 2912 decretum
1397 2861 1503 2926 propria
1520 2861 1657 2911 autoritate

411 2946 481 3010 ipsos
505 2945 642 3010 episcopos
661 2943 868 3011 [Sulmonensem
892 2949 918 2995 at
936 2941 1092 3012 cavensem]
1115 2945 1160 3012 qui
1178 2945 1213 2996 ad
1230 2961 1272 2996 me
1291 2945 1446 3004 detulerant,
1472 2949 1654 3013 conscripsisse

409 3029 512 3093 dicunt3
539 3028 609 3094 quod
637 3035 724 3080 umen
753 3030 887 3081 decretum
909 3047 955 3097 per
977 3031 1078 3096 aliquot
1100 3029 1156 3080 dies
1184 3031 1255 3095 apud
1278 3031 1307 3082 O.
1333 3029 1502 3082 Simonettsnr
1525 3033 1606 3083 fuisse
1631 3033 1655 3080 et

411 3131 428 3166 a
451 3113 481 3166 G.
500 3113 644 3180 Scripando
675 3118 753 3166 stiam
781 3117 925 3182 perlectum
955 3132 1013 3168 esss
1036 3120 1146 3171 constat.
1181 3117 1218 3167 Es
1240 3117 1353 3169 lautete:
1387 3117 1517 3180 Quoniam
1542 3119 1568 3169 in
1597 3133 1655 3168 non·

408 3201 487 3252 nullis
505 3203 647 3266 provincl'as
669 3203 769 3268 alioqui
786 3199 924 3292 catholicis
950 3217 1008 3254 anos
1025 3203 1237 3254 communtandi
1254 3203 1303 3254 sub
1320 3209 1432 3271 umus
1449 3207 1539 3272 specie
1556 3205 1601 3256 diu
1619 3220 1655 3255 re·

409 3293 497 3338 tentus
514 3291 554 3340 est
571 3303 604 3339 ac
620 3289 648 3340 in
659 3290 808 3355 pressanda
819 3289 891 3356 apud
902 3289 1106 3356 quamplurimos
1117 3289 1181 3356 ipsis
1194 3290 1221 3340 in
1232 3289 1300 3342 locis
1312 3292 1445 3354 retinetur,
1463 3308 1517 3343 nou
1528 3309 1559 3344 eo
1571 3297 1654 3342 umen

409 3375 495 3425 auimo
519 3379 597 3440 prout
619 3389 709 3426 earum
729 3377 923 3442 provinciarum
945 3377 1050 3426 nomine
1076 3375 1111 3428 ad
1134 3375 1186 3426 hoc
1210 3375 1235 3426 S.
1256 3375 1397 3428 concilium
1420 3377 1536 3430 delatum
1554 3383 1606 3442 cst,
1628 3381 1654 3428 ut

407 3463 543 3526 putaretur
569 3476 622 3511 non
639 3461 709 3512 idem
733 3463 760 3512 in
778 3477 831 3512 una
848 3461 919 3528 quod
936 3463 962 3512 iu
980 3466 1090 3528 utraque
1108 3463 1197 3528 specie
1216 3465 1352 3526 contineri,
1376 3464 1424 3514 sed
1441 3467 1527 3531 potius
1545 3465 1653 3533 quadam

409 3547 557 3614 devotione,
574 3553 604 3598 ut
621 3547 797 3614 provinciales
814 3549 864 3614 ipsi
883 3549 968 3611 aiunt,
993 3549 1116 3598 commoti
1136 3553 1261 3614 cuperent
1279 3547 1304 3599 S.
1323 3547 1353 3600 R.
1373 3549 1503 3602 ecclesiae
1520 3551 1564 3602 vel
1581 3549 1652 3602 huius

407 3637 435 3690 Β.
454 3637 547 3703 synodi
569 3635 683 3701 benigno
707 3636 834 3700 permissu
857 3633 928 3685 hunc
952 3649 1041 3685 eorum
1059 3635 1238 3700 maiorumque
1265 3651 1363 3687 morem
1387 3652 1415 3687 se
1432 3653 1511 3703 posse
1533 3641 1652 3690 retinere:

408 3723 508 3774 idcirco
532 3721 624 3774 mrtem
643 3721 668 3775 S.
688 3721 715 3772 S.
733 3721 850 3787 synodos
868 3721 961 3772 volens
979 3721 1094 3772 diamani
1112 3735 1203 3771 eorum
1221 3721 1343 3772 desiduii
1362 3737 1395 3775 ao
1412 3729 1558 3791 temporum
1576 3723 1651 3792 quali·

407 3812 469 3862 tatis
491 3810 589 3863 habere
606 3809 741 3870 rationem,
768 3809 896 3874 praecipit
914 3813 940 3858 ct
957 3805 1065 3858 mmdat
1087 3807 1217 3872 episcopie
1236 3822 1326 3860 aarum
1343 3810 1546 3874 provinciarum,
1568 3817 1598 3862 ut
1613 3826 1649 3862 se·
1704 3869 1705 3888 γ

409 3897 523 3948 cundum
540 3895 649 3947 formam
672 3899 699 3944 et
715 3895 913 3946 instructionem
932 3895 969 3944 eis
993 3895 1027 3944 ab
1045 3892 1096 3943 hoc
1115 3891 1140 3942 S.
1161 3893 1273 3944 concilio
1292 3895 1335 3946 vel
1353 3911 1370 3946 a
1387 3895 1413 3950 S.
1431 3897 1496 3950 sede
1513 3898 1651 3965 apostolica

407 3985 511 4050 scriptis
535 3981 707 4033 exhibendam
740 3982 767 4030 in
790 3979 842 4031 hoc
861 3979 988 4030 duntaxat
1010 3985 1134 4046 tanquam
1157 3979 1227 4030 sedis
1253 3982 1416 4046 apostolieae
1438 3983 1519 4052 legati
1536 3987 1562 4034 in
1580 3985 1650 4034 huius

407 4069 453 4122 8¹²¹
470 4069 626 4120 sacramenti
650 4067 874 4118 administratione
898 4083 958 4118 oum
982 4067 1045 4131 ipsis
1062 4065 1137 4116 laicis
1164 4065 1281 4118 formiter
1307 4083 1335 4119 se
1354 4073 1452 4136 gerant,
1478 4069 1563 4122 daturi
1586 4073 1649 4119 easta

407 4171 506 4224 poenas
522 4157 550 4206 in
567 4156 737 4205 instuctiona
756 4154 916 4216 statuendas,
935 4155 957 4204 si
974 4141 1051 4204 aliter
1069 4167 1148 4219 quam
1166 4155 1203 4204 eis
1216 4161 1385 4222 praeceptum
1397 4157 1476 4208 fuerit
1487 4157 1649 4208 huiussacra·

406 4242 486 4292 menti
508 4240 614 4291 modum
638 4241 786 4292 executioni
813 4241 1003 4292 mandaverint.
1027 4265 1060 4278 -
1087 4239 1177 4291 Ueber
1201 4240 1253 4292 den
1278 4241 1309 4294 B.
1333 4258 1387 4295 von
1406 4244 1523 4296 Moriens
1544 4259 1566 4296 s.
1587 4241 1647 4294 Dos.

405 4323 475 4380 uto.
494 4328 518 4390 θ,
536 4329 595 4382 222.
