3498 5830
1352 504 1413 570 m
1490 533 1499 542 =

91 688 260 756 universae
279 690 446 777 religionis
468 709 511 754 ex
526 709 591 776 qua
613 686 701 754 salus
722 710 834 756 eorum
848 688 990 775 pendeat
1010 687 1048 754 id
1065 653 1172 775 ipsuum
1193 710 1280 756 nuno
1301 710 1412 756 rursus

90 791 289 879 suscipiatur
311 803 343 860 et
365 793 414 877 iis,
437 813 521 878 quae
542 801 638 858 antea
660 799 772 858 contra
793 791 864 858 illos
886 791 974 858 edita
995 800 1078 873 sunt,
1101 790 1152 858 bis
1167 791 1293 858 actibus
1308 791 1414 862 denuo

87 893 296 980 confirmatis,
318 919 372 962 res
394 896 427 962 in
449 917 523 960 eum
546 903 666 962 statum
688 894 862 964 reducatur
881 919 946 984 quo
968 895 1073 962 iuerat
1094 904 1169 964 anto
1190 895 1416 964 Pataviensem

86 1001 339 1066 macconem
361 1009 394 1065 et
414 1021 530 1086 pacem
551 1008 666 1086 postea
686 999 721 1064 in
741 997 896 1086 religione
918 1000 1031 1066 initam
1052 1008 1086 1066 ct
1117 1009 1198 1084 tam
1215 999 1312 1068 arctis
1338 999 1415 1066 fidei

85 1101 222 1168 viriculis
239 1103 411 1186 firmatam,
430 1100 521 1168 nulla
540 1103 665 1168 ratione
681 1100 793 1170 habita
814 1102 981 1190 quodiam
1001 1111 1178 1170 memorata
1199 1104 1416 1171 transactione

84 1213 210 1292 etpace
225 1216 298 1274 tota
312 1205 368 1273 illa
385 1207 469 1272 actio
482 1203 707 1275 declarationis
722 1227 894 1274 caesareae
905 1229 989 1293 quae
1002 1206 1182 1274 vocabatur
1192 1206 1326 1272 interim
1336 1229 1415 1273 una·

84 1307 309 1376 enmdecretis
321 1310 440 1376 stactis
447 1307 907 1376 conciliilbidentiniextincta
919 1318 951 1376 et
958 1308 1079 1376 abolita
1089 1308 1194 1394 fuerit,
1204 1310 1299 1378 novis
1309 1307 1415 1376 modis

84 1413 198 1478 atriis
223 1414 312 1480 initis
333 1422 366 1480 et
389 1434 542 1500 expresse
564 1413 744 1481 constitutis
765 1412 928 1498 religionis
947 1412 1115 1480 dissidium
1136 1411 1359 1501 componendi,
1381 1411 1417 1478 id

83 1536 156 1580 sane
179 1515 252 1582 illis
273 1538 477 1604 nequaquam
500 1514 668 1582 ferendum
689 1514 757 1582 fore
779 1537 841 1582 nee
856 1515 1082 1601 dubitandum,
1106 1517 1183 1606 quin
1204 1515 1287 1584 hacc
1307 1515 1417 1582 futura

85 1619 120 1682 sit
141 1620 332 1686 certissima
353 1629 386 1685 et
407 1618 647 1686 evidentissima
667 1619 726 1686 via
741 1617 785 1684 ad
806 1619 1101 1707 interrumpendam
1114 1642 1230 1707 paoem
1251 1619 1416 1706 religionis

84 1743 118 1786 ac
138 1733 355 1809 praesentem
373 1721 567 1790 Germaniae
587 1723 727 1808 quietem
748 1722 1011 1809 perturbandam.
1032 1745 1137 1811 neque
1159 1725 1245 1791 enim
1266 1721 1338 1788 illos
1361 1745 1415 1790 ex-

84 1833 192 1912 pertes
220 1849 292 1892 esse
315 1849 533 1916 eorumquae
559 1827 741 1913 praeteritis
768 1827 862 1891 annis
889 1837 982 1914 gesta
1010 1837 1084 1894 sunt
1110 1847 1216 1917 neque
1243 1826 1417 1893 memoriae

81 1938 144 1994 tam
166 1927 293 1995 labalis
314 1941 369 1996 aut
390 1927 518 1997 iudicio
532 1937 598 1995 tam
620 1927 736 2018 puerili
757 1928 930 2017 praeditos,
956 1930 1033 2018 quin
1055 1928 1237 2018 intelligant
1258 1938 1290 1996 ct
1311 1951 1416 1996 recor·

83 2031 221 2118 dentur,
254 2056 339 2122 quae
370 2033 590 2122 superioribus
620 2031 820 2121 temporibus
852 2031 1061 2100 multifariam
1089 2033 1212 2120 agitata
1238 2031 1357 2099 iruerint
1384 2042 1416 2100 et

80 2158 165 2203 nunc
192 2160 326 2226 quoque
348 2139 464 2226 agitari
487 2145 608 2225 queant
630 2136 671 2202 de
693 2135 790 2204 modo
818 2134 1013 2203 eimoemodi
1042 2137 1184 2224 suspecti
1212 2145 1244 2203 et
1270 2134 1416 2225 partialis

80 2239 216 2306 concilii
239 2240 369 2308 decreta
383 2240 575 2330 exequendi.
599 2239 712 2306 talium
726 2237 858 2328 quidem
873 2237 1079 2306 consiliorum
1094 2248 1127 2306 et
1140 2238 1415 2307 machinationum

80 2355 241 2410 eventum
266 2367 564 2433 sesenequaquam
586 2352 814 2432 expectaurros
836 2344 997 2411 necastis
1025 2342 1086 2409 sibi
1113 2353 1191 2410 tunc
1217 2353 1319 2410 tutam
1346 2343 1416 2411 fore

79 2449 329 2517 existimaturos
343 2448 397 2517 vel
410 2451 659 2516 transactionem
674 2447 900 2516 Patavicnsem
914 2445 967 2514 vel
989 2446 1153 2535 religionis
1169 2470 1283 2535 paoem
1307 2449 1416 2514 euriae

81 2550 258 2620 Romanae
278 2562 344 2618 tam
366 2576 510 2640 exosam,
542 2555 705 2642 quoniam,
734 2544 899 2641 uteunque
920 2575 979 2619 nos
1002 2551 1044 2618 ad
1068 2550 1322 2619 conservandam
1344 2573 1416 2616 eam
1483 2589 1488 2609 ·

82 2677 269 2744 propensos
291 2679 361 2725 esse
384 2655 591 2742 confiderent,
623 2665 813 2724 vererentur
833 2665 941 2722 tamen
963 2677 985 2720 a
1004 2653 1098 2722 nobis
1120 2652 1321 2721 solummodo
1344 2675 1415 2720 earn

82 2760 241 2826 sustineri
262 2783 325 2828 non
346 2783 453 2849 posse.
1225 2757 1226 2764 ἵ

193 2861 305 2953 Neque
327 2887 405 2932 vero
428 2863 548 2932 debere
570 2863 700 2951 eulpam
722 2862 863 2929 adscribi
884 2862 964 2950 ipsis
977 2860 1191 2950 Augustanae
1206 2860 1415 2929 confessionis

83 2965 266 3052 ordinibus,
287 2968 375 3056 qnod
396 2991 461 3036 non
482 2967 602 3035 fuerint
623 2967 726 3034 auditi
755 2968 790 3032 in
817 2966 954 3034 concilio
976 2965 1165 3033 Tridentino
1195 2965 1290 3032 sicuti
1310 2963 1374 3030 illis
1396 2987 1418 3030 a

84 3069 159 3138 divo
190 3071 352 3159 quondam
373 3073 565 3160 imperatore
588 3069 705 3139 Oarolo
732 3071 843 3159 quinto
865 3071 1060 3157 promissum
1080 3069 1194 3154 iuerat,
1217 3091 1262 3136 ex
1282 3087 1346 3156 qno
1369 3066 1415 3133 illi

83 3175 115 3238 in
136 3175 233 3262 dioto
254 3174 388 3242 concilio
409 3197 474 3241 non
495 3175 715 3263 comparuisse
730 3173 887 3240 dicantur.
910 3196 985 3239 nam
1006 3172 1212 3240 manifestum
1233 3193 1304 3239 esse
1327 3171 1415 3258 quod

85 3299 134 3342 res
161 3275 257 3344 aliter
278 3300 314 3345 se
334 3277 455 3345 babeat
481 3288 514 3345 et
543 3277 632 3367 quod
658 3279 721 3366 ipsi
740 3276 955 3365 Augustanus
983 3275 1193 3344 confessionis
1222 3274 1351 3342 ordines
1378 3295 1418 3340 eo

85 3381 235 3447 miserint
254 3403 330 3449 suos
344 3381 543 3449 consiliarios
565 3391 599 3448 et
618 3379 796 3468 theologos,
820 3383 876 3470 qui
896 3403 1062 3469 nunquam
1084 3381 1217 3446 admissi
1240 3400 1298 3447 seu
1315 3376 1418 3445 auditi

84 3481 219 3568 inerint,
247 3493 283 3552 ut
303 3484 436 3552 tandem
456 3507 590 3552 necesse
618 3484 789 3552 habuerint
815 3483 960 3551 nonnulli
988 3505 1098 3552 eorum
1125 3483 1203 3552 fidei
1235 3505 1314 3550 suae
1342 3503 1420 3548 con·

86 3585 265 3654 sessionem
286 3591 407 3676 scripto
428 3589 583 3656 exhibere
604 3597 638 3655 et
659 3590 845 3676 caeteroqui
866 3611 903 3655 re
923 3587 1043 3655 iniecta
1064 3587 1240 3656 discedere.
1267 3595 1302 3653 et
1322 3607 1419 3674 prop·

86 3699 181 3758 terea
201 3714 261 3758 nos
280 3702 369 3760 reete
389 3702 523 3780 paterne
544 3703 577 3760 et
597 3692 736 3760 fideliter
757 3715 865 3781 agere,
888 3692 976 3781 quod
997 3695 1031 3758 in
1045 3691 1131 3761 hanc
1146 3692 1420 3762 continuationem

88 3817 154 3861 non
176 3797 425 3864 consentiamus.
459 3797 576 3887 quodsi
598 3795 671 3862 8¹²⁰·
694 3796 737 3862 D.
759 3796 799 3862 N.
829 3818 903 3864 curn
931 3798 998 3862 suis
1031 3796 1228 3884 sequacibus
1255 3795 1422 3864 veihane

91 3899 363 3966 continuationem
385 3899 512 3968 concilii
532 3899 712 3966 tridentini
731 3901 885 3988 prosequi
906 3899 959 3966 vel
986 3899 1109 3988 aliquid
1139 3899 1229 3967 aliud
1257 3901 1421 3987 suscipere

91 4009 264 4070 conaretur
295 4011 424 4092 praeter
457 4002 656 4070 voluntatem
688 4013 841 4088 noemam,
872 4005 1131 4091 permitteremus
1162 4003 1290 4072 illorum
1324 4025 1421 4072 curae

93 4115 256 4174 maturam
277 4115 310 4172 et
331 4105 469 4174 celerem
490 4107 603 4174 talium
626 4117 800 4175 conatuum
822 4106 1099 4176 disturbationem
1187 4133 1189 4140 ‘

193 4208 354 4277 Videntur
376 4219 484 4278 autem
505 4209 604 4278 iidem
623 4209 838 4299 Augustanus
860 4210 1071 4280 consessionis
1091 4211 1257 4300 principes
1279 4220 1313 4278 et
1334 4210 1421 4279 ordi·

93 4334 149 4379 nes
171 4314 205 4378 in
226 4335 299 4380 eam
322 4315 512 4382 sententiam
533 4313 704 4400 inclinare,
733 4337 830 4404 quam
853 4315 949 4382 ctiam
970 4313 1116 4382 nonnulli
1137 4323 1249 4403 aperte
1271 4314 1421 4402 proliten-

93 4425 153 4500 tur,
176 4415 219 4482 ad
241 4416 472 4484 restituendam
495 4417 618 4486 seilicet
638 4418 830 4505 optatamin
845 4416 1021 4484 Germania
1034 4416 1198 4506 religionis
1213 4417 1421 4487 concordiam

96 4529 126 4584 et
145 4521 301 4587 unitatem
321 4543 389 4588 non
407 4543 504 4609 posse
525 4521 660 4608 reperiri
681 4521 838 4588 rationem
860 4521 965 4608 magis
986 4519 1098 4588 utilem
1120 4529 1154 4588 et
1175 4520 1419 4587 accomodatam

97 4644 190 4707 quarn
213 4621 463 4691 celebrationem
486 4623 611 4691 concilii
633 4621 814 4708 sationalis,
845 4625 897 4690 cui
925 4625 1053 4712 ipsimet
1082 4647 1103 4690 a
1125 4625 1231 4710 capite
1252 4645 1356 4714 usque
1378 4621 1421 4690 ad

98 4724 216 4794 calcem
237 4727 492 4815 praesideamus,
515 4738 547 4795 et
568 4727 612 4794 ad
635 4726 724 4816 quod
746 4725 901 4818 electores
924 4749 1054 4818 quoque
1083 4736 1115 4796 et
1135 4729 1297 4817 principes
1321 4737 1418 4816 atque

98 4829 229 4915 praelati
251 4826 461 4900 ecclesiastici
484 4833 678 4920 competenti
697 4853 832 4898 numero
853 4839 1020 4916 vocentur,
1043 4830 1101 4897 ubi
1118 4841 1288 4918 praetcrea
1309 4817 1420 4898 omnes

100 4934 315 5022 cuiuscunque
330 4943 433 5001 status
447 4937 628 5003 exstiterint
641 4935 742 5004 libere
757 4935 947 5020 audientum
970 4935 1113 5024 quinimo
1135 4936 1200 5001 iam
1222 4957 1308 5001 nunc
1323 4935 1420 5000 etiam

100 5033 190 5102 iidem
212 5025 342 5105 ordines
363 5037 452 5104 haud
476 5040 570 5106 tectis
591 5038 700 5106 verbis
722 5037 904 5126 significant
931 5059 1003 5104 sese
1031 5039 1065 5102 in
1092 5037 1208 5105 futuris
1229 5035 1421 5104 recussus
