3460 5826
1334 529 1396 596 tte

130 709 164 761 ad
182 709 329 762 concilium
346 731 399 766 non
418 715 452 767 ad
469 717 580 786 legates.
598 719 719 771 ulfinum
736 737 800 772 vero
820 727 867 784 eet,
886 722 908 772 ai
926 727 1028 774 tantum
1046 720 1146 775 laboris
1162 721 1192 776 0.
1205 721 1266 773 Meu
1284 720 1398 788 prodeo

130 806 258 865 assumat,
285 808 315 854 ut
332 804 388 870 ipse
406 805 561 859 Tridentum
578 810 669 861 veniat
687 815 714 861 et
728 809 863 876 proximae
882 809 986 861 futurae
1004 810 1115 860 sessioni
1133 809 1237 860 intersit
1253 813 1400 874 patresque

129 887 284 954 alloquatur
301 896 328 941 et
344 891 502 946 adhortetur
517 895 723 963 pontificemque
741 899 883 948 maximum
901 897 935 947 ad
954 897 1025 947 idem
1042 895 1195 946 iaciendum
1212 895 1323 958 invitet3
1343 909 1397 944 neu

131 975 201 1024 enirn
222 981 263 1027 est
282 977 399 1042 dubium,
417 987 529 1046 aceepte
547 985 639 1034 nuntio
663 983 697 1034 de
716 983 743 1034 S.
761 981 816 1033 Mu·
835 984 960 1046 adventu,
982 982 1057 1033 nulls
1074 981 1214 1032 interieeta
1231 994 1306 1030 mora
1325 979 1400 1031 ΒΜ

128 1063 162 1113 D.
184 1079 285 1128 papam
302 1065 450 1119 Bononiam
467 1075 613 1138 venturum,
633 1069 704 1122 uude
722 1075 748 1121 et
766 1069 846 1121 facile
863 1070 1002 1120 Mantuam
1019 1083 1104 1132 usque
1122 1064 1336 1133 progrederetur,
1352 1066 1399 1116 ubi

130 1165 192 1200 eum
212 1149 306 1202 Serffl·
331 1155 473 1220 imperator
495 1158 637 1206 convenire
660 1161 764 1221 poeset;
793 1171 825 1207 ea
852 1157 921 1208 enim
945 1159 985 1205 eat
1002 1155 1101 1220 pietate
1125 1157 1153 1202 et
1182 1151 1310 1202 facilitate
1336 1152 1400 1201 Pius

130 1237 255 1302 pontifex
273 1241 401 1291 maximus
413 1247 443 1291 ut
455 1257 545 1293 omnes
558 1244 714 1308 existiment,
734 1241 793 1294 ΒΜ
815 1241 841 1294 S.
855 1259 909 1292 non
920 1256 999 1307 posse
1010 1242 1081 1302 iusta
1093 1242 1120 1289 et
1131 1239 1176 1305 pis
1185 1238 1285 1290 monite
1297 1235 1326 1288 Ο.
1342 1235 1398 1288 Mi*

128 1339 268 1376 moneare.
285 1331 402 1392 tuncque
417 1328 501 1378 omnia
514 1327 613 1380 inutilis
631 1329 751 1394 quaestio
769 1327 970 1394 relinqueretur,
988 1327 1047 1394 quia
1064 1329 1184 1377 nostrum
1202 1323 1324 1375 videatur
1342 1339 1401 1374 esee

130 1413 226 1474 maier,
250 1417 277 1462 et
293 1413 351 1476 ipae
377 1414 517 1465 assistente
536 1429 643 1465 eaeaare
668 1419 694 1466 et
712 1429 788 1465 sacro
806 1415 972 1480 approbante
995 1411 1108 1464 eeueilio
1132 1426 1166 1463 ea
1183 1413 1311 1461 statueret
1329 1424 1398 1475 quae

130 1497 215 1548 facile
234 1499 356 1550 omnihus
374 1501 426 1566 piia
442 1500 597 1552 satiataeere
614 1505 730 1565 possent.
748 1515 799 1552 nee
815 1499 900 1551 ullam
917 1499 996 1550 video
1013 1497 1149 1551 meliorem
1167 1513 1241 1562 apem
1251 1496 1329 1547 nebia
1342 1510 1400 1546 esse

129 1583 257 1636 relictam
275 1590 353 1636 etex
370 1601 423 1651 qua
440 1585 499 1652 plue
518 1587 648 1638 commodi
666 1588 789 1652 aeeipere
806 1586 923 1638 eeeleaia
939 1584 1097 1636 universalia
1116 1587 1144 1636 et
1154 1583 1306 1649 reepuhliea
1319 1581 1400 1632 ehria·

129 1671 208 1722 tiana
225 1673 317 1737 possit.
336 1675 445 1737 quaesi
464 1675 552 1724 omnia
569 1671 625 1724 fieri
643 1689 696 1726 non
716 1677 833 1738 possunt,
857 1672 1002 1723 videndum
1020 1676 1109 1722 tamen
1127 1671 1186 1736 quis
1203 1670 1237 1718 sit
1254 1668 1339 1720 eritne
1356 1683 1402 1718 ex·

128 1756 292 1822 pecuedes,
309 1772 344 1809 ae
360 1759 471 1823 primurn
490 1759 554 1824 qnid
571 1760 713 1825 agendum,
731 1761 755 1810 si
771 1775 805 1809 ex
816 1758 981 1823 plenitudine
998 1757 1138 1822 potestatis
1150 1756 1318 1806 beatissimus
1329 1768 1401 1820 papa

129 1841 278 1894 eoneilium
296 1843 442 1909 anapendat
458 1845 502 1895 rel
513 1843 596 1906 finiet,
614 1844 687 1910 quid,
704 1846 727 1895 si
744 1844 773 1896 id
789 1845 853 1896 item
871 1845 956 1896 maior
973 1857 1034 1908 pars
1051 1847 1157 1908 panum
1174 1840 1303 1906 approbet
1317 1839 1400 1890 reela·

128 1928 269 1980 mantibus
287 1929 346 1980 aliis
364 1931 525 1993 nationibus,
543 1930 616 1996 quid,
634 1932 657 1980 si
674 1931 780 1982 interim
797 1945 913 1982 summus
931 1928 1051 1996 pontifex
1068 1929 1203 1990 meriatur,
1219 1930 1251 1976 ut
1267 1925 1401 1977 adomnia

129 2014 203 2066 haee
222 2017 311 2082 parati
327 2017 407 2068 aimus
428 2018 627 2083 eogitsmuaque
644 2015 680 2067 ed
698 2016 852 2068 evitandum
869 2015 992 2077 aehiama,
1010 2016 1034 2066 si
1051 2013 1156 2066 sublato
1175 2010 1290 2064 eoneilio
1309 2010 1401 2062 smne·

128 2101 279 2166 imperator
295 2113 350 2150 una
367 2115 428 2150 oum
447 2099 534 2152 Chrmo
555 2105 582 2152 et
605 2100 679 2152 crte
698 2102 806 2167 regibus
818 2099 915 2152 debeat
926 2098 1030 2165 aliquos
1049 2113 1082 2148 ex
1093 2096 1243 2162 praecipuis
1260 2097 1315 2146 auia
1333 2096 1401 2161 epis-

129 2187 211 2252 eopis
240 2189 267 2236 et
283 2184 369 2236 doctis
387 2187 449 2236 viria
466 2187 495 2236 in
511 2201 592 2236 unum
611 2201 770 2249 eonvoeare,
793 2187 838 2251 qui
856 2201 889 2236 ex
907 2182 1034 2236 concordi
1051 2183 1184 2234 sententia
1200 2180 1319 2232 libellum
1337 2196 1400 2232 een·

128 2271 282 2322 seriberent
305 2285 394 2322 earum
420 2287 506 2322 rernm
529 2286 598 2337 quae
622 2271 747 2337 expedire
771 2271 923 2322 viderentur
940 2270 976 2322 ad
993 2270 1122 2320 animem
1140 2272 1167 2319 et
1185 2265 1355 2318 eeneerdiem
1372 2267 1400 2316 in

130 2357 252 2409 ecelesia
270 2357 442 2421 retinendam,
460 2373 528 2424 quae
546 2358 597 2410 ΒΜ
617 2358 652 2408 D.
670 2370 757 2422 papae
767 2357 900 2408 communi
917 2353 1090 2406 ecelesiarum
1108 2353 1160 2404 sihi
1177 2351 1343 2404 subditarum
1355 2367 1401 2402 no·

131 2446 207 2494 mine
225 2443 382 2495 offerrentur
399 2449 426 2496 et
443 2449 474 2495 ut
491 2443 679 2496 eondrmantur
691 2444 834 2495 anteritate
846 2441 994 2508 apostoliea
1006 2439 1171 2506 postularent
1181 2455 1232 2490 nee
1246 2439 1402 2504 desinerent,

130 2543 275 2596 quonaque
283 2529 311 2579 id
321 2529 444 2582 effoetum
462 2530 504 2593 stt,
521 2535 551 2582 nt
568 2529 662 2582 saltem
680 2530 708 2580 in
725 2543 794 2594 paee
811 2533 838 2579 et
848 2527 901 2579 fide
913 2525 1013 2578 subditi
1030 2527 1071 2578 aui
1083 2526 1258 2576 retinerentur
1268 2525 1318 2576 suh
1330 2525 1402 2577 aedis

129 2613 301 2681 apostolieae
324 2617 465 2668 sutentate
488 2621 515 2667 et
536 2618 564 2666 iu
590 2631 644 2670 una
665 2621 760 2668 saneta
785 2613 930 2666 uniruaali
955 2611 1071 2664 eeclesia
1096 2615 1181 2663 matre
1199 2615 1298 2675 nostra,
1326 2615 1402 2663 extra

130 2715 216 2768 qnam
234 2699 309 2752 nulla
326 2699 398 2752 aelus
415 2715 473 2753 esee
490 2706 586 2768 potest.

204 2837 365 2905 Gegenltber
383 2838 435 2890 deu
452 2838 630 2890 Innebrueker
642 2838 831 2901 conferentem
850 2853 883 2888 ru
902 2837 988 2890 denen
1006 2835 1075 2888 aueh
1094 2837 1172 2888 Luna
1189 2850 1243 2887 von
1256 2834 1400 2902 Augehurg

131 2940 186 2976 ana
202 2923 259 2975 und
278 2924 325 2975 der
343 2923 372 2976 0.
386 2924 529 2977 Madrureo
547 2941 600 2977 von
613 2925 706 2976 Trient
724 2923 861 2998 elutraferq
878 2923 933 2974 und
946 2922 1100 2990 gegentther
1120 2922 1201 2973 deren
1221 2921 1400 2972 vorauseieht-

129 3010 233 3062 liehem
250 3011 393 3078 Ergebuias
411 3012 517 3063 maehte
535 3012 578 3063 die
593 3011 741 3078 pipstliehe
759 3011 848 3062 Partei
867 3009 919 3062 elle
937 3009 1156 3075 Anetrengungeu
1174 3024 1219 3059 um
1238 3006 1290 3058 den
1306 3007 1402 3059 Kaiaer

132 3115 169 3148 au
188 3103 340 3164 vermdgen,
353 3098 410 3148 eieh
420 3098 503 3149 lieber
520 3099 568 3148 mit
581 3099 640 3149 dem
653 3099 750 3164 Papste
760 3098 799 3148 als
816 3098 864 3148 mit
878 3095 928 3146 den
940 3095 1091 3146 weltliehen
1100 3094 1214 3145 Fltraten
1233 3110 1265 3143 nu
1283 3095 1402 3144 verstltn·

132 3184 226 3250 digen.
244 3183 301 3233 Der
312 3183 472 3250 erielgloaen
484 3183 610 3250 Sendung
620 3183 666 3233 dee
678 3184 709 3238 B.
720 3181 916 3234 Commendone
929 3181 998 3232 habe
1009 3180 1054 3231 ich
1067 3179 1150 3231 sehon
1168 3177 1291 3246 gedaeht.
1309 3178 1401 3230 Neben

132 3269 179 3320 ihr
196 3269 293 3335 gingen
311 3269 393 3320 audre
411 3269 547 3320 Verauehe
565 3269 630 3320 oder
648 3268 718 3320 doeh
735 3267 898 3334 Vorsehlttge
918 3267 1015 3318 einher.
1034 3267 1110 3318 Noeh
1129 3265 1240 3316 niemela
1251 3279 1339 3316 waren
1350 3263 1402 3315 den

131 3354 288 3406 weltliehen
306 3355 473 3407 Auterittlten
497 3371 527 3406 so
545 3370 637 3420 grosse
655 3353 879 3421 Zugeatltudniase
904 3352 1029 3419 gemacht
1052 3353 1103 3402 wie
1125 3353 1153 3402 in
1175 3351 1223 3402 der
1240 3349 1402 3402 Instruetion

136 3441 188 3492 dea
207 3439 238 3495 C.
251 3441 394 3492 Borremee
412 3457 446 3492 an
465 3440 516 3492 den
528 3441 647 3508 Legaten
659 3439 805 3491 Simonetta
821 3455 883 3490 vom
901 3438 935 3488 20
947 3438 1025 3489 Febr.
1044 3439 1072 3488 in
1085 3437 1187 3490 Pallav.
1206 3439 1230 3501 t,
1249 3438 1307 3488 662.
1325 3436 1403 3488 Neeh

133 3528 229 3578 weiter
245 3528 273 3578 in
290 3533 477 3578 momentanee
489 3525 728 3592 Verapreehungen
745 3541 779 3576 au
797 3524 883 3592 gehen
901 3523 1003 3575 riethen
1020 3539 1074 3574 ron
1086 3525 1177 3576 Trient
1189 3539 1237 3575 aue
1256 3522 1402 3588 Seripando

132 3611 193 3664 und
209 3612 330 3664 Viseonti
351 3611 559 3678 (Beluae-Manet
578 3613 603 3677 3,
619 3610 691 3678 442).
710 3611 831 3662 Letntrer
845 3598 1009 3660 ‘versicherte
1028 3609 1131 3662 damela
1150 3609 1211 3660 dem
1228 3608 1329 3675 Preger
1339 3609 1403 3658 Era-

133 3697 247 3751 biaehof
260 3697 412 3764 (Depeaehe
432 3699 479 3748 der
497 3697 712 3750 Coneiloratoren
729 3712 790 3747 vom
808 3697 841 3747 28
859 3693 997 3764 Febrem),
1015 3710 1070 3745 nou
1087 3693 1208 3746 dubitare
1221 3709 1249 3746 sa
1267 3697 1330 3762 quin
1340 3693 1403 3744 ΒΜ·

133 3786 172 3837 D.
189 3784 223 3834 N.
241 3785 269 3834 in
285 3786 413 3851 petitione
431 3783 524 3836 ealieia
548 3800 577 3834 ae
594 3788 705 3850 paterne
722 3783 885 3834 resoluturus
904 3783 949 3844 sit,
973 3780 1053 3832 modo
1072 3781 1132 3831 ΜΝ
1150 3780 1182 3831 V.
1201 3779 1229 3832 S.
1253 3781 1287 3832 ah
1306 3797 1338 3832 se
1356 3797 1404 3847 per

134 3876 270 3924 oratorem
287 3887 363 3922 auum
380 3869 408 3920 id
426 3870 513 3922 denne
531 3875 622 3936 petere
649 3885 703 3921 non
721 3867 887 3934 dedignetur.
922 3867 975 3917 Ein
992 3867 1081 3934 Agent
1099 3865 1146 3918 der
1164 3865 1242 3917 Ourie
1261 3865 1318 3931 (mit
1343 3867 1403 3918 dem

133 3959 238 4010 Datum
256 3957 402 4008 2Fehruar
418 3955 548 4008 verseheu
565 3953 647 4007 findet
658 3952 715 4005 eieh
727 3955 755 4004 in
765 3953 818 4004 den
830 3951 1002 4004 Ceneilaeten
1015 3952 1058 4002 ein
1070 3951 1197 4002 Diaeerao
1216 3950 1249 4002 de
1261 3952 1298 4003 M.
1312 3951 1403 4004 (inron

135 4044 238 4095 Bertan
256 4043 319 4093 dato
336 4044 423 4109 prima
440 4041 466 4093 al
485 4040 515 4095 O.
527 4041 670 4092 Borromeo
689 4044 716 4090 et
734 4037 760 4088 di
778 4039 824 4106 poi
840 4054 889 4104 per
907 4039 1090 4088 commissione
1109 4052 1157 4087 sua
1175 4037 1238 4089 date
1256 4037 1284 4088 al
1302 4037 1332 4088 C.
1345 4039 1402 4089 Μο-

136 4145 218 4192 τοιιες
236 4128 288 4180 den
306 4127 429 4195 gleiehen
445 4128 572 4178 Discerne
593 4125 626 4177 de
644 4126 679 4176 Μ.
698 4123 789 4176 (iuron
806 4125 904 4174 Berten
922 4123 1017 4174 sendet
1034 4122 1105 4174 dsnn
1122 4122 1192 4174 Areo
1216 4138 1259 4174 am
1278 4125 1310 4174 ³1
1329 4123 1402 4174 Mire

137 4217 197 4280 ein3
208 4214 347 4266 Veriaaaer
355 4215 390 4264 iat
397 4211 468 4264 wohl
480 4212 586 4264 Gorone
595 4211 703 4262 Berteni
715 4209 830 4260 welcher
841 4208 923 4259 sehon
936 4209 1001 4259 1538
1011 4223 1065 4259 von
1075 4208 1144 4259 Paul
1152 4207 1193 4259 III
1204 4224 1237 4259 uu
1249 4203 1347 4260 Kaer
1359 4224 1404 4276 ge·

137 4299 218 4354 aandt
228 4300 327 4364 wurde,
345 4315 389 4351 um
408 4297 500 4350 diesen
518 4313 564 4348 rur
581 4295 766 4363 paradnliehen
783 4294 947 4362 Begegnung
963 4296 1012 4346 mit
1029 4293 1115 4345 henr
1132 4295 1146 4344 1
1163 4296 1191 4344 in
1207 4294 1291 4345 Ninus
1307 4311 1341 4345 nu
1358 4295 1405 4346 he·

138 4386 273 4452 atimmen)
302 4386 349 4438 der
366 4385 423 4436 sieh
441 4383 489 4436 aui
505 4383 548 4434 die
566 4381 677 4449 Erfolge
694 4381 783 4433 beruit
800 4380 844 4432 die
863 4397 892 4432 er
908 4381 959 4432 seit
978 4379 1100 4431 Clemens
1112 4380 1164 4432 VII
1181 4382 1208 4432 in
1225 4380 1327 4432 allerlei
1344 4397 1402 4432 rer·

138 4473 289 4526 tranliehen
307 4471 563 4536 Unterhendlungen
580 4471 629 4520 mit
647 4468 707 4519 dem
718 4468 814 4519 Kaiaer
831 4463 885 4517 und
903 4467 951 4516 mit
970 4466 1021 4517 den
1032 4468 1157 4533 Ktnigen
1173 4483 1227 4518 von
1241 4465 1404 4518 Frankreieh

138 4559 194 4610 und
211 4558 334 4626 England
358 4557 456 4624 gehabt
474 4555 528 4618 het,
553 4555 629 4606 erhet
646 4553 704 4605 aieh
727 4553 797 4605 neeh
820 4569 869 4605 vor
886 4553 947 4604 dem
964 4551 1084 4617 Legeten
1103 4553 1215 4603 Morene
1241 4552 1311 4602 naeh
1329 4553 1403 4602 Inna-

138 4644 225 4697 hruelr
243 4661 277 4694 nu
294 4644 364 4711 gehu
381 4643 436 4696 und
454 4639 606 4693 Ferdinend
624 4637 778 4706 begreiflieh
797 4655 832 4689 ru
849 4637 968 4700 macheu,
997 4637 1058 4688 dass
1078 4637 1125 4688 das
1144 4636 1239 4688 concil
1256 4637 1310 4686 ihm
1329 4638 1404 4688 nieht

139 4731 269 4782 nomnen
285 4731 384 4794 hinne,
403 4730 464 4782 daea
478 4727 600 4780 desselbe
612 4742 662 4777 nur
674 4726 718 4776 die
729 4723 878 4792 phpstliehe
890 4724 1031 4786 Antorititt,
1049 4722 1159 4790 iolglieh
1169 4722 1239 4773 aueh
1252 4722 1295 4773 die
1305 4723 1403 4774 kaiser·

137 4815 211 4868 liehe
228 4816 407 4882 untergrabeu
424 4814 525 4876 werde3
544 4830 588 4864 um
608 4812 660 4864 den
678 4811 771 4863 Kaisar
788 4827 822 4861 zu
839 4811 998 4862 beetimmen
1015 4809 1077 4860 dass
1096 4824 1124 4859 er
1143 4809 1190 4860 das
1212 4807 1304 4860 Coneil
1322 4808 1404 4860 fallen

138 4899 347 4966 lasse‚be‹1trte
366 4916 394 4951 ea
410 4917 461 4954 nur
479 4901 526 4952 des
543 4897 740 4966 Verapreehens
769 4897 831 4948 dnae
849 4897 897 4947 der
913 4896 998 4961 Papst
1014 4895 1085 4947 naeh
1103 4893 1212 4948 Sehluas
1231 4893 1278 4945 des
1297 4893 1404 4946 Oeneils

139 4989 192 5041 alle
205 4987 482 5053 seiueLFerderungen
494 4985 646 5054 bewilligen
656 4982 753 5036 werde.
771 4981 953 5048 Voreiehtiger
966 4984 1067 5032 muaete
1085 4979 1191 5032 Delfino
1209 4979 1250 5030 ala
1268 4979 1405 5031 officieller

136 5075 273 5132 Vertreter
283 5071 453 5141 dea]Pnpstee
461 5072 589 5138 vorgehn.
607 5069 645 5122 Er
656 5069 743 5122 durite
754 5069 828 5124 nieht
840 5067 982 5120 vonathen
998 5066 1059 5119 daaa
1072 5082 1101 5119 ea
1118 5067 1183 5119 Pina
1201 5081 1244 5118 am
1257 5065 1404 5118 envttnaeh·
