3532 5832
1383 495 1423 559 ⁷7

106 687 293 753 Terracinae
315 685 356 753 V.
377 685 431 754 M‘¹
455 683 688 752 deditissimum
711 708 781 752 esse
805 683 956 752 sciebam.
979 681 1067 750 adivi
1088 695 1196 750 tamen
1213 705 1285 748 eum
1299 692 1332 748 et
1345 683 1424 748 mul-

104 804 159 854 tum
175 801 333 858 accurate
356 793 386 856 ei
402 815 469 856 mm
485 789 719 872 commendavi,
743 792 799 877 qni
813 813 891 854 vere
905 787 1039 852 multum
1055 787 1094 852 V.
1111 787 1163 852 Me
1180 787 1308 873 profuit.
1325 809 1425 872 quare

104 917 241 958 summus
264 894 409 980 pontifex
431 904 505 980 post
526 893 662 958 biduum
685 894 908 957 consistorium
931 890 1048 955 indixit
1069 901 1188 956 utrem
1204 889 1291 954 illam
1306 913 1426 977 propo·

101 1007 192 1078 neret,
218 997 277 1062 sed
298 996 448 1083 podagra
470 995 643 1082 impeditus
666 1017 737 1060 eom
760 997 794 1060 in
816 995 951 1060 alterum
975 994 1058 1058 diem
1088 992 1220 1058 distulit.
1250 993 1292 1058 ad
1321 996 1426 1058 consi·

100 1103 227 1164 sterium
251 1111 362 1166 autem
385 1098 509 1164 delatus
534 1099 573 1164 de
597 1122 631 1164 re
654 1099 694 1162 V.
717 1099 782 1164 Mus
809 1098 910 1164 verba
932 1097 1054 1162 faciens
1078 1096 1251 1178 asserebat,
1275 1119 1339 1161 non
1356 1119 1426 1162 esse

99 1205 290 1268 conveniens
314 1203 402 1289 quod
425 1202 540 1289 aliquis
564 1201 735 1288 scrupulus
758 1202 942 1266 iniiceretur
963 1201 996 1264 in
1020 1200 1176 1265 electione
1188 1200 1227 1262 V.
1250 1199 1328 1282 M¹¹⁸,
1352 1199 1427 1266 licet

99 1317 203 1370 essent
217 1305 261 1370 de
276 1304 471 1372 electoribus
488 1305 583 1370 alieni
606 1329 626 1370 a
648 1304 712 1370 fide
735 1303 908 1385 catholica,
932 1327 1007 1368 nam
1030 1304 1126 1368 etiam
1151 1303 1286 1367 aderant
1308 1305 1363 1390 qui
1387 1304 1427 1370 da

99 1432 132 1472 ea
152 1419 242 1474 recte
267 1408 464 1492 sentiebant,
489 1420 521 1474 et
543 1407 632 1495 quod
655 1409 716 1472 sibi
738 1410 857 1473 iustum
883 1407 1056 1472 videbatur
1078 1407 1166 1493 quod
1188 1406 1228 1470 V.
1253 1407 1321 1470 Ma.
1352 1431 1425 1473 con·

100 1523 281 1576 servaretur
302 1514 335 1576 in
358 1513 561 1598 possessione
584 1513 709 1598 imperii
730 1513 847 1598 inqua
869 1510 1126 1597 repperiebatur;
1150 1509 1238 1596 quod
1261 1512 1287 1574 si
1310 1511 1426 1598 aliquis

100 1625 298 1700 compareret
320 1619 375 1703 qni
399 1615 439 1680 de
461 1617 530 1680 iure
553 1614 675 1701 aliquid
699 1614 805 1680 dicere
821 1613 932 1696 vellet,
956 1613 1137 1695 audiretur3
1162 1612 1315 1678 adiiciens
1338 1613 1426 1700 quod

101 1720 259 1784 inanimo
283 1719 345 1782 sibi
368 1729 437 1784 erat
458 1718 498 1783 V.
521 1717 573 1782 Mu
591 1717 674 1782 bene
697 1717 816 1798 favere,
840 1719 917 1802 quia
939 1727 1008 1781 erat
1030 1718 1205 1801 imperator
1226 1716 1424 1802 religiosissi-

99 1844 163 1884 mus
187 1833 220 1886 et
243 1824 421 1886 acerrimus
450 1821 641 1886 christianae
664 1820 739 1885 fidei
773 1819 924 1884 defensor
956 1803 1112 1882 adversus
1136 1817 1291 1894 infideles,
1325 1819 1426 1884 multa

101 1923 187 2009 plura
211 1927 313 1990 etiam
335 1925 500 2012 proferens
530 1925 563 1988 in
589 1923 718 1988 landem
746 1933 778 1987 et
808 1921 1117 1986 commendationem
1139 1921 1178 1985 V.
1203 1921 1281 1985 M¹¹'.
1315 1945 1426 1987 omnes

100 2027 276 2092 cardinales
294 2039 525 2114 cognoscentes
537 2037 675 2091 mentem
689 2027 804 2090 summi
814 2024 974 2111 pontificis
987 2025 1054 2089 eius
1071 2025 1261 2088 sententiam
1273 2027 1423 2090 unanime

100 2131 328 2217 approbarunt,
352 2140 481 2218 praeter
502 2152 600 2194 unum
624 2153 720 2216 quem
743 2130 851 2194 statim
873 2126 965 2192 silere
989 2127 1143 2192 fecerunt.
1169 2151 1241 2192 cum
1257 2139 1365 2192 autem
1380 2130 1425 2192 in·

99 2233 294 2299 tellexissem
307 2243 505 2320 quantopere
518 2255 661 2298 summus
672 2232 818 2318 pontifex
829 2231 869 2297 V.
882 2230 959 2294 Mam
976 2229 1144 2296 extulisset
1158 2243 1190 2295 et
1206 2253 1303 2318 quam
1318 2231 1426 2296 multis

99 2335 249 2401 laudibus
274 2359 346 2401 eam
361 2335 566 2418 cumulasset,
590 2327 664 2400 erim
683 2336 771 2399 adivi
794 2336 977 2398 innumeras
1001 2335 1028 2398 ei
1057 2337 1178 2420 gratm
1205 2357 1317 2420 agens,
1339 2357 1426 2400 asse·

97 2461 168 2503 rens
191 2439 283 2526 quod
306 2441 333 2502 si
356 2439 535 2503 adfuissent
556 2439 597 2519 ‚V.
619 2437 685 2501 MV·
705 2437 889 2512 defensores
905 2459 944 2501 ac
959 2436 1112 2518 fautores,
1136 2459 1199 2502 non
1215 2447 1279 2501 tam
1297 2440 1426 2526 egregie

102 2541 320 2608 defendissent
341 2542 382 2607 V.
404 2542 497 2625 M‘ffl,
521 2543 603 2606 sicut
625 2541 747 2606 fecerat
770 2563 829 2604 sua
849 2539 1030 2622 beatitudo,
1055 2539 1165 2608 dicens
1188 2541 1276 2628 quod
1297 2544 1337 2607 V.
1359 2543 1427 2608 ΜΝ

102 2667 251 2731 magnam
273 2645 424 2710 habitura
446 2655 515 2710 erat
536 2645 694 2710 rationem
722 2645 803 2708 tanti
835 2642 984 2709 beneficii
1018 2653 1050 2708 et
1083 2665 1161 2729 erga
1195 2667 1266 2708 eam
1300 2652 1426 2712 omnem

104 2769 227 2834 semper
248 2750 348 2812 animi
374 2751 515 2835 speciem
544 2749 737 2814 exhibitura.
773 2770 812 2812 ea
834 2749 1008 2834 gratiarum
1042 2749 1126 2812 actio
1155 2745 1187 2811 S.
1211 2748 1263 2812 ΒιῘΙ
1295 2749 1427 2816 mirifice

103 2851 221 2936 placuit
235 2861 268 2916 et
282 2850 383 2916 multa
398 2875 580 2939 magnaque
595 2853 770 2938 praeconia
785 2850 918 2938 protulit
932 2852 965 2914 in
981 2849 1107 2914 laudem
1124 2849 1164 2915 V.
1181 2851 1260 2936 MV,
1279 2853 1426 2940 inquiens

103 2955 186 3041 qnod
208 2955 278 3019 M¹⁸¹
300 2954 341 3019 V.
364 2955 425 3020 sibi
459 2954 665 3042 polliceretur
697 2977 781 3042 quae
815 2977 857 3019 ex
891 2977 952 3018 usu
985 2965 1016 3018 et
1049 2953 1170 3020 bonore
1196 2955 1237 3020 V.
1267 2955 1332 3020 ΜιΙΙ
1368 2979 1427 3043 per

103 3081 168 3122 eam
191 3059 302 3124 facere
323 3068 442 3144 posset.
466 3059 553 3124 adivi
575 3068 744 3144 praeterea
767 3059 889 3143 priores
912 3057 1092 3121 cardinales
1108 3056 1225 3143 quibus
1239 3060 1290 3144 egi
1305 3061 1426 3144 gratias

104 3160 140 3224 de
161 3161 248 3226 hono
272 3183 370 3247 opere
392 3161 478 3226 facto
501 3164 533 3225 in
556 3161 595 3226 V.
610 3161 679 3225 ΜΨ
697 3161 899 3226 beneficium.
916 3169 1023 3224 orator
1038 3183 1114 3224 vero
1131 3160 1172 3224 D.
1188 3160 1316 3246 Vargas
1332 3185 1429 3249 quam

103 3264 269 3329 irracunde
285 3287 446 3352 quamque
469 3265 601 3351 indigne
630 3288 702 3330 eam
724 3289 791 3330 rem
814 3264 934 3346 tulerit,
959 3262 1053 3348 silc03
1078 3286 1185 3327 coram
1201 3264 1286 3330 enim
1305 3265 1346 3330 V.
1367 3266 1426 3332 Μιο

101 3377 211 3453 postea
217 3369 326 3432 omnia
335 3367 482 3432 referam.
490 3369 579 3432 venit
591 3368 707 3433 deinde
717 3392 824 3434 comes
832 3367 939 3453 Scipio
947 3366 989 3430 ad
1000 3367 1226 3453 praestandam
1236 3369 1268 3432 S.
1277 3369 1328 3432 ΒΙΙΙ
1340 3369 1428 3436 debi-

102 3481 163 3534 tam
186 3473 415 3554 reverentiam3
440 3471 594 3558 quicquid
617 3482 724 3536 autem
741 3472 940 3552 successerit,
958 3492 999 3534 ex
1017 3471 1086 3556 ipso
1102 3471 1170 3534 Μιω
1186 3470 1227 3535 V.
1244 3473 1312 3537 sine
1330 3472 1427 3538 dubio

103 3573 265 3639 intellexit.
290 3585 376 3639 certe
398 3598 441 3639 ex
464 3576 533 3639 eius
556 3575 596 3638 ab
619 3575 699 3640 urbe
723 3574 868 3639 discessu
890 3597 974 3660 pene
997 3573 1148 3638 confusus
1177 3573 1318 3658 substiti,
1351 3578 1427 3664 quia

101 3676 175 3742 nihil
198 3677 275 3742 mihi
298 3687 467 3764 praeterea
489 3689 657 3764 supererat
683 3677 844 3764 agendum
871 3675 958 3764 quod
988 3701 1004 3741 e
1036 3675 1075 3742 V.
1105 3677 1169 3741 MV·
1203 3681 1428 3746 commissione

106 3803 292 3868 exequerer.
309 3829 317 3845 .
334 3830 342 3845 .
359 3830 367 3845 .

200 3883 415 3948 Nihilominus
438 3885 470 3948 in
493 3885 554 3950 hac
577 3888 675 3951 animi
697 3885 939 3972 perturbatione
961 3908 1026 3951 non
1043 3885 1149 3952 destiti
1164 3910 1339 3974 procurare
1355 3911 1428 3957 con·

102 3986 312 4052 firmationem
333 3989 577 4074 episcopatuum
599 3990 804 4075 Hungariae,
834 3989 916 4053 adeo
939 3999 975 4052 ut
997 3989 1075 4054 nihil
1098 4005 1281 4078 superesset
1309 3997 1370 4059 nisi
1392 4005 1429 4060 ut

102 4113 159 4176 per
178 4099 405 4178 procuratores
426 4091 599 4156 nonnullae
621 4093 859 4158 informationes
883 4093 1127 4178 expedirentur;
1158 4105 1190 4158 et
1217 4096 1338 4163 bullam
1361 4101 1426 4186 epi·

103 4205 251 4280 scopatns
267 4193 448 4280 Tergestini
471 4204 503 4259 et
518 4194 643 4281 Signini
658 4194 804 4282 expediri
819 4195 882 4260 feci
897 4245 905 4260 .
923 4245 930 4260 .
947 4245 955 4258 .
979 4207 1011 4261 et
1033 4219 1107 4262 cum
1123 4219 1265 4264 summus
1281 4203 1428 4288 pontifex

101 4297 140 4362 de
152 4297 291 4362 tumultu
303 4296 472 4363 Gallorum
487 4309 518 4364 et
530 4297 710 4385 Anglorum
725 4301 868 4364 notitiam
884 4298 1059 4383 habuisset,
1073 4301 1114 4365 de
1128 4304 1275 4388 cogendo
1293 4303 1427 4370 concilio

100 4403 291 4466 mentionem
312 4399 435 4482 hahuit,
459 4423 607 4466 asserens
631 4426 665 4468 se
688 4426 727 4468 ea
749 4404 854 4489 gratia
865 4403 1045 4468 Bononiam
1069 4405 1214 4470 conferre
1229 4407 1312 4473 velle
1328 4430 1428 4473 causa

102 4503 173 4569 dicti
196 4502 324 4570 concilii
346 4526 419 4568 cum
445 4527 603 4570 consensu
635 4517 666 4570 et
693 4506 858 4570 voluntate
881 4506 920 4571 V.
951 4507 1014 4570 MV·
1042 4507 1229 4592 inchoandi,
1260 4510 1427 4576 affirmans

102 4609 190 4672 etiam
215 4607 303 4694 quod
326 4609 453 4672 omnino
477 4608 607 4674 volebat
628 4610 668 4673 V.
692 4611 770 4673 M¹⁸¹²¹
792 4609 950 4696 imperiali
967 4632 1085 4675 corona
1101 4611 1270 4698 insignire3
1295 4613 1425 4701 quodsi

102 4710 230 4796 aliquod
252 4710 517 4798 impedimentum
552 4723 731 4798 emergeret
764 4737 824 4778 nec
856 4713 951 4778 facile
985 4724 1070 4779 esset
1091 4716 1131 4778 V.
1162 4717 1214 4780 M⁸¹
1245 4719 1277 4781 in
1300 4715 1427 4782 ltaliam

103 4813 311 4898 descendere,
341 4816 411 4901 ipse
433 4813 647 4900 pollicebatur
668 4818 840 4881 missurum
863 4817 944 4882 duos
973 4817 1154 4882 cardinales
1188 4819 1362 4903 Viennam,
1391 4827 1427 4886 ut

103 4916 174 4982 ΜιεΙΙΙ
197 4919 237 4984 V.
261 4929 463 4984 coronarent.
492 4941 642 5004 magnam
672 4919 810 5006 denique
833 4943 873 4984 ac
899 4919 996 4984 valde
1023 4942 1217 5007 propensum
1248 4925 1344 4988 animi
1377 4923 1427 4988 sui

102 5023 292 5092 voluntatem
318 5046 396 5112 erga
410 5021 488 5088 M¹⁰¹²¹
502 5022 543 5087 V.
564 5023 708 5112 profecto
732 5045 874 5090 summus
896 5025 1042 5112 pontifex
1064 5047 1177 5114 gerere
1199 5027 1287 5093 visus
1310 5036 1368 5116 est,
1391 5037 1427 5100 ut
