3468 5820
1319 541 1380 606 tet

123 733 232 785 decreti
255 733 289 784 de
306 731 448 785 residentia
466 733 606 800 episcopali
630 733 660 800 (a.
678 733 821 786 Mendham
838 731 901 798 tei)
924 731 1027 783 echeint
1043 731 1097 784 ihm
1114 747 1182 801 gans
1199 733 1321 800 geeignet
1337 731 1383 782 der

120 819 271 872 nntaloeen
287 819 443 872 Diseuseion
461 821 504 871 ein
521 819 597 871 Ende
616 835 648 870 an
665 821 786 874 machon.
805 845 838 858 -
856 819 895 870 Er
910 818 1000 869 eunde
1017 817 1120 870 lebhrit
1137 819 1285 882 bodonem,
1307 832 1383 870 ueun

121 906 170 958 der
190 905 322 958 Cardinal
340 923 393 958 uon
409 906 572 974 Lotbrinpen
589 907 643 958 und
660 907 760 960 audere
775 907 925 960 Frenaoeen
943 904 991 958 das
1009 904 1102 958 Conci}
1118 906 1252 958 verleeeen
1268 904 1383 956 ποιιιιιι.

121 1019 156 1031 -
174 991 262 1046 Luna
278 993 324 1044 bat
341 1009 393 1046 von
411 994 510 1044 seinem
527 994 616 1060 Kenig
633 993 726 1044 Beiehl
744 993 870 1056 erhalterr‚
887 990 944 1044 sich
961 991 1028 1042 ohne
1047 991 1151 1058 Vernug
1167 992 1221 1044 und
1238 991 1307 1044 ohne
1325 992 1383 1042 eine

120 1077 334 1146 Vereinbarung
350 1081 397 1130 mit
416 1079 467 1130 den
484 1077 636 1132 Francosen
654 1082 823 1132 abauwarten
846 1081 914 1132 nach
932 1079 1023 1131 Trient
1040 1095 1073 1130 aa
1092 1079 1225 1144 begeben,
1241 1078 1295 1129 und
1319 1075 1383 1128 wird

118 1165 255 1217 nichster
277 1167 351 1231 Tage
374 1165 544 1217 susbrechen.
571 1167 646 1217 illm·
677 1168 706 1218 0.
731 1167 764 1222 de
787 1167 865 1218 Luna
889 1169 916 1217 in
939 1168 1025 1218 auimo
1048 1165 1137 1229 babet,
1162 1158 1268 1232 boando
1297 1163 1383 1214 isthuc

119 1253 243 1316 venerit,
253 1251 327 1304 nulla
337 1251 423 1302 adhue
433 1253 540 1303 interna
549 1253 710 1318 interipsum
724 1259 750 1304 et
762 1259 878 1305 oratores
887 1249 978 1304 Gallos
988 1251 1146 1304 concordiae
1154 1252 1264 1314 ratione,
1275 1251 1384 1316 primurn

120 1353 183 1390 nese
202 1343 405 1405 repraesentare
422 1340 450 1390 iu
470 1337 584 1391 concilio
608 1339 702 1392 mdo
725 1353 776 1391 nec
798 1339 852 1391 ullo
880 1341 907 1389 in
930 1339 991 1390 loeo
1010 1335 1170 1390 considendo
1188 1352 1274 1404 neque
1290 1340 1384 1402 postea

121 1425 292 1476 intervenire
310 1425 358 1476 nili
375 1427 486 1476 sessioni
504 1425 547 1476 vei
570 1427 769 1492 congregationi
791 1431 838 1477 aut
860 1427 931 1476 actui
952 1425 1073 1492 publico,
1096 1437 1179 1490 usqne
1202 1423 1264 1474 dnm
1281 1427 1384 1474 contro·

120 1513 220 1562 versia
237 1514 289 1562 ieta
305 1511 510 1578 praecedentiae
527 1513 694 1580 transigetur.
723 1517 753 1564 ιιι
777 1512 856 1580 igitur
879 1512 961 1576 possit
983 1510 1009 1562 id
1032 1513 1117 1578 ipsum
1135 1510 1223 1560 iacere
1241 1508 1383 1570 honestius,

120 1597 254 1650 volumus
273 1604 352 1664 atque
370 1599 491 1648 iubemus
513 1603 543 1648 ιιι
561 1613 609 1648 voe
632 1613 737 1663 quoque
759 1597 797 1647 illi
821 1596 855 1647 ad
877 1595 946 1648 latus
969 1596 1110 1654 ιιιείιιιιιὶι,
1134 1593 1220 1646 donec
1236 1595 1319 1660 prims
1336 1607 1384 1642 sue

121 1685 259 1736 mandata
277 1685 303 1734 in
323 1683 434 1736 concilio
454 1686 611 1750 exposuerit.
629 1684 749 1751 adeoque
768 1695 986 1748 omnemoperem
1004 1681 1079 1745 detis,
1097 1695 1131 1732 ne
1148 1681 1211 1750 quid
1224 1678 1384 1730 difficultatis

121 1772 151 1821 in
170 1771 325 1823 istiusmodi
342 1769 413 1822 illins
431 1771 617 1837 comparitione
635 1771 740 1824 orietur.

620 2271 844 2359 OOXLIV.

376 2491 415 2572 Κ.
444 2491 665 2568 maximilian
685 2513 730 2567 an
760 2493 952 2590 Prospero
976 2493 1130 2590 d’Arco;

539 2662 647 2727 Wien,
671 2663 797 2730 Sapei]
821 2665 913 2716 1508.

560 2842 696 2899 Romano.
718 2843 895 2914 Reiosobsift.
936 2923 942 2930 Ι

170 3021 266 3104 Quae
289 3043 387 3087 causa
409 3021 506 3088 fuerit
528 3045 585 3088 cur
606 3033 749 3090 nostram
771 3025 814 3090 ad
836 3023 867 3091 S.
883 3024 925 3090 D.
941 3025 1125 3113 pontificem
1146 3027 1322 3090 maximum
1344 3025 1390 3091 le-

64 3127 233 3210 gationem
255 3123 424 3213 bucusque
446 3122 679 3210 distulerimus,
710 3149 788 3193 sane
810 3137 842 3193 te
863 3130 1014 3216 ignorare
1035 3152 1102 3195 non
1124 3127 1330 3212 arbitramur,
1360 3141 1393 3195 et

65 3231 223 3315 quoniam
244 3231 279 3294 in
300 3252 338 3296 co
362 3229 449 3316 quod
472 3240 507 3295 tu
529 3231 660 3318 quidem
682 3230 743 3298 hac
765 3233 797 3296 in
819 3255 855 3298 re
879 3231 1101 3312 consulueras,
1132 3241 1168 3298 ιιι
1195 3255 1215 3298 a
1242 3231 1391 3318 pontifice

67 3333 194 3399 scilicet
225 3334 296 3420 ipso
330 3335 507 3420 scripturae
535 3356 619 3421 quae
647 3356 668 3398 a
695 3333 789 3400 nobie
818 3333 1041 3400 desiderentur
1069 3334 1169 3401 libere
1197 3345 1391 3422 peterentur,

65 3437 169 3502 multa
192 3435 428 3502 consideranda
449 3437 543 3504 nobis
565 3437 761 3522 inciderunt,
792 3459 850 3502 cur
875 3438 908 3501 in
937 3437 971 3502 id
1000 3440 1104 3503 minue
1129 3441 1393 3518 consenserimus,

68 3559 158 3607 nunc
182 3539 398 3626 singularibus
421 3541 464 3606 ad
485 3550 517 3607 te
540 3550 665 3627 praeter
686 3539 745 3604 has
767 3539 937 3606 scribimus
959 3539 1059 3606 literis
1093 3540 1171 3630 quid
1203 3542 1243 3608 de
1272 3565 1307 3607 ro
1337 3543 1393 3608 diu

67 3643 202 3730 quidem
226 3641 403 3710 deliberata
425 3643 587 3730 agendum
609 3643 739 3710 tandem
756 3643 970 3728 statuerimus,
995 3643 1112 3732 quibus
1127 3654 1162 3710 tu
1176 3643 1277 3711 literis
1291 3646 1393 3734 probe

70 3745 247 3814 instructus
270 3750 476 3814 commissum
497 3747 557 3814 tibi
578 3771 598 3814 a
619 3749 713 3815 nobis
744 3749 914 3835 negocium
942 3749 1011 3814 eius
1040 3747 1079 3814 S²¹
1111 3749 1310 3816 commodius
1339 3773 1393 3816 ex·

69 3872 175 3935 pones
197 3861 230 3916 et
249 3849 360 3918 literas
382 3854 478 3940 ipsas,
502 3851 529 3917 si
549 3873 683 3918 necesse
706 3853 776 3935 erit,
799 3854 832 3916 in
854 3850 1030 3938 archetypo
1058 3852 1275 3938 inspiciendas
1306 3853 1393 3918 exhi·

69 3951 159 4021 beas.
183 3955 390 4044 quodetiam
411 3965 447 4020 ut
469 3977 509 4022 ea
531 3977 596 4044 qua
617 3965 710 4044 potes
734 3977 858 4021 summa
885 3954 1043 4020 industria
1073 3953 1240 4040 diligentie
1262 3967 1295 4022 et
1317 3956 1393 4023 dex-

70 4060 199 4124 teritate
222 4067 361 4146 satagas,
385 4057 524 4145 benigne
546 4059 605 4124 abs
627 4068 659 4123 te
680 4059 881 4146 requirimus,
912 4057 1182 4146 quemadmodum
1204 4083 1263 4147 pro
1288 4060 1394 4147 singu·

72 4158 132 4228 lari
155 4171 212 4227 tua
233 4163 266 4227 in
288 4185 347 4228 nos
373 4161 436 4228 fide
466 4171 497 4228 et
524 4163 729 4229 observantia
755 4162 914 4228 facturum
942 4173 974 4227 te
1004 4184 1074 4228 esse
1101 4160 1181 4228 nihil
1210 4161 1394 4230 diffidimus.

74 4285 146 4330 eum
168 4266 266 4352 igitur
287 4265 320 4330 in
343 4266 475 4332 modum
497 4288 595 4353 quem
616 4267 650 4330 in
672 4265 766 4332 dictis
790 4265 889 4332 literis
911 4268 1187 4354 praescripsimus,
1209 4289 1245 4334 re
1265 4266 1395 4332 demum

73 4370 246 4455 proposita,
271 4369 348 4458 quid
370 4370 413 4435 ad
435 4393 475 4434 ea
497 4369 611 4434 eadem
634 4367 688 4434 δ”·
711 4368 744 4434 S.
768 4371 809 4434 sit
830 4391 1031 4458 responsura,
1055 4371 1198 4434 animum
1219 4369 1392 4457 diligenter

76 4469 231 4554 intendas,
255 4481 287 4538 et
310 4475 337 4537 si
359 4474 427 4538 eius
451 4471 507 4539 δ”·
531 4473 691 4538 diversam
718 4473 854 4538 fortasse
883 4475 1052 4539 iuramenti
1080 4473 1218 4538 sormam
1247 4482 1394 4561 praeten-

76 4572 137 4652 dat,
160 4583 195 4639 tu
218 4573 258 4640 de
282 4598 321 4641 ea
342 4575 401 4650 tibi
424 4575 607 4642 exhibenda
630 4575 718 4664 apud
738 4579 842 4664 ipsam
859 4577 969 4642 sedulo
985 4578 1084 4642 instes
1099 4599 1203 4664 neque
1220 4579 1393 4666 quicquam

77 4699 184 4743 corum
205 4679 366 4766 negligas,
397 4702 569 4767 suppresso
597 4689 704 4746 tamen
733 4682 860 4768 penitus
889 4679 1126 4768 qui'haetenus
1154 4680 1247 4746 nobis
1271 4680 1394 4747 obstitit

78 4783 305 4868 scripturarum
329 4783 466 4868 defectu,
491 4783 608 4870 quibus
631 4783 685 4850 82⁴·
709 4781 741 4850 S.
764 4782 807 4848 ad
830 4806 900 4849 eam
923 4782 1053 4850 tandem
1077 4793 1190 4870 suapte
1205 4793 1320 4870 sponte
1342 4783 1396 4850 de·

80 4884 287 4971 promendam
308 4885 426 4952 adduci
449 4895 554 4973 queat.
906 4941 908 4946 ,

174 4987 213 5052 In
234 4988 296 5055 hoc
319 4997 425 5054 autem
449 4997 543 5055 caute
566 5011 605 5054 eo
626 4989 761 5076 provide
783 4989 1029 5072 animadvertas,
1052 5011 1093 5054 ne
1115 4988 1272 5076 exemplis
1294 4988 1397 5056 solum

81 5095 305 5180 scripturarum
328 5103 383 5158 aut
405 5091 469 5158 alia
491 5092 630 5180 quadam
653 5095 721 5158 cius
743 5093 791 5157 rei
814 5095 921 5183 speeie
945 5093 1064 5188 imponi
1086 5090 1143 5157 tibi
1167 5094 1306 5185 patiaris,
1339 5095 1397 5170 sed
