3532 5832
301 710 503 794 habendam,
540 722 648 779 utram
669 712 743 802 quis
765 711 865 798 colat,
903 713 962 781 sed
989 713 1127 782 liberum
1158 736 1229 781 esse
1257 717 1433 804 unicuique
1454 717 1487 780 in
1510 739 1551 783 ea
1572 740 1639 806 qua

301 814 379 882 velit
398 816 571 903 persistere
595 825 627 882 61
651 815 745 882 simul
766 816 902 904 pacifice
923 819 1044 885 vivere.

404 917 443 984 In
466 929 628 986 conventu
648 919 845 986 Ratisbonae
867 919 977 988 habito
1001 921 1196 1006 66661557,
1220 943 1295 986 cum
1317 920 1359 986 ab
1374 921 1431 986 his
1448 924 1504 1010 qui
1526 923 1639 990 catho-

302 1018 437 1087 licorum
459 1031 569 1109 partes
593 1022 810 1109 sustinebant,
848 1025 1022 1091 concilium
1043 1023 1226 1103 universale
1248 1027 1282 1090 in
1310 1047 1374 1114 quo
1397 1029 1640 1093 controversiae

303 1123 546 1210 dirimerentur,
571 1126 612 1193 ab
635 1128 806 1193 haereticis
827 1150 906 1194 vero
930 1127 1127 1216 colloquium
1148 1138 1399 1217 proponeretur,
1433 1130 1504 1218 ipse
1525 1128 1639 1196 Ferdi·

303 1228 432 1295 nandus
444 1227 565 1314 Serene,
589 1233 645 1318 qui
667 1233 756 1301 vices
778 1242 847 1297 turn
866 1231 973 1299 Oaroli
994 1232 1028 1298 V
1044 1233 1152 1298 {ratris
1166 1232 1320 1321 gerebat,
1344 1231 1541 1321 colloquium
1560 1255 1639 1299 eon-

304 1330 376 1398 cilio
399 1333 648 1421 praeferendum
672 1333 816 1402 decrevit
837 1359 943 1424 neque
965 1337 1250 1424 protestationum,
1275 1359 1357 1424 quas
1386 1339 1441 1424 qui
1464 1335 1639 1404 catholico-

302 1457 374 1500 rum
397 1457 513 1502 ceusas
536 1437 678 1524 agebant
700 1449 935 1526 opposuerunt,
958 1441 1116 1513 rationem
1130 1439 1231 1506 ullam
1251 1439 1437 1507 habendam
1459 1443 1594 1506 censuit.

406 1537 625 1606 Subsecutum
647 1549 697 1606 est
718 1539 833 1608 eodem
855 1565 940 1609 anno
963 1543 1160 1632 colloquium
1173 1544 1417 1629 Vormaticnse,
1440 1546 1493 1610 cui
1515 1546 1641 1632 episco-

304 1664 366 1730 pus
388 1642 614 1731 Naburgensis
634 1646 765 1711 nomine
792 1647 895 1733 ipsius
918 1645 1008 1712 Ser⁰²¹
1033 1646 1233 1713 Ferdiuendi
1261 1647 1418 1735 praelusit,
1455 1649 1488 1712 in
1510 1669 1574 1736 quo
1598 1648 1642 1713 de

304 1745 382 1812 fidei
398 1745 541 1812 articulis
557 1756 588 1814 et
602 1749 777 1835 praecipue
793 1749 834 1814 (16
849 1748 988 1816 ecclesia
1002 1752 1136 1838 eiusque
1152 1752 1258 1839 capite
1280 1751 1404 1840 absque
1425 1750 1493 1816 ulle
1508 1760 1643 1817 sauctae

307 1849 393 1915 sedis
416 1849 614 1938 apostolicae
637 1853 828 1917 auctoritate
852 1850 1101 1939 disceptandum
1122 1853 1215 1922 foret.

408 1953 448 2018 In
471 1955 608 2020 comitiis
623 1954 877 2022 Francofordiae
899 1979 984 2021 anno
1001 1956 1270 2025 1558001ebretis
1294 1959 1397 2024 cessio
1412 1958 1540 2046 imperii
1553 1957 1645 2022 lacte

303 2055 404 2122 baisse
434 2056 567 2143 dicitur,
597 2059 631 2124 in
659 2082 724 2147 que
754 2059 885 2147 quidem
912 2082 949 2125 re
977 2059 1068 2126 nrrlla
1097 2063 1297 2128 auctoritatis
1326 2061 1412 2128 sedis
1442 2061 1644 2150 apostolicae

306 2161 390 2227 ratio
412 2158 525 2227 habite
545 2160 621 2246 lirit,
644 2161 688 2228 ad
711 2185 809 2250 quam
831 2162 935 2230 solam
957 2163 1020 2230 hoc
1041 2166 1208 2253 negotium
1228 2165 1420 2253 pertinebat

945 2353 996 2420 B.

414 2486 546 2554 Obietto
561 2489 675 2574 primo.
760 2489 841 2556 =Ne1
857 2512 942 2556 anno
959 2489 1063 2578 1552,
1088 2489 1217 2580 quando
1232 2491 1385 2557 Mauritio
1400 2511 1507 2558 messe
1528 2490 1549 2556 l’
1562 2493 1649 2558 armi

308 2601 421 2659 contra
442 2591 462 2655 l'
478 2593 692 2678 imperatore,
715 2590 739 2656 il
759 2615 795 2659 re
818 2593 858 2660 de
880 2593 1019 2660 Romani
1039 2617 1099 2682 per
1121 2594 1298 2662 accordaro
1318 2594 1473 2662 Mauritio
1494 2618 1600 2662 venne
1625 2618 1650 2662 a

306 2695 444 2763 Patavia
465 2719 527 2764 con
547 2695 639 2763 molti
660 2698 798 2786 principi
821 2708 854 2764 61
875 2701 1021 2766 66666611
1042 2701 1076 2765 16
1092 2699 1165 2788 quel
1187 2723 1331 2784 recesso,
1354 2699 1414 2765 che
1435 2699 1459 2764 li
1481 2701 1556 2766 stati
1569 2722 1648 2787 pro-

306 2799 420 2868 fessori
442 2801 483 2868 de
505 2799 538 2866 la
560 2800 743 2868 confession
763 2801 958 2889 Augustana
978 2826 1045 2869 non
1067 2805 1094 2868 si
1108 2811 1275 2891 potessero
1290 2827 1332 2869 ne
1353 2803 1469 2891 punire
1489 2824 1532 2869 ne
1554 2824 1649 2868 scee-

308 2905 396 2970 ciare
418 2905 452 2970 di
473 2903 568 2971 luoco
591 2904 708 2971 616666
731 2899 860 2972 subdito
883 2905 936 2972 all’
948 2907 1093 2993 imperio.

415 3009 577 3096 Risposta.
678 3007 778 3075 'l'utto
802 3009 909 3097 quello
933 3009 993 3076 che
1008 3010 1125 3076 l’anno
1142 3008 1194 3076 del
1217 3010 1300 3078 1552
1314 3009 1350 3075 iu
1371 3019 1501 3076 16611616
1524 3017 1557 3075 61
1571 3029 1649 3074 con·

308 3111 397 3179 cluso
420 3112 474 3179 nel
496 3121 655 3179 convento
679 3113 712 3179 di
732 3112 879 3198 Pataris,
902 3121 985 3180 tutto
1007 3114 1043 3180 fir
1064 3123 1197 3180 tratatto
1220 3125 1253 3179 et
1274 3111 1427 3180 concluso
1450 3136 1510 3202 per
1532 3111 1646 3179 ordine

311 3217 344 3282 di
367 3216 463 3283 Oarlo
484 3217 526 3301 V,
550 3239 570 3282 a
590 3216 654 3282 line
677 3216 709 3282 di
724 3216 776 3283 far
790 3215 935 3304 deponar
958 3216 979 3282 l'
995 3218 1076 3282 armi
1099 3216 1284 3284 aMauritio
1307 3229 1420 3306 et.per
1441 3199 1513 3284 non'
1526 3216 1648 3284 lascier

307 3321 445 3408 perdere
467 3342 488 3385 a
508 3320 532 3386 li
554 3322 629 3386 steti
651 3319 801 3387 catholici
824 3320 898 3410 quel
919 3344 1001 3410 poco
1025 3321 1084 3388 che
1104 3320 1174 3388 loro
1196 3333 1327 3388 restava
1350 3321 1382 3387 di
1397 3321 1646 3409 giurisdittione.

309 3422 441 3490 haveva
462 3423 495 3489 la
515 3421 572 3489 hl‘¹
597 3423 630 3489 di
651 3423 859 3491 Fcrdinando
884 3424 979 3514 quell’
994 3448 1078 3492 anno
1101 3449 1273 3493 numeroso
1296 3423 1412 3492 florido
1435 3427 1588 3492 essercito
1610 3425 1646 3489 in

308 3525 481 3614 Hungarie
503 3537 585 3594 sotto
606 3551 627 3592 a
649 3526 819 3594 Giovennc
840 3529 981 3595 Battista
996 3527 1166 3616 Casteldo,
1189 3540 1222 3596 et
1243 3551 1278 3595 se
1299 3528 1437 3595 hevesse
1459 3538 1562 3595 etteso
1578 3527 1643 3594 alle

310 3654 385 3698 cose
408 3654 465 3697 sue
487 3631 667 3718 principali,
690 3631 857 3697 lesciaudo
879 3631 902 3698 il
924 3635 1074 3720 pensiero
1098 3633 1131 3698 di
1154 3643 1266 3721 queste
1289 3631 1370 3698 altre
1394 3655 1414 3698 a
1436 3630 1488 3698 chi
1509 3632 1567 3719 piu
1588 3653 1645 3719 ap·

218 3759 222 3770 ·
308 3745 486 3822 pertenere
508 3733 539 3800 d'
552 3733 694 3820 havcrlo,
717 3757 783 3801 non
806 3733 988 3804 sarebbono
1011 3735 1042 3802 le
1064 3758 1139 3802 cose
1162 3736 1396 3824 d'Hungheria
1417 3734 1537 3801 audate
1558 3733 1644 3800 male

309 3837 404 3926 quell'
417 3841 532 3905 istesso
554 3861 658 3923 anno,
683 3839 710 3902 si
732 3860 823 3905 come
846 3840 1030 3925 andarono;
1051 3863 1107 3906 ma
1120 3838 1153 3906 la
1167 3842 1254 3929 pieta
1276 3839 1452 3906 christiana
1474 3838 1507 3904 di
1530 3847 1647 3926 questo

307 3941 396 4009 buon
418 3943 564 4032 principe
585 3941 617 4007 lo
639 3964 747 4008 mosee
769 3964 790 4007 a
810 3943 904 4009 venir
925 3945 959 4008 in
981 3965 1130 4010 soccorso
1154 3941 1195 4010 de
1217 3941 1250 4009 la
1264 3941 1436 4030 religione,
1461 3951 1574 4008 contra
1595 3940 1648 4008 la·

308 4045 405 4135 quale
428 4049 455 4111 si
476 4068 615 4113 moveve
636 4044 905 4134 prinoipelmente
927 4045 1095 4130 Mauritio,
1129 4056 1162 4112 et
1194 4043 1214 4110 l’
1227 4069 1319 4112 amor
1350 4045 1492 4111 fraterno
1520 4043 1552 4111 lo
1574 4045 1649 4111 fece

308 4149 540 4218 abbandonam
562 4152 639 4239 ogni
661 4150 743 4217 altro
766 4151 921 4216 interesse
945 4149 985 4216 de
1006 4150 1031 4215 li
1053 4151 1124 4216 suoi
1147 4151 1231 4216 steti.
1265 4160 1297 4217 ct
1317 4156 1505 4216 veramente
1527 4147 1588 4215 che
1611 4172 1648 4216 se

307 4255 327 4320 l’
341 4255 502 4322 euthorith
524 4266 556 4321 et
578 4254 745 4343 diligentia
767 4253 801 4320 di
822 4253 1030 4320 Ferdinendo
1053 4276 1118 4319 non
1141 4251 1330 4320 conduceva
1351 4252 1503 4317 Mauritio
1527 4249 1579 4317 all'
1592 4274 1650 4318 ac·

309 4360 408 4428 cordo
431 4359 491 4427 che
513 4359 545 4426 lo
569 4360 728 4426 condusse
750 4360 784 4426 in
804 4358 956 4444 Pateria,
993 4358 1025 4424 le
1056 4381 1131 4425 cose
1160 4357 1200 4424 de
1224 4355 1375 4423 catholici
1395 4355 1651 4422 humanaments

308 4473 341 4531 61
361 4462 631 4552 probabilimente
647 4461 856 4530 discorrendo
871 4462 1029 4528 16666666
1054 4461 1105 4528 del
1125 4471 1226 4543 resto,
1256 4460 1339 4528 oude
1362 4481 1489 4549 necque
1505 4456 1564 4524 che
1578 4479 1647 4523 non

308 4569 344 4634 fu
359 4577 442 4634 stato
465 4566 624 4636 catholico
640 4566 699 4634 che
721 4590 787 4634 non
809 4568 837 4631 si
857 4576 1033 4633 mostrasse
1049 4565 1282 4653 obligatissimo
1306 4588 1326 4630 a
1347 4563 1381 4631 S.
1402 4563 1461 4630 Mu
1483 4561 1523 4628 de
1545 4561 1577 4627 la
1598 4562 1648 4627 fa·

308 4675 374 4739 tica
389 4672 431 4738 da
445 4672 489 4739 lei
502 4672 585 4738 fatte
599 4674 633 4738 in
649 4671 744 4761 quell’
757 4671 888 4756 attione,
906 4670 978 4737 dico
994 4668 1082 4736 della
1095 4670 1204 4754 fatica,
1226 4668 1346 4757 perche
1361 4669 1396 4733 in
1412 4664 1520 4756 quello
1531 4687 1597 4731 non
1612 4666 1651 4731 vi

310 4799 417 4845 messe
440 4775 473 4843 S.
496 4773 555 4842 Me
577 4799 612 4842 se
633 4799 700 4842 non
720 4775 754 4841 la
767 4797 909 4864 persona
925 4796 987 4841 con
1001 4772 1032 4840 le
1046 4773 1168 4863 parole,
1192 4773 1292 4839 sendo
1316 4781 1399 4838 stato
1422 4770 1445 4836 il
1466 4779 1553 4837 resto
1568 4790 1651 4855 epra

309 4891 342 4948 61
356 4880 490 4949 volunta
505 4879 538 4945 di
554 4878 649 4947 (lario
663 4878 705 4965 V,
729 4877 761 4944 61
776 4878 853 4966 quel
876 4877 944 4945 solo
961 4877 985 4942 s'
995 4876 1039 4945 ha
1052 4899 1073 4942 a
1088 4875 1288 4944 demandare
1302 4876 1436 4963 ragione
1452 4872 1515 4942 del'
1527 4871 1648 4938 effetto.

411 4983 543 5051 Obietto
566 4982 718 5051 secondo.
820 4982 883 5050 Nel
907 4981 1099 5050 16656661
1130 4981 1209 5047 ilre
1238 4979 1279 5046 de
1300 4979 1439 5045 Romani
1461 5001 1482 5044 a
1502 4975 1535 5042 la
1557 4976 1649 5042 dieta

310 5085 344 5156 in
364 5086 518 5175 Augusta
539 5096 573 5154 et
593 5087 663 5156 1666
685 5110 730 5154 un
751 5109 892 5174 recesso,
914 5086 968 5153 nel
991 5085 1087 5176 quale
1108 5095 1226 5174 troppo
1253 5083 1454 5172 largamente
1476 5079 1647 5170 preiudiob
