3498 5830
1373 473 1432 538 111

212 661 311 744 Quod
337 683 416 730 vero
444 659 503 728 ΒΨ
531 662 600 726 eiua
633 661 691 728 tibi
725 659 964 748 significaverit,
1001 683 1060 728 nos
1092 659 1217 726 nunciis
1250 659 1435 746 apostolicis

103 764 238 848 dixisse,
262 764 329 830 S¹⁸¹n
351 786 444 832 suam
466 785 532 832 non
553 766 697 852 potuisse
725 764 833 832 facere
861 763 949 830 aliud
979 787 1076 851 quam
1104 764 1138 829 id
1161 763 1247 852 quod
1269 763 1381 830 fecerit
1401 765 1435 830 in

103 867 197 934 bulla
221 866 357 952 concilii,
379 865 527 934 nolumus
549 877 582 933 te
604 866 705 934 latere
729 867 816 955 quod
838 891 902 934 non
924 868 1162 934 meminerimus
1183 890 1244 934 nos
1265 866 1344 932 talia
1359 887 1434 954 pro·

104 971 258 1058 loquutos
280 994 362 1056 esse,
385 981 421 1039 ut
443 973 499 1060 qui
520 970 622 1038 verba
643 970 698 1036 illa
721 971 761 1038 de
785 969 927 1038 tollenda
941 993 1134 1058 quecunque
1150 971 1359 1058 suspensione
1374 981 1434 1038 etc.

106 1075 220 1142 bullae
240 1077 363 1142 inserta
376 1075 475 1142 fuisse
497 1074 637 1163 probare
658 1076 789 1140 minime
810 1076 1017 1163 potuerimus,
1041 1097 1177 1162 eamque
1200 1073 1241 1140 ob
1264 1096 1333 1140 rem
1356 1074 1436 1142 dixi-

104 1201 178 1243 mus
199 1180 288 1266 ipsis,
315 1202 357 1246 ex
380 1201 443 1267 quo
465 1179 507 1246 8²¹
525 1181 593 1244 eius
614 1180 742 1244 omnino
757 1179 862 1244 visum
878 1188 927 1246 ost
940 1178 1004 1244 hoe
1018 1177 1115 1244 modo
1131 1177 1289 1256 conficere
1303 1176 1435 1263 inillam,

105 1304 166 1348 nos
187 1281 360 1349 Stmsuam
382 1281 426 1348 ad
451 1282 614 1370 agendum
636 1281 726 1347 aliud
747 1305 813 1347 non
834 1303 931 1370 posse
954 1280 1220 1369 compellere...

242 1453 323 1508 Sonat
345 1457 381 1506 ist
406 1456 434 1507 in
461 1455 560 1507 diesem
577 1454 666 1506 Briese
693 1455 749 1506 und
774 1456 800 1506 in
824 1453 924 1505 andern
946 1471 1007 1506 vom
1030 1457 1064 1506 29
1082 1455 1185 1508 Januar
1206 1455 1262 1506 und
1286 1459 1300 1506 1
1318 1456 1438 1508 Febrnar

179 1541 258 1605 (Areo
276 1541 313 1594 D.
331 1539 365 1606 F)
382 1539 480 1593 wieder
498 1541 541 1592 dia
558 1541 633 1592 Rode
650 1557 703 1592 von
721 1539 773 1593 den
792 1541 890 1592 Grsfsn
907 1557 960 1593 von
978 1541 1128 1608 Pitigliano.
1166 1543 1223 1592 Das
1241 1541 1358 1594 Gertlcht
1375 1545 1438 1609 ging

176 1629 238 1679 dass
256 1627 303 1678 dor
320 1627 403 1680 altere
422 1627 489 1678 (1111
504 1626 547 1677 die
567 1627 718 1678 Grasschaft
741 1628 888 1694 insgeheim
911 1627 971 1678 dem
989 1627 1084 1678 Neffen
1107 1628 1154 1678 des
1171 1628 1283 1694 Pepstes
1301 1629 1438 1679 Friedrich

175 1715 318 1766 Borromeo
337 1713 460 1766 verkauft
482 1714 560 1778 habe,
587 1729 641 1764 was
663 1713 723 1764 dem
740 1713 835 1764 Kaisar
860 1712 900 1763 als
924 1713 983 1764 dem
1010 1712 1110 1764 Reiche
1134 1712 1281 1780 abtrttglich
1308 1714 1437 1768 orechten.

175 1801 334 1854 Ansserdem
352 1801 418 1852 wird
435 1800 504 1852 Arco
523 1801 624 1852 damals
642 1800 798 1851 winderholt
820 1801 987 1866 angewiesen
1011 1800 1054 1851 die
1071 1799 1279 1866 Angelegenheit
1302 1800 1439 1851 1111111111-

175 1890 262 1939 tiones
280 1887 384 1939 fiscales
403 1888 429 1938 in
447 1902 527 1956 regno
546 1888 722 1956 Neapolitano
740 1887 814 1937 nieht
832 1901 880 1938 aus
898 1887 950 1939 den
967 1886 1061 1954 Augen
1079 1902 1113 1938 au
1130 1885 1266 1937 rerlieren.

742 2407 810 2494 10.

417 2629 612 2726 Prospero
641 2628 780 2705 d'Arco
807 2648 853 2703 an
883 2627 956 2702 den
986 2625 1139 2718 Kainon

575 2783 667 2849 Rom,
684 2785 701 2834 8
718 2781 870 2836 Februar
888 2782 982 2835 1561.

442 2965 578 3022 nomam.
608 2963 754 3037 Odyssian
779 2961 1121 3038 1111191122Ρ111111.

211 3141 265 3208 Hc
289 3143 379 3212 datto
400 3145 432 3211 le
452 3145 566 3212 lettere
589 3143 676 3211 della
696 3145 753 3211 Μ’·
767 3144 807 3209 V.
831 3141 907 3209 delli
934 3145 955 3208 9
978 3151 1010 3208 et
1033 3143 1072 3208 15
1096 3165 1117 3208 a
1138 3139 1171 3208 S.
1194 3139 1265 3224 8¹⁸,
1289 3141 1322 3208 la
1344 3140 1439 3229 quale

114 3245 154 3312 ha
174 3256 330 3314 mostrato
353 3259 474 3336 quanto
497 3248 562 3314 alla
590 3249 808 3336 negotiatione
837 3248 924 3312 circa
951 3244 974 3310 il
1003 3244 1138 3311 concilio
1170 3244 1202 3310 di
1224 3253 1329 3310 rcstar
1350 3247 1441 3312 satis-

114 3350 279 3436 fatiesima,
304 3362 426 3440 quanto
448 3352 480 3418 al
502 3355 669 3421 ritrovarsi
690 3355 724 3418 in
746 3353 867 3418 Trento
891 3351 926 3418 S.
951 3349 1043 3416 sual
1065 3348 1204 3436 giuditio
1226 3350 1290 3415 mio
1313 3372 1379 3415 non
1400 3349 1443 3416 ha

112 3456 262 3543 apiacer
284 3454 344 3524 che
367 3479 402 3526 se
423 3480 465 3524 ne
487 3459 621 3544 regioni.
648 3457 753 3524 eben
774 3478 852 3522 vero
876 3454 935 3522 che
957 3453 998 3519 m’
1014 3452 1058 3518 ha
1081 3453 1179 3536 detto,
1209 3451 1268 3518 che
1291 3451 1362 3518 s’el
1395 3451 1442 3518 bi-

112 3581 213 3645 sogno
228 3561 392 3626 ricemere
411 3560 446 3626 11
467 3582 621 3648 presensa
637 3582 706 3644 sua,
730 3559 790 3626 che
811 3581 878 3625 non
899 3558 1008 3623 riousa
1030 3555 1063 3621 di
1085 3557 1217 3640 reuinci,
1240 3578 1294 3638 ma
1316 3553 1376 3622 che
1397 3555 1443 3622 fin

112 3662 229 3730 adesso
252 3687 319 3731 non
339 3663 423 3732 vede
444 3665 478 3730 in
501 3662 560 3730 che
582 3665 671 3750 possi
693 3665 826 3750 giovare
848 3661 871 3728 il
892 3661 1060 3730 ritrovarsi
1081 3659 1115 3728 la
1136 3681 1276 3748 persona
1307 3680 1367 3724 sua
1387 3658 1441 3724 nel

111 3766 246 3834 concilio
262 3815 270 3832 .
284 3815 316 3834 ..

212 3869 305 3936 Molti
328 3872 360 3937 di
383 3873 490 3960 questi
512 3870 555 3938 δ”
575 3870 741 3950 cardinali,
764 3869 820 3936 1111
842 3868 930 3958 quali
945 3869 978 3938 S.
995 3867 1041 3936 δ’·
1056 3868 1268 3934 hamostrato
1283 3864 1316 3932 11
1329 3864 1445 3932 lettera

110 3973 196 4040 della
218 3974 276 4042 Mc·
293 3975 334 4042 V.
359 3975 435 4042 delli
457 3977 488 4060 9,
522 3975 671 4041 m'hanno
700 3973 887 4040 dimandato
910 3996 945 4039 se
972 3971 1005 4038 la
1026 3972 1082 4038 Mt·
1099 3972 1140 4037 V.
1163 3970 1208 4037 ha
1229 3977 1388 4036 accettato
1410 3967 1443 4035 la

109 4077 198 4146 bolla
222 4087 254 4144 et
276 4101 310 4144 se
332 4079 366 4146 la
387 4079 518 4148 intende
540 4078 600 4146 ohe
621 4101 681 4166 per
702 4077 735 4144 la
748 4077 837 4144 bolla
858 4078 882 4142 s’
894 4074 1018 4142 indichi
1031 4097 1076 4142 un
1092 4073 1228 4140 concilio
1243 4096 1328 4139 novo
1345 4095 1443 4138 overo

109 4180 143 4246 la
166 4184 416 4249 continuatione.
446 4182 469 4249 il
492 4181 639 4248 medemo
661 4183 702 4247 m'
719 4180 762 4246 ha
786 4179 972 4246 dimandeto
994 4178 1014 4244 l'
1027 4176 1225 4243 inbasoiator
1246 4176 1279 4242 di
1292 4175 1443 4259 Francia,

110 4282 140 4349 al
163 4285 262 4372 quale
284 4284 318 4354 S.
341 4285 387 4354 δ’*
413 4287 457 4352 ha
478 4295 633 4352 mostrato
656 4284 689 4350 la
710 4284 825 4352 lettera
854 4283 930 4350 eth·
951 4283 996 4348 111
1018 4279 1105 4348 detto
1128 4278 1243 4346 chela
1264 4278 1323 4344 Ma
1335 4278 1376 4343 V.
1399 4276 1443 4343 ha

109 4397 270 4456 accettato
293 4389 328 4454 11
348 4389 447 4458 bolla.
491 4413 510 4456 1
532 4392 606 4458 tutti
628 4391 660 4456 io
682 4387 725 4455 ho
747 4389 887 4475 risposto
917 4386 978 4453 che
1002 4386 1090 4452 circa
1112 4391 1225 4472 questo
1248 4379 1444 4470 particulare

108 4512 174 4556 non
194 4490 237 4559 ho
261 4490 353 4579 altro,
376 4517 413 4560 se
433 4517 498 4561 non
521 4493 629 4582 quello
653 4492 712 4559 che
736 4493 882 4560 contione
903 4490 937 4557 11
958 4488 1082 4573 lettera,
1106 4486 1170 4554 alla
1193 4483 1282 4574 quati
1302 4486 1334 4551 io
1357 4482 1380 4550 li
1401 4483 1443 4550 ho

110 4594 237 4694 rimessi
259 4599 332 4663 tutti
353 4621 413 4685 per
434 4620 500 4664 non
521 4598 668 4664 metterci
690 4599 798 4663 niente
821 4594 874 4661 del
897 4595 961 4660 mio
977 4641 985 4656 .
1002 4640 1035 4659 ..

212 4703 242 4768 Il
265 4701 409 4770 cardinal
432 4701 465 4766 di
486 4701 607 4768 Trento
629 4700 673 4766 111
696 4701 785 4766 datto
807 4701 862 4786 gia
890 4697 923 4764 la
949 4696 1024 4762 lista
1054 4693 1137 4762 delle
1167 4717 1260 4781 spese
1289 4693 1348 4758 che
1371 4712 1444 4756 sera

112 4808 305 4874 necessitato
329 4828 350 4871 a
370 4803 439 4872 sare
460 4828 520 4892 per
542 4827 642 4872 causa
665 4803 710 4870 dil
732 4803 878 4886 concilio,
902 4801 992 4868 accio
1015 4798 1049 4867 S.
1066 4797 1112 4866 8¹⁸
1136 4798 1168 4864 lo
1190 4795 1300 4883 voglio
1321 4795 1445 4859 aiutare

113 4934 147 4976 se
169 4932 235 4976 non
256 4911 290 4976 in
304 4917 397 4990 tutto,
421 4906 581 4974 allomeno
597 4909 630 4972 in
644 4916 737 4995 parte
754 4953 804 4970 ...
827 4905 850 4970 li
864 4904 964 4991 legati
980 4901 1025 4969 dil
1040 4900 1175 4970 concilio
1191 4902 1219 4965 si
1233 4897 1443 4986 publicarano

113 5013 269 5106 laprima
293 5010 520 5082 scttimanadi
543 5009 803 5100 quadragesima,
832 5017 865 5078 ot
893 5005 1023 5096 quando
1050 5004 1074 5074 il
1103 5003 1139 5074 O.
1165 5003 1198 5069 di
1218 5001 1353 5068 Mantua
1379 5023 1446 5068 non
