3498 5818
310 499 373 561 m

309 683 381 751 loco
404 683 585 771 relinquere
605 681 817 770 patribusque
839 684 872 748 in
895 683 1031 749 concilio
1055 683 1203 748 affuturis
1225 705 1298 749 eam
1313 705 1424 751 curam
1446 688 1646 774 permittere,

311 809 392 874 quos
413 786 496 852 forte
519 786 599 852 deus
620 784 856 852 illuminaturus
885 788 935 870 ait,
959 795 995 851 ut
1017 807 1101 874 quae
1123 785 1166 852 ad
1183 785 1319 872 gloriam
1335 787 1388 854 dei
1403 797 1436 853 et
1449 788 1646 856 beneficium

310 889 550 954 chistianitatis
572 889 732 977 pertinent
754 890 823 954 sine
845 887 915 954 ullo
936 898 1086 976 respectu
1108 899 1141 954 et
1162 891 1313 976 passione
1335 891 1548 978 perpendant

412 991 586 1058 Praeterea
615 991 814 1078 disputatum
841 991 902 1057 fuit
927 1013 1006 1057 num
1035 991 1190 1078 expediat
1218 1001 1351 1078 patrea.
1374 1042 1412 1058 ..
1440 1017 1573 1062 monere
1603 997 1645 1062 de

312 1093 514 1158 inveniendis
542 1094 668 1160 idoneis
696 1092 876 1159 rationibus
899 1093 1017 1180 quibus
1045 1095 1067 1158 ii
1091 1095 1145 1182 qui
1168 1097 1291 1182 passim
1312 1094 1354 1160 ab
1377 1094 1587 1163 oboedientia
1609 1097 1643 1164 S.

312 1198 423 1260 matris
447 1195 603 1262 ecclesiae
626 1195 859 1279 discesserumt,
892 1196 934 1262 ad
963 1198 1122 1284 gressuum
1150 1199 1218 1263 eiua
1244 1220 1304 1284 per
1330 1199 1418 1264 viam
1445 1197 1589 1264 lenitatis
1612 1210 1644 1266 et

311 1299 569 1364 mansuetudinis
598 1298 803 1366 reducantur.
837 1300 1008 1386 quocirca,
1032 1321 1106 1364 cum
1130 1297 1172 1365 de
1193 1299 1244 1364 his
1268 1301 1417 1366 omnibus
1439 1303 1472 1366 in
1494 1312 1645 1368 neutram

312 1412 438 1488 partem
467 1403 545 1468 certi
574 1403 748 1489 quicquam
777 1401 983 1466 statuendum
1006 1401 1194 1468 duxerimus
1216 1405 1285 1468 sine
1306 1413 1363 1469 tuo
1385 1401 1474 1469 fideli
1496 1404 1642 1486 consilio,

316 1503 375 1569 tibi
404 1502 578 1571 elementer
605 1504 834 1569 committimus
862 1513 899 1568 ut
921 1502 962 1570 de
983 1503 1034 1568 his
1057 1514 1089 1570 et
1111 1504 1181 1570 aliis
1205 1528 1290 1592 quae
1311 1505 1371 1571 tibi
1393 1507 1548 1592 cogitanti
1570 1531 1645 1594 pru-

313 1607 423 1672 dentia
451 1616 507 1671 tua
538 1607 736 1692 suggesserit
762 1604 856 1670 nobis
884 1608 989 1693 primo
1020 1630 1150 1694 quoque
1172 1616 1317 1695 tempore
1339 1617 1429 1675 tuam
1452 1613 1646 1676 sententiam

314 1717 347 1774 et
368 1711 552 1795 opinionem
573 1731 633 1795 per
654 1708 763 1774 literas
787 1708 973 1795 significes.
992 1758 1026 1774 ..

415 1810 538 1878 Datum
560 1813 688 1898 Pragae
712 1812 753 1876 10
774 1810 966 1878 Decembris
990 1811 1081 1880 1561.

450 2001 539 2054 Ueber
556 2002 603 2054 Dr.
622 2001 711 2067 Georg
730 2001 845 2066 Gieuger
863 2001 1002 2066 gebeimen
1019 1999 1089 2052 Rath
1107 2001 1154 2052 des
1171 2003 1280 2054 Kaisers
1297 2002 1352 2054 und
1368 2002 1507 2070 Burgvogt
1523 2019 1556 2054 ru
1568 2003 1645 2054 Enna

381 2105 402 2141 s.
414 2089 564 2154 Bergmann
581 2087 725 2140 Medaillen
744 2089 768 2148 1,
788 2087 849 2150 1893
867 2083 957 2138 Albdri
974 2085 1101 2138 relationi
1120 2089 1148 2138 1·
1162 2088 1230 2138 serie
1248 2089 1273 2152 6,
1293 2089 1355 2152 146;
1373 2087 1472 2139 Archiv
1490 2089 1532 2138 fllr
1549 2093 1643 2142 catera

382 2173 542 2225 Gesehichte
560 2175 602 2236 45,
623 2177 662 2223 11.
697 2173 739 2222 An
763 2172 882 2222 letzterm
906 2171 955 2222 Ort
978 2172 1048 2224 habe
1070 2172 1114 2223 ich
1137 2173 1300 2224 ausftthrlieh
1322 2190 1375 2225 von
1400 2173 1452 2224 den
1478 2173 1579 2224 darnals
1602 2189 1646 2225 am

380 2258 406 2308 k.
425 2257 497 2310 Hofe
515 2259 689 2325 gepflogenen
707 2257 895 2324 Beratlrungeu
912 2257 979 2308 iiber
996 2257 1143 2308 kirchliche
1160 2259 1404 2326 Angelegenheiten
1428 2260 1572 2326 gehandelt
1590 2260 1646 2312 und

381 2343 549 2410 desglaichen
567 2360 619 2395 von
638 2344 686 2394 der
702 2344 897 2410 Ausarbeitung
919 2342 966 2393 der
988 2343 1148 2395 instruction
1170 2345 1215 2396 Νι.
1235 2344 1350 2410 CXLVI,
1375 2346 1456 2397 deren
1480 2351 1563 2396 erater
1578 2347 1643 2396 Eut

381 2429 451 2480 wurf
466 2430 581 2497 Gienger
598 2431 646 2481 mit
664 2429 723 2480 dem
742 2430 839 2496 obigsn
858 2428 1003 2480 Sohreiben
1020 2443 1067 2480 rur
1083 2429 1288 2496 Begutachtung
1304 2432 1451 2499 rugesaudt
1467 2433 1566 2483 warde.

879 2606 1082 2618 u—-nn-—u

888 2836 1077 2922 CXLIII.

673 3054 736 3133 Dr.
760 3050 929 3152 Gienger
956 3075 1002 3128 an
1032 3055 1105 3129 den
1136 3054 1285 3150 Κιίιοις

739 3208 847 3272 Wien,
867 3209 904 3259 1⁶
923 3209 1110 3260 December
1128 3211 1219 3263 1561.

603 3387 782 3444 Conciloctco.
808 3387 955 3459 Origine&
976 3388 1007 3442 ia
1029 3393 1118 3461 tergo:
1141 3391 1184 3444 20
1204 3389 1359 3445 December.

416 3569 599 3634 Praemisso
629 3568 692 3630 mei
725 3588 935 3653 meorumque
965 3575 1196 3654 perpetuorum
1232 3569 1436 3634 servitiorum
1467 3567 1645 3635 humillima

315 3671 600 3738 commendatione.
625 3667 657 3734 S.
677 3669 740 3734 Ma·
753 3669 792 3733 V.
815 3669 925 3734 literas
946 3669 987 3735 de
1011 3669 1052 3733 10
1077 3671 1258 3756 praesentis
1280 3693 1346 3736 una
1368 3693 1442 3736 oum
1463 3673 1647 3739 instructio·

314 3775 364 3838 nie
392 3773 530 3838 formula
553 3794 613 3858 pro
636 3771 817 3837 oratoribus
839 3770 872 3837 S.
896 3771 958 3836 ΜΨ
981 3772 1021 3837 V.
1045 3773 1088 3836 ad
1110 3773 1281 3838 concilium
1303 3773 1526 3840 Tridentinum
1549 3799 1648 3864 expe·

316 3876 441 3942 diendis
467 3898 507 3942 ea
530 3897 594 3962 qua
616 3897 678 3962 par
701 3884 750 3941 est
771 3875 953 3941 reverentia
975 3875 1207 3942 nudiustertius
1238 3876 1298 3942 sub
1328 3887 1456 3942 noctem
1484 3877 1649 3945 humiliter

315 3981 442 4067 accepi,
472 3978 591 4067 quibua
620 3977 652 4043 S.
675 3978 742 4042 ΜΝ
765 3978 804 4042 V.
836 3976 1011 4043 clementer
1040 3977 1119 4043 mihi
1148 3979 1343 4045 demandare
1375 3975 1510 4066 dignata
1538 3991 1589 4046 est
1610 3994 1647 4048 ut

317 4083 421 4149 cidem
442 4085 546 4170 primo
571 4102 668 4167 super
690 4082 857 4169 praefatae
872 4081 1093 4146 instructionis
1109 4081 1257 4166 formula,
1282 4081 1424 4148 secundo
1441 4083 1482 4149 de
1496 4086 1647 4169 urgenda

316 4186 554 4268 reformatione,
578 4186 673 4249 tertio
694 4207 773 4248 num
797 4184 837 4250 de
864 4183 979 4250 eadem
1006 4185 1229 4270 promovenda
1257 4207 1331 4251 cum
1358 4184 1491 4272 regibus
1514 4187 1649 4274 quibus·

317 4289 393 4354 dam
416 4297 508 4354 extra
539 4286 711 4352 concilium
739 4289 913 4373 separatim
942 4307 1039 4372 agere
1067 4288 1235 4375 expediat,
1265 4298 1380 4376 quarto
1409 4288 1450 4352 de
1478 4289 1649 4355 monendis

314 4390 461 4478 patribus
483 4392 516 4454 in
540 4389 676 4455 concilio
702 4411 761 4476 pro
786 4389 982 4456 reducendis
1009 4388 1110 4476 lapsis
1133 4400 1192 4456 etc.
1217 4392 1400 4477 opinionem
1421 4413 1527 4456 meam
1551 4413 1651 4480 quan-

317 4497 421 4560 tocius
442 4494 651 4581 perecribam.
675 4495 735 4558 etsi
758 4502 867 4558 autem
890 4515 990 4558 eausa
1011 4490 1094 4558 baec
1116 4492 1281 4578 religionis
1304 4503 1433 4581 captum
1450 4495 1571 4580 ingenii
1585 4495 1649 4559 mei

315 4597 412 4682 longe
441 4607 615 4682 exsuperet
644 4620 706 4662 nec
734 4597 831 4661 etiam
861 4595 990 4661 omnino
1018 4597 1228 4683 professionis
1254 4618 1347 4661 meae
1375 4598 1431 4679 sit,
1458 4605 1495 4660 ut
1521 4597 1649 4662 interim

206 4707 208 4712 '
315 4709 443 4765 taceam
465 4698 605 4762 maiam
630 4698 756 4786 aliquot
782 4721 908 4764 menses
938 4698 980 4764 ab
1008 4699 1168 4784 imperiali
1195 4699 1227 4764 S.
1249 4699 1311 4763 Mu.
1334 4700 1374 4764 V.
1404 4698 1479 4763 aula
1506 4699 1649 4764 abfuisse

315 4824 432 4888 meque
454 4800 554 4867 latere
586 4825 651 4888 quo
673 4804 738 4867 iam
761 4809 848 4868 statu
870 4825 970 4868 causa
993 4800 1049 4868 illa
1070 4813 1225 4886 versetur,
1249 4823 1375 4889 quaeve
1397 4803 1524 4867 interim
1545 4812 1648 4866 muta·

315 4907 419 4970 tiones
441 4906 524 4971 forte
551 4907 799 4986 intercesserint,
822 4915 932 4971 tamen
954 4913 991 4970 ut
1012 4905 1045 4971 S.
1068 4905 1129 4970 Ml·
1150 4905 1191 4970 V.
1214 4905 1367 4970 mandato
1389 4927 1448 4991 pro
1470 4913 1647 4991 perpetuae

314 5029 406 5074 meae
428 5030 507 5095 erga
530 5009 668 5077 eandem
691 5009 854 5074 servitutis
878 5008 994 5076 debito
1010 5017 1174 5096 utcunque
1190 5008 1395 5092 satisfaciam,
1410 5007 1476 5094 legi
1491 5016 1524 5073 et
1539 5007 1644 5073 denuo
