3512 5838
1405 509 1469 582 ut

203 725 427 776 mesenum
444 717 634 787 11000010ομ
650 717 813 772 mione
830 715 939 772 medem
960 733 1003 772 me
1021 716 1145 785 emlieite
1166 715 1272 772 audivit
1295 717 1402 784 prolixe
1419 733 1466 770 ex-

201 811 343 878 ponentuu
360 805 414 870 W·
432 805 464 861 V.
482 805 508 867 8.
536 806 651 868 cnidium
677 811 705 864 et
725 805 893 870 elementiam
916 821 980 875 ersa
1001 804 1028 861 S.
1052 805 1203 866 conciliem,
1226 806 1257 860 in
1279 820 1332 874 quo
1361 819 1464 872 semper

202 906 304 952 summa
321 892 451 956 modestia
468 893 502 946 eit
520 909 592 960 neue,
608 897 744 960 postremo
763 892 903 956 dicentem,
922 894 944 944 si
961 891 1024 944 ΒΜ·
1042 908 1133 946 eorum
1150 891 1329 949 13³²·vellent
1348 890 1377 946 S.
1398 907 1459 942 con-

203 976 274 1043 eilio,
291 981 444 1043 praesertim
464 996 523 1034 eum
541 979 635 1048 reliqui
654 984 771 1034 oratores
785 983 812 1029 et
828 983 918 1045 patres
937 994 1036 1044 omnes,
1055 980 1107 1029 imo
1127 978 1249 1046 episcopi
1267 975 1381 1044 Hispani
1401 993 1465 1044 que-

204 1079 256 1138 que
266 1066 453 1128 consentirent,
470 1065 548 1116 linem
558 1067 702 1132 imponere,
720 1081 768 1116 nos
785 1081 839 1117 nou
858 1080 915 1116 esse
934 1064 1114 1134 impedituros,
1133 1063 1181 1114 sed
1193 1064 1307 1114 libenter
1318 1063 1465 1113 sententiae

207 1149 280 1198 13¹¹·
297 1163 406 1202 suerum
425 1152 628 1217 subscripturus.
646 1151 699 1203 lece
716 1153 754 1202 ita
771 1152 874 1204 lactum
891 1167 950 1202 esee
968 1151 1003 1203 D.
1024 1165 1113 1201 cemes
1131 1151 1170 1201 eie
1187 1150 1256 1200 bene
1268 1151 1342 1200 novit
1353 1153 1384 1199 ut
1395 1147 1466 1214 qued

207 1235 316 1301 necnee,
334 1241 363 1290 et
378 1242 462 1290 testes
480 1237 608 1294 hahemus
626 1253 720 1290 ornnes
735 1237 840 1304 legates
852 1241 879 1288 et
891 1243 1010 1290 crateres
1027 1237 1102 1291 dies.
1122 1239 1211 1288 essent
1228 1233 1273 1286 iric
1289 1234 1373 1286 multe
1390 1249 1469 1299 expe·

206 1321 295 1390 penda
313 1323 446 1388 quomode
465 1340 494 1376 se
511 1325 547 1378 D.
566 1339 657 1382 eomes
674 1325 787 1394 geuene
809 1337 873 1390 erga
895 1339 944 1380 uos
967 1324 1002 1376 ab
1022 1339 1053 1374 eo
1078 1327 1205 1388 tempore,
1222 1335 1275 1386 qno
1299 1321 1390 1372 literae
1408 1333 1425 1368 e
1442 1318 1468 1370 S.

136 1473 143 1478 ,
205 1409 254 1466 ii²⁰
262 1405 295 1462 V.
314 1411 421 1486 accepit
438 1411 579 1478 inquibus
598 1409 731 1484 denegata
748 1411 773 1466 ei
791 1410 840 1462 init
858 1410 1010 1462 assistentia
1027 1409 1055 1458 in
1073 1408 1264 1473 protestatione
1283 1421 1361 1472 quern
1379 1405 1469 1455 lacere

208 1495 294 1547 voluit
312 1511 391 1562 super
407 1495 496 1547 uerbis
515 1497 723 1562 proponentibus
741 1495 838 1562 legatis
851 1531 858 1546 .
871 1531 897 1548 ..
923 1495 975 1545 hoc
998 1494 1076 1545 etiam
1095 1491 1164 1542 lli⁸¹¹¹
1180 1492 1215 1544 v.
1232 1508 1285 1544 uon
1303 1506 1361 1541 esee
1381 1489 1468 1540 celan·

209 1581 272 1632 dum
290 1583 420 1646 existimo,
438 1598 566 1634 summum
584 1580 737 1653 pontificem
760 1582 850 1633 literae
873 1585 929 1630 tum
953 1581 1058 1631 dedisse
1083 1579 1118 1630 ad
1134 1579 1200 1629 1³³⁰·
1212 1577 1246 1628 1).
1265 1577 1377 1643 legatos,
1404 1587 1469 1640 quas

210 1669 262 1734 ipsi
279 1669 307 1718 in
324 1669 418 1722 itinere
436 1683 494 1731 eno,
519 1667 593 1718 nerito
615 1670 667 1718 iarn
686 1667 808 1730 eoncilio,
827 1671 997 1732 acceperunt,
1023 1667 1051 1715 in
1069 1665 1165 1731 quibus
1183 1662 1235 1713 ΒΝ
1257 1665 1314 1714 eins
1338 1660 1470 1712 commisit

210 1759 240 1806 ut
257 1756 286 1809 ia
302 1752 417 1810 ffiiesrde
436 1755 552 1808 coneilio
570 1769 674 1808 omnem
693 1769 800 1820 operam
817 1758 954 1816 ueremni,
972 1751 1043 1818 quod
1067 1753 1089 1802 si
1114 1749 1220 1804 efficere
1242 1765 1296 1802 uon
1313 1749 1469 1813 potuissent,

205 1839 272 1895 iussi
289 1839 397 1899 &arant
414 1840 477 1897 nine
500 1841 601 1897 relictis
627 1841 750 1910 omnibus
776 1840 978 1895 tractationibus
1004 1836 1151 1893 0100001010.
1186 1835 1234 1888 aed
1255 1834 1340 1888 veluit
1357 1833 1422 1886 deus
1440 1835 1470 1882 ut

205 1926 348 1977 eoncilium
366 1927 431 1978 miro
450 1926 565 1993 quodam
584 1942 714 1979 consensu
732 1928 855 1991 omnium,
875 1929 954 1978 etiem
973 1930 1052 1977 antee
1071 1923 1253 1974 dissidentium
1266 1917 1470 1971 concluderetur

204 2013 292 2078 potius
311 2027 390 2083 qnam
408 2013 615 2085 abrumperetur.

731 2553 853 2642 000.

441 2785 640 2884 Prospere
669 2787 808 2866 d’Areo
836 2811 883 2868 un
913 2793 987 2870 deu
1017 2793 1173 2883 Κείσου

609 2959 699 3026 Rom,
720 2962 733 3011 1
751 2959 879 3014 Januar
903 2963 998 3014 1564.

456 3135 594 3194 Romana.
619 3138 765 3212 Oripe'nul;
786 3140 817 3195 iu
838 3147 929 3212 terque
952 3144 993 3198 18
1018 3143 1142 3202 «Ianuar.

235 3335 268 3404 S.
291 3335 338 3404 S‘·
355 3337 429 3405 feee
449 3339 701 3425 congregatione
727 3341 879 3426 generale
900 3341 941 3408 de
975 3339 1154 3418 cardinali,
1177 3339 1265 3407 nella
1291 3341 1466 3430 quale...

134 3441 221 3507 disee
237 3487 244 3505 .
261 3490 295 3507 ..
319 3441 379 3508 ele
399 3463 460 3529 per
482 3441 1194 3532 3000000010...010000111001010110,
1219 3442 1466 3534 qualesarebb'e

135 3553 218 3609 stato
242 3543 380 3609 ludibrio
404 3543 466 3609 alle
487 3545 584 3630 genti,
608 3567 643 3611 se
666 3569 731 3614 non
754 3547 781 3611 si
802 3545 891 3612 fusse
914 3547 1086 3634 eeseguito.
1109 3569 1169 3636 per
1191 3549 1240 3613 cio
1257 3547 1373 3613 voleva
1393 3548 1468 3614 dar·

133 3646 179 3732 gli
202 3648 404 3714 essecuu’one
427 3657 460 3713 et
482 3647 696 3736 confirmarlo,
719 3658 751 3718 et
772 3647 891 3738 perche
912 3647 1026 3736 peria
1048 3671 1108 3716 ena
1130 3649 1375 3736 indispositione
1404 3674 1470 3717 nen

134 3749 262 3818 havera
282 3749 365 3819 bene
389 3759 421 3818 et
442 3760 675 3822 nunnamente
696 3763 811 3840 poturo
834 3751 1038 3820 considerare
1053 3752 1083 3818 el
1098 3762 1190 3838 tutto,
1213 3776 1273 3840 per
1287 3754 1338 3819 cio
1353 3753 1470 3820 releva

134 3851 208 3920 eh’i
240 3853 318 3920 duel
349 3853 449 3940 legati
471 3854 606 3922 Morene
639 3865 672 3919 et
699 3853 866 3921 Simoneta
897 3856 1031 3922 insieme
1064 3854 1265 3922 0010000
1290 3856 1467 3938 Clemente,

133 3955 310 4022 Βοπο1000
338 3966 371 4022 et
398 3956 507 4022 Vitelli
538 3955 794 4023 eensidercesino
822 3957 906 4024 bene
942 3959 1019 4044 ogni
1041 3980 1118 4024 cosa
1146 3969 1179 4023 et
1206 3959 1252 4045 gli
1279 3961 1467 4026 rifferiseero

133 4067 253 4144 quanto
275 4079 311 4125 ee
335 4069 514 4126 coutcneva
535 4059 569 4124 in
591 4079 663 4126 esso
686 4059 833 4127 concilio.
865 4059 924 4128 che
946 4085 981 4126 se
1004 4061 1086 4130 bene
1120 4063 1155 4128 in
1183 4073 1297 4154 questo
1328 4063 1465 4130 concilio

131 4183 255 4248 pareva
278 4160 337 4228 che
359 4161 392 4228 la
414 4171 501 4228 corte
523 4161 561 4226 R
584 4161 712 4232 havessi
727 4163 865 4252 perduto
879 4165 975 4246 assai,
999 4165 1196 4237 nondimeno
1214 4165 1289 4236 dall’
1303 4166 1384 4234 altro
1399 4166 1488 4232 lato'

132 4265 158 4328 e'
170 4287 228 4335 era
245 4263 466 4351 medeguaia
488 4264 607 4351 perebo
630 4266 723 4342 e'era
749 4267 947 4338 confermata
973 4277 1007 4338 et
1033 4270 1241 4336 aemescinte
1270 4270 1291 4334 l'
1304 4267 1466 4336 eutherita

130 4363 319 4452 apeueliee
340 4366 428 4438 diere
448 4387 571 4434 ancone
591 4367 651 4436 che
671 4367 790 4436 releva
812 4370 884 4437 ohel
898 4371 935 4437 0.
952 4368 1119 4438 Simoneta
1135 4371 1273 4438 vedeese
1288 4371 1372 4437 bene
1384 4381 1467 4437 tutte

65 4529 71 4540 ,
129 4467 161 4533 10
182 4489 262 4534 ecee
281 4469 342 4535 else
363 4491 546 4557 peeeaveno
564 4471 620 4537 nel
641 4472 825 4557 morenate,
846 4474 968 4561 perche
989 4497 1055 4541 non
1074 4476 1101 4540 el
1115 4474 1244 4541 facesse
1261 4497 1338 4540 cosa
1354 4484 1467 4541 eontra

129 4571 154 4636 11
178 4571 299 4636 decreti
322 4573 375 4652 del
398 4573 544 4641 coneilio.
577 4573 638 4662 ohe
654 4574 776 4644 ‘voleva
803 4575 1088 4646 medeeimamente
1118 4577 1189 4646 chel
1212 4577 1247 4644 0.
1271 4579 1407 4646 Morene
1430 4588 1462 4642 et

131 4673 296 4754 Simon'eia
316 4670 394 4742 nelli
416 4676 589 4745 concisiori
611 4687 812 4752 averteeeero
836 4678 896 4752 ohe
918 4703 984 4752 uon
1002 4681 1243 4757 nicomedense
1259 4703 1338 4751 ecee
1354 4689 1467 4750 contra

130 4759 154 4842 11
176 4776 298 4862 decreti
319 4777 354 4860 di
377 4801 448 4849 esso
469 4778 618 4856 nennio.
640 4781 700 4856 eles
721 4781 787 4853 fine
800 4781 857 4854 dal
877 4784 1036 4870 principie
1060 4783 1114 4852 del
1127 4805 1187 4857 seo
1202 4784 1388 4872 pontificato
1404 4805 1462 4849 era

130 4888 214 4946 stete
238 4879 399 4965 d'animo,
433 4882 492 4949 che
514 4882 546 4949 le
566 4882 719 4970 legationi
741 4885 775 4951 di
798 4892 881 4950 'stato
911 4885 1129 4953 ecclesiastice
1152 4887 1278 4952 iussere
1305 4885 1374 4953 solo
1396 4908 1456 4972 per

133 4982 209 5049 duoi
231 4984 317 5068 anni,
340 5005 394 5050 ma
416 4983 475 5051 che
497 5007 556 5073 per
577 4988 711 5074 rispetto
729 4985 787 5053 del
808 4987 945 5054 eoncilio
960 4987 1089 5057 havera
1104 5011 1215 5057 euerso
1229 4988 1294 5055 lino
1310 4987 1341 5054 al
1353 4997 1461 5075 tempo

132 5095 298 5175 presente;
334 5108 412 5175 pero
436 5089 692 5188 commineiando
726 5089 781 5157 del
812 5089 846 5159 0.
878 5091 1054 5161 Borromeo
1077 5115 1136 5162 suo
1158 5095 1268 5184 nipote
1297 5090 1415 5158 levare
1436 5088 1468 5162 10

209 5206 283 5254 eiciet
296 5219 317 5254 s.
332 5207 360 5252 (1.
374 5207 397 5252 d.
412 5205 509 5256 0000110.
1261 5197 1295 5258 48
