3532 5832
681 779 930 868 XXXVIII.

126 997 327 1098 Scriptum
340 998 384 1078 0.
399 999 467 1076 Mc
480 1003 515 1076 to
530 1001 690 1099 negocio
704 998 852 1082 concittt
867 999 1005 1074 nuncto
1021 998 1234 1094 apostolico
1247 995 1471 1090 exhibitum

572 1155 683 1219 Wisn,
701 1153 825 1206 to-at
842 1152 923 1204 Juni
942 1153 1035 1203 1560.

497 1333 676 1392 mnetactn.
723 1331 913 1406 emamus
935 1329 1115 1402 Rdmchrist.

236 1511 341 1580 Sacra
363 1512 399 1580 0.
422 1513 508 1594 ΜΝ,
540 1513 688 1582 dominus
710 1524 821 1582 noster
843 1513 1111 1581 clementissimus
1138 1511 1298 1580 intellexit
1325 1535 1346 1579 a
1365 1512 1405 1578 R.
1428 1512 1471 1578 D.

125 1620 289 1706 episcopo
311 1616 509 1684 Warmiensi
531 1617 586 1686 8¹²¹
610 1619 653 1684 D.
675 1619 716 1684 N.
747 1629 780 1685 et
807 1629 940 1685 sanctae
973 1618 1060 1686 sedis
1094 1617 1292 1706 apostolicae
1320 1616 1364 1683 ad
1384 1614 1465 1681 Μωιιι

126 1719 158 1788 S.
184 1721 227 1788 G.
252 1721 414 1787 destinato
436 1725 564 1807 nuncio,
594 1722 673 1811 quid
696 1721 820 1788 consilii
842 1723 964 1810 ceperit
986 1720 1044 1788 8²⁸⁸
1067 1723 1136 1787 eius
1159 1720 1199 1786 de
1220 1717 1365 1808 generali
1388 1718 1469 1785 chri·

128 1827 241 1892 stiano
271 1825 408 1892 concilio
438 1827 544 1914 prima
571 1829 811 1915 opportunitate
839 1824 1051 1910 celebrando,
1086 1824 1239 1913 quodque
1266 1823 1473 1890 nihilominus

126 1929 258 1996 interea
280 1927 452 1996 concilim
473 1928 555 1996 illud
576 1929 666 2018 quod
684 1930 735 1997 bis
750 1929 896 1996 Tridenti
912 1939 1062 2016 coeptum
1085 1937 1134 1994 est
1155 1927 1418 2016 prosequendum
1441 1936 1474 1994 et

128 2032 391 2099 continuandum
415 2043 547 2100 censeat
569 2043 602 2100 et
624 2034 713 2122 quod
728 2033 786 2100 ΞΝ
809 2035 878 2100 aius
900 2034 1012 2120 cupiat
1034 2033 1132 2098 etiam
1146 2029 1224 2096 M“”³
1246 2027 1279 2097 S.
1296 2029 1333 2097 O.
1355 2031 1390 2095 in
1410 2030 1474 2098 hoc

127 2138 251 2204 summi
273 2138 428 2204 momenti
449 2138 596 2224 negocio,
621 2137 700 2225 quid
721 2138 794 2224 ipsa
816 2139 933 2203 sentiat
955 2135 996 2202 de
1018 2135 1090 2202 loco
1113 2143 1316 2222 attempero,
1339 2131 1381 2199 gc
1401 2135 1471 2200 eius

129 2239 305 2307 declarare
327 2252 360 2307 et
388 2241 557 2308 concilim
590 2251 689 2330 atque
723 2241 881 2308 auxilium
908 2243 943 2307 in
969 2240 1113 2307 medium
1141 2238 1278 2324 adiens,
1313 2239 1474 2326 siquidem
1516 2290 1521 2300 .

129 2343 190 2410 8¹⁸·
214 2347 285 2412 eius
314 2355 347 2412 et
369 2344 548 2411 charissimi
568 2347 696 2434 nepotis
711 2369 758 2413 ac
784 2345 891 2413 fratris
912 2343 981 2411 ΜΨ
1009 2344 1042 2411 S.
1066 2343 1102 2412 Ο.
1124 2343 1358 2432 Hispaniarum
1377 2343 1472 2430 ⁸regis

130 2447 287 2516 catholici
315 2450 457 2537 itemque
484 2448 740 2517 christianissimi
767 2447 928 2517 Francus
956 2451 1043 2538 regis
1072 2448 1242 2516 consilium
1274 2447 1387 2515 itidem
1420 2469 1469 2512 re

133 2555 316 2641 quisiverit.

235 2655 281 2721 Et
303 2657 448 2744 inprimis
470 2656 539 2723 ΜΝ
562 2656 595 2723 S.
620 2655 656 2724 O.
685 2679 751 2724 non
777 2665 887 2744 potest
915 2679 982 2724 non
1002 2655 1213 2724 vehementer
1239 2653 1374 2723 laudare
1405 2663 1475 2721 tam

131 2759 221 2844 pium
245 2782 286 2824 ac
308 2760 511 2848 praeclarum
526 2761 579 2828 8¹¹¹
601 2758 635 2828 S.
657 2763 840 2828 instinctum
863 2761 951 2851 quod
973 2760 1031 2827 δι’·
1050 2760 1083 2827 S.
1107 2762 1249 2849 suscepit
1272 2759 1313 2826 de
1335 2759 1473 2826 concilio

132 2863 339 2930 celebrando.
385 2870 459 2932 cum
482 2867 568 2932 enim
591 2865 680 2954 apud
709 2889 819 2933 omnes
849 2867 883 2932 in
912 2866 1059 2934 confesso
1089 2866 1130 2933 sit
1156 2865 1242 2931 hanc
1270 2863 1372 2931 solam
1402 2885 1474 2930 esse

132 2967 219 3031 mam
238 2969 364 3054 regiam
380 2979 412 3034 et
427 2970 722 3036 commodissimam
735 2969 915 3037 reducendi
930 2969 975 3036 ad
989 2971 1159 3057 pristinam
1174 2969 1317 3057 quietem
1332 2991 1372 3033 ac
1384 2976 1474 3034 tran-

133 3069 327 3158 quillitatem
350 3083 497 3139 sanctam
518 3084 655 3142 matrem
676 3084 821 3141 nostram
843 3073 1016 3140 ecclesiam
1039 3072 1092 3138 dei
1114 3074 1148 3138 in
1161 3074 1256 3138 terris
1271 3071 1472 3155 militantem,

134 3196 217 3261 quae
240 3184 290 3241 tot
312 3178 500 3264 opinionum
523 3187 556 3244 et
576 3178 814 3244 dissensionum
833 3175 984 3264 procellis
1000 3176 1168 3264 exagitata
1182 3198 1223 3242 ac
1236 3174 1472 3262 propemodum

136 3277 254 3344 obruta
274 3279 414 3365 videtur,
443 3280 697 3371 consulendique
719 3280 790 3346 aliis
814 3303 943 3369 quoque
965 3279 1177 3347 incommodis
1195 3288 1228 3345 et
1248 3278 1472 3367 malisquibus

137 3381 331 3449 chnstiauus
355 3384 443 3450 orbis
465 3385 685 3473 adpraesens
708 3383 922 3464 conflictatur,
944 3383 997 3449 Mo
1016 3382 1050 3449 S.
1079 3381 1116 3449 G.
1140 3393 1173 3449 et
1193 3384 1253 3449 toti
1274 3381 1473 3470 reipublicae

135 3485 329 3554 christianae
351 3489 465 3555 merito
488 3488 619 3577 quidem
641 3488 851 3576 gaudendum
873 3489 942 3573 erit,
966 3489 994 3552 si
1015 3497 1082 3553 tam
1104 3489 1195 3574 pium
1217 3497 1284 3552 tam
1298 3485 1378 3552 utile
1392 3495 1473 3552 tam-

136 3614 197 3678 que
220 3593 440 3657 necessarium
463 3615 545 3678 opus
568 3592 610 3657 ad
633 3592 783 3658 effectum
805 3601 838 3658 et
861 3592 1171 3658 consummationem
1192 3589 1330 3678 perduci
1344 3591 1471 3678 poterit

136 3717 218 3782 quae
241 3694 373 3784 quidem
395 3697 492 3760 totius
515 3695 758 3762 christianitatis
787 3717 914 3761 summa
934 3697 1112 3761 necessitas
1134 3693 1214 3760 Mem
1235 3691 1268 3760 S.
1287 3691 1323 3760 O.
1345 3694 1473 3781 potissi·

134 3821 223 3864 mum
245 3797 466 3884 superioribus
488 3798 654 3864 mensibus
676 3799 860 3884 induxerat,
885 3798 972 3887 quod
995 3797 1062 3864 ΕΜ
1084 3800 1153 3865 eius
1176 3821 1235 3886 per
1254 3797 1473 3864 consiliarium

135 3909 167 3966 et
187 3903 377 3988 primarium
393 3903 606 3969 camerarium
621 3925 716 3969 suum
729 3901 772 3968 D.
789 3901 975 3991 Scipionem
990 3904 1141 3968 comitem
1155 3901 1257 3968 Archi
1278 3900 1471 3968 obtestando

135 4007 306 4091 rogaverit,
329 4015 366 4071 ut
388 4003 445 4072 Sm
468 4005 500 4072 S.
524 4005 713 4093 dignaretur
735 4009 765 4073 ei
786 4008 895 4074 omnia
909 4029 969 4073 sua
984 4005 1119 4073 consilia
1135 4028 1312 4092 omnesque
1335 4013 1472 4072 conatum

136 4120 338 4190 convertere,
381 4119 418 4176 ut
449 4133 509 4197 per
542 4109 714 4176 concilium
747 4109 957 4178 christianum
989 4109 1128 4178 liberum
1161 4120 1193 4176 et
1227 4111 1471 4176 oecumenicum

136 4209 303 4296 (adhibitis
326 4212 370 4279 ad
396 4215 564 4300 negotium
585 4215 666 4279 tanti
687 4216 841 4282 momenti
869 4213 1005 4282 aliorum
1027 4236 1157 4303 quoque
1184 4236 1299 4300 regum
1321 4235 1361 4279 ac
1381 4214 1471 4300 prin·

135 4316 242 4403 cipum
258 4315 506 4384 christianorum
524 4316 679 4404 consiliis)
702 4320 805 4406 primo
829 4341 960 4408 quoque
981 4329 1127 4406 tempore
1150 4315 1382 4384 celebrandum
1404 4318 1471 4384 iam

134 4418 264 4484 tandem
287 4419 426 4486 ecclesia
444 4421 508 4488 hoc
523 4423 715 4509 gravissimo
730 4421 1068 4510 periculosissimoque
1093 4423 1243 4488 scismate
1266 4418 1469 4506 liberaretur,

134 4522 296 4612 siquidem
318 4525 427 4591 eiusce
449 4527 497 4591 rei
519 4524 666 4611 agendae
689 4534 722 4591 et
742 4525 960 4613 perficiendae
984 4525 1137 4593 divinitus
1160 4524 1272 4593 oblata
1294 4533 1380 4591 esset
1400 4524 1470 4612 pul·

135 4626 295 4694 cherrima
311 4630 450 4713 occasio,
472 4651 555 4717 pace
575 4631 726 4694 nimirum
747 4631 831 4695 inter
844 4631 1086 4717 potentissimos
1103 4629 1184 4696 duos
1200 4628 1366 4696 christiam
1382 4627 1470 4696 orbis

135 4754 228 4820 reges
250 4730 347 4798 facta.
376 4735 486 4821 itaque
501 4733 570 4798 ΜΝ
586 4731 619 4800 S.
640 4731 677 4800 O.
693 4731 735 4799 Su
753 4735 822 4800 eius
844 4733 906 4800 hoc
928 4735 1057 4800 nomine
1078 4736 1225 4822 ingentes
1247 4733 1369 4820 gratias
1392 4735 1469 4820 agit,

135 4833 333 4923 reipublicae
353 4858 432 4902 vero
456 4835 650 4902 christianae
671 4857 713 4902 ex
736 4839 842 4903 animo
862 4835 1054 4925 gratulatur,
1083 4837 1229 4904 illuxisse
1250 4838 1316 4902 iam
1337 4833 1471 4903 tandem

136 4961 207 5004 cam
229 4937 405 5029 diemque
432 4949 583 5029 coeptum
605 4941 647 5006 sit
668 4962 780 5006 rursus
803 4941 886 5008 serio
908 4942 1040 5006 tractari
1064 4940 1104 5007 de
1132 4942 1171 5006 iis
1195 4962 1278 5028 quae
1307 4938 1351 5005 ad
1378 4939 1469 5007 resti-

135 5041 291 5111 tuendam
312 5045 469 5114 unitatem
491 5053 589 5136 atque
611 5043 820 5114 concordiam
842 5043 1038 5114 christianae
1059 5044 1225 5136 religionis
1247 5043 1419 5136 pertinent.
1516 5121 1518 5128 Ι
