3460 5826
330 494 393 562 m

328 685 464 749 rimessa
485 705 506 748 a
528 680 560 748 S.
584 679 638 762 δ”,
661 679 791 769 laquale
812 701 878 745 non
901 675 1066 744 bavrebbe
1087 684 1238 744 mancato
1260 674 1294 742 di
1317 673 1475 743 sodisiare
1495 675 1576 742 aV.
1597 675 1667 740 Ma

329 810 383 865 ma
411 787 466 874 poi
496 784 556 852 che
578 784 657 850 detti
687 783 894 851 inbasoiatori
915 781 1089 868 giudicano
1121 780 1180 847 ohe
1207 789 1329 876 questo!
1353 800 1473 846 ancora
1500 782 1528 845 si
1552 779 1668 845 debba

330 889 506 957 solamente
527 897 660 954 trattere
689 885 743 954 nel
767 885 913 970 concilio,
948 887 975 949 si
996 886 1119 972 riperta
1141 906 1161 949 a
1182 883 1261 964 loro,
1291 906 1358 950 non
1379 880 1527 950 havendo
1550 883 1590 947 in
1614 884 1665 948 cio

331 992 414 1059 altra
435 993 611 1058 intentione
634 1015 669 1057 se
690 1011 757 1057 non
780 989 813 1056 di
836 988 994 1056 sodisfare
1021 1010 1043 1053 a
1062 988 1102 1054 V.
1125 987 1192 1054 M“.
1225 985 1331 1054 ilche
1352 984 1548 1054 intendendo
1574 988 1608 1053 io
1632 996 1665 1052 et

332 1096 526 1182 giudioeudo
543 1094 603 1160 che
619 1094 698 1161 detti
716 1092 923 1160 inbasciatori
940 1090 1076 1158 essendo
1098 1091 1148 1158 errl
1166 1090 1246 1157 fatto
1268 1091 1431 1178 potensino
1453 1087 1554 1157 molto
1579 1088 1666 1154 bene

328 1221 442 1286 sapere
464 1197 484 1262 l'
495 1200 671 1265 intentione
706 1197 739 1263 di
761 1198 802 1265 V.
825 1196 890 1274 M“‚
915 1193 1075 1284 supplioai
1102 1219 1123 1260 a
1145 1194 1178 1260 S.
1202 1193 1248 1260 Sa
1270 1193 1330 1260 che
1353 1192 1488 1261 devesse
1516 1194 1666 1259 scrivere

328 1300 383 1366 alli
405 1301 502 1389 legati
525 1300 585 1369 ohe
608 1301 791 1368 oeroassino
814 1298 847 1366 di
871 1308 1056 1366 contentare
1079 1296 1124 1386 gl'
1137 1296 1347 1365 inbasciatori
1370 1297 1403 1363 di
1424 1297 1464 1364 V.
1479 1297 1548 1381 ir,
1574 1303 1608 1362 et
1631 1318 1667 1360 se

327 1406 442 1472 alcano
462 1405 550 1471 fiisse
567 1413 649 1472 stato
675 1404 708 1470 di
722 1427 839 1492 parere
856 1403 1015 1470 contrario
1042 1401 1105 1469 alle
1120 1401 1271 1470 dimande
1285 1402 1366 1486 loro,
1387 1422 1478 1467 come
1495 1401 1523 1464 si
1544 1397 1665 1465 diceva

330 1507 375 1573 dil
390 1507 425 1574 Ο.
443 1507 618 1594 Simonem,
635 1508 668 1575 S.
685 1507 730 1574 S²⁸
745 1507 791 1596 gli
807 1509 964 1574 scrivesse
981 1505 1041 1574 ohe
1057 1507 1086 1572 si
1101 1506 1320 1574 conformasse
1337 1527 1398 1572 con
1409 1503 1451 1592 gl'
1467 1502 1552 1588 altri,
1570 1512 1606 1569 et
1619 1503 1664 1566 mi

326 1614 468 1700 promise
490 1613 523 1678 di
538 1611 620 1679 farlo
637 1661 645 1678 .
663 1659 694 1676 ..

461 1800 520 1868 Vgl.
538 1801 682 1854 blendham
699 1802 758 1858 254.
778 1827 810 1838 -
828 1799 883 1852 bus
902 1801 974 1851 einer
990 1815 1036 1851 um
1055 1799 1111 1850 drei
1128 1799 1203 1864 'lage
1221 1795 1322 1850 tlteren
1340 1797 1482 1866 Dspesobe
1498 1814 1556 1852 ron
1574 1797 1661 1849 Areo:

396 1888 502 1950 Quanto
521 1903 538 1939 a
555 1888 644 1955 quello
663 1888 712 1940 cbe
730 1888 750 1938 li
768 1889 853 1956 giomi
879 1888 979 1953 passati
1005 1887 1038 1937 V.
1056 1886 1106 1936 Μ’·
1128 1885 1207 1936 m’ha
1230 1883 1295 1936 fatto
1320 1885 1376 1936 dire
1404 1887 1432 1935 in
1454 1885 1547 1937 farore
1572 1885 1601 1936 di
1625 1885 1662 1935 ll¹

392 1975 499 2026 Delflno
516 1976 609 2026 nuntio
628 1973 708 2042 [bitte
725 1990 771 2026 um
789 1974 841 2025 den
859 1970 1064 2040 Cardinalshntl,
1081 1971 1107 2023 S.
1128 1971 1169 2022 Sl·
1191 1974 1224 2022 m'
1235 1972 1271 2024 ba
1288 1972 1361 2024 detto
1381 1973 1431 2025 che
1448 1972 1544 2024 stando
1558 1972 1586 2024 le
1599 1989 1659 2024 cose

395 2059 432 2110 dil
451 2061 564 2111 concilio
593 2076 668 2112 come
694 2065 797 2125 manno,
815 2076 868 2111 non
885 2065 983 2126 potera
999 2074 1046 2125 per
1064 2058 1159 2110 adesso
1179 2061 1344 2125 complacere
1372 2075 1389 2112 a
1415 2059 1450 2112 V.
1467 2059 1518 2110 Ma
1619 2075 1659 2109 ma

396 2144 469 2197 linito
481 2146 506 2197 el
517 2145 639 2208 concilio,
656 2162 686 2197 se
704 2146 839 2198 barrabbe
857 2161 875 2198 a
893 2147 1044 2211 complacet
1060 2144 1096 2196 ed
1114 2144 1209 2196 alcano
1227 2146 1354 2212 principe,
1372 2146 1482 2198 sarebbe
1500 2145 1553 2197 che
1566 2147 1599 2197 V.
1609 2147 1656 2196 llh

393 2231 458 2283 fusci
475 2231 502 2284 la
518 2235 603 2298 prima
619 2233 811 2286 sodisiatta...
841 2231 978 2284 e'intande
997 2231 1047 2284 che
1064 2236 1138 2283 tento
1157 2247 1172 2283 e
1194 2231 1362 2284 ildeeidsrio
1381 2231 1418 2283 dil
1446 2231 1475 2285 0.
1501 2233 1529 2284 di
1547 2233 1654 2285 Lorena

394 2321 419 2372 d'
429 2336 517 2372 essere
534 2320 601 2372 fatto
619 2320 709 2387 legato
728 2318 766 2370 dil
784 2319 906 2382 concilio,
926 2319 977 2369 obe
993 2317 1029 2370 ba
1045 2322 1186 2384 procurato
1211 2317 1261 2369 che
1278 2318 1318 2368 llr
1336 2317 1364 2369 di
1380 2319 1486 2370 Lenaeo
1496 2355 1503 2370 .
1514 2355 1539 2372 ..
1569 2321 1654 2370 scrire

393 2405 421 2458 al
437 2421 515 2474 papa,
534 2406 604 2458 oh'il
621 2423 650 2457 re
668 2405 695 2457 di
711 2406 826 2458 Francia
844 2407 866 2456 si
885 2409 1041 2456 contentam
1058 2404 1108 2456 obe
1125 2404 1326 2458 l'arcivescovo
1351 2406 1378 2457 di
1397 2405 1514 2458 Granate
1532 2409 1575 2457 sia
1592 2407 1655 2456 latta

393 2493 482 2561 legato
500 2493 537 2544 dil
555 2493 677 2556 concilio,
694 2497 794 2544 mentre
817 2491 922 2543 inomao
944 2491 965 2543 il
987 2491 1092 2544 sudetto
1119 2491 1255 2544 cardinale
1272 2507 1371 2545 ancora
1387 2492 1484 2560 legato.
1503 2505 1548 2544 ma
1567 2491 1595 2546 S.
1614 2491 1651 2544 θ’·

393 2596 447 2631 non
464 2580 543 2631 vnole
566 2597 612 2647 per
636 2580 715 2631 alcum
733 2580 813 2632 modo
832 2579 881 2631 obe
899 2595 928 2630 se
947 2579 1048 2647 regioni
1067 2579 1094 2630 di
1111 2585 1212 2646 questo,
1240 2579 1384 2631 dubitando
1410 2579 1459 2631 che
1481 2579 1591 2631 Lorena
1605 2595 1655 2631 non

394 2665 475 2718 hebbi
493 2665 605 2732 qualche
623 2667 792 2732 intelligensa
810 2681 860 2716 con
876 2666 1041 2731 protestanti,
1060 2681 1111 2718 con
1128 2663 1155 2718 la
1172 2665 1244 2734 quali
1265 2665 1300 2718 ha
1317 2666 1417 2719 beruto
1436 2665 1560 2734 pratiche
1576 2671 1604 2718 et
1619 2679 1655 2716 re·

393 2753 554 2820 gionamenti
571 2754 667 2806 secreti
684 2768 762 2805 sensa
778 2752 881 2804 linense
898 2752 925 2803 di
944 2751 971 2803 Β.
993 2752 1049 2817 8²⁸,
1073 2767 1137 2806 cosa
1160 2753 1210 2805 che
1227 2758 1342 2822 tengono
1360 2755 1406 2820 qui
1422 2769 1470 2821 per
1486 2768 1558 2822 poco
1576 2752 1654 2804 bono·

392 2839 484 2891 revole
501 2839 537 2892 ad
554 2855 591 2892 nn
609 2839 745 2892 cardinale
764 2839 829 2906 (egl.
848 2837 950 2891 Pallas.
968 2841 993 2904 2,
1011 2837 1082 2906 4⁷5).

882 2997 1085 3010 ——-—

925 3228 1033 3318 001.

606 3434 684 3511 Des·
712 3433 847 3510 Kaisar
871 3454 918 3510 an
946 3434 1008 3510 die
1035 3431 1370 3528 Oenolloraloren3

756 3587 854 3657 Prag,
875 3590 893 3640 4
910 3587 1105 3656 September
1124 3591 1229 3643 '1682

835 3750 1015 3812 canum
1041 3751 1165 3826 cmm.

423 3896 596 3964 Praeterea
625 3897 766 3964 vidimus
795 3901 851 3988 qui
879 3901 944 3966 iarn
971 3899 1090 3968 fuerint
1110 3903 1246 3970 instituti
1274 3909 1431 3970 nectatur
1459 3901 1501 3968 de
1523 3919 1643 3969 conces

322 4003 412 4067 sione
434 4001 544 4067 calicis
567 4011 599 4068 et
621 4001 733 4090 quales
755 4003 818 4069 sint
830 4003 986 4084 ‚abactae
1003 4005 1211 4072 conditiones.
1234 4028 1290 4072 eas
1305 4005 1435 4095 quidem
1451 4005 1642 4072 conditiones

319 4125 379 4168 noe
400 4103 580 4170 iudicamus
608 4127 681 4172 esse
710 4105 889 4174 catholicae
910 4110 1022 4196 pietati
1051 4119 1284 4177 consentaneas
1313 4118 1345 4176 et
1366 4131 1471 4192 unam,
1499 4112 1640 4176 nimirum

321 4207 554 4274 confessionem
575 4211 796 4291 auricularem,
819 4211 916 4279 valde
939 4213 1049 4279 utilem
1071 4215 1346 4300 aonecessariam,
1369 4237 1471 4303 quaro
1482 4237 1542 4303 pro
1557 4211 1639 4279 nobis

320 4313 398 4398 ipsis
421 4311 545 4380 nullum
568 4313 608 4380 de
630 4317 677 4380 eis
699 4314 885 4404 scrupulum
907 4315 1063 4383 habemur
1096 4340 1202 4407 neque
1225 4319 1322 4384 etiam
1345 4319 1525 4405 cogitamus
1548 4317 1587 4384 de
1605 4314 1638 4378 iis

321 4415 543 4483 difficultatem
575 4421 761 4506 quampiam
781 4442 913 4487 movere
943 4430 1001 4486 aut
1021 4419 1168 4508 patribus
1191 4420 1319 4488 concilii
1346 4421 1480 4488 modum
1508 4421 1636 4511 aliquem

319 4522 541 4608 praescribere
564 4522 642 4610 quid
664 4545 762 4609 agere
783 4521 932 4590 debeant.
956 4547 1015 4591 vos
1036 4533 1145 4592 tamen
1167 4523 1273 4592 celare
1295 4548 1360 4592 non
1374 4547 1548 4615 possumus
1562 4517 1636 4614 qnod

319 4623 487 4690 mallemus
509 4624 591 4691 tales
608 4626 808 4693 conditiones
829 4627 1043 4715 particulares
1058 4630 1154 4717 longe
1166 4631 1332 4718 graviores
1349 4653 1447 4719 quam
1461 4651 1517 4696 eas
1532 4627 1633 4718 quibus
1703 4687 1704 4712 p

317 4726 439 4793 Paulus
451 4729 503 4794 ΙΠ
515 4731 758 4796 concessionem
773 4729 884 4798 eabae
898 4733 1102 4816 astrinxerat,
1124 4732 1342 4800 dissimulatae
1357 4735 1466 4818 fluisse,
1489 4731 1632 4823 siquiden

320 4853 432 4897 omnes
453 4840 604 4920 poterant
625 4831 779 4921 implicite
799 4836 834 4900 in
855 4857 922 4903 una
936 4835 1176 4923 comprehendi,
1199 4860 1315 4926 nempe
1333 4846 1369 4904 ut
1384 4829 1630 4906 communicaturi

319 4934 379 5002 sub
402 4945 538 5025 utraque
562 4939 669 5024 speeie
691 4936 726 5002 id
748 4938 918 5005 crederent
934 4940 1023 5028 quod
1037 4941 1140 5007 credit
1155 4941 1188 5008 S.
1203 4941 1241 5007 a
1259 4949 1291 5008 et
1304 4942 1494 5009 universalis
1510 4936 1630 5009 ecclesia

318 5041 411 5127 eique
433 5041 467 5107 in
482 5040 597 5108 ceteris
613 5039 761 5108 omnibus
778 5040 965 5110 obedientes
982 5053 1098 5128 essent,
1121 5047 1199 5134 quia
1214 5046 1392 5114 verendum
1407 5055 1457 5114 est
1470 5070 1513 5116 ne
1527 5047 1627 5134 vulgus
