3468 5820
1361 549 1423 611 52⁵

104 739 200 814 curet,
237 729 340 798 donec
370 729 541 800 haereticis
563 731 694 818 capituli
714 733 860 821 personis
889 731 944 799 alii
974 733 1123 802 catholici
1145 737 1290 802 canonici
1312 735 1422 802 subro-

102 834 170 918 gari
193 835 327 920 possint

200 941 254 1006 De
278 939 586 1029 dispensationibus:
609 949 646 1006 ut
667 949 828 1006 coartetur
849 941 982 1008 licentia
1004 941 1278 1030 dispensationum
1294 951 1326 1010 et
1340 945 1424 1009 intra

99 1046 217 1112 limites
241 1046 320 1112 iuris
342 1044 442 1110 divini
465 1054 498 1110 et
518 1043 675 1109 neutralis
690 1046 874 1110 retineatur.
896 1081 940 1092 —
961 1046 1002 1111 de
1017 1045 1188 1134 disciplina
1202 1069 1343 1112 morum:
1361 1057 1423 1112 sta·

99 1159 168 1224 tuta
190 1171 357 1217 sacrorum
387 1169 546 1216 canonum
575 1148 616 1214 de
647 1149 717 1214 vita
742 1157 776 1213 st
805 1147 973 1216 honestate
1001 1149 1191 1216 clericorum
1219 1159 1423 1234 renoventrr,

99 1263 130 1319 et
149 1264 188 1320 ut
211 1277 252 1319 ea
273 1263 306 1320 et
327 1276 410 1342 quae
439 1255 472 1318 in
499 1251 562 1319 hoc
592 1251 727 1318 concilio
757 1262 878 1318 statuta
905 1263 978 1319 sunt
1005 1263 1037 1319 et
1066 1262 1260 1332 statuentur,
1287 1251 1424 1320 fideliter

99 1358 324 1425 custodiantur
346 1355 509 1424 conciliari
534 1355 662 1422 decreto
685 1367 855 1440 cereatum
891 1367 927 1423 ut
953 1359 986 1422 in
1009 1359 1114 1424 sacris
1137 1358 1302 1423 constituti
1324 1358 1422 1423 eonti-

98 1469 214 1527 nenter
236 1470 269 1527 et
291 1470 380 1527 caste
401 1461 529 1545 vivant3
551 1469 587 1524 ut
602 1460 704 1526 omnis
720 1458 856 1526 simonia
878 1483 920 1526 ex
935 1460 1073 1527 ecclesia
1087 1459 1218 1526 tollatur
1233 1471 1265 1526 et
1280 1460 1322 1528 ab
1338 1464 1423 1527 omni

98 1565 165 1629 eius
188 1564 279 1629 mala
301 1565 408 1650 specie
430 1572 593 1628 caveatur.

201 1666 307 1732 Multa
329 1688 424 1732 sacra
445 1665 637 1731 Tridentino
665 1667 808 1754 synodus
837 1667 897 1734 sub
926 1664 1026 1733 Paulo
1056 1667 1108 1734 ΙΠ
1134 1675 1166 1734 et
1194 1667 1281 1735 lulio
1309 1669 1360 1734 ΠΙ
1383 1668 1424 1735 de

98 1779 236 1857 peccato
259 1769 414 1857 originali,
438 1770 480 1836 de
501 1769 733 1854 iustificatione,
758 1770 798 1836 de
821 1771 1029 1836 sauamentis
1050 1770 1084 1836 in
1106 1792 1224 1857 genere
1247 1783 1279 1838 et
1300 1772 1341 1837 de
1357 1773 1423 1860 qui·

96 1873 238 1940 busdam
261 1873 470 1942 sacramentis
493 1874 527 1937 in
549 1874 665 1960 specie,
689 1872 729 1939 de
752 1872 869 1940 scholis
891 1875 967 1940 item
989 1883 1022 1940 et
1042 1873 1318 1960 praedicatoribus
1332 1875 1424 1941 verbi

96 1976 158 2060 dei,
183 1985 218 2042 et
241 1975 301 2042 sub
323 1975 385 2042 hoc
406 1975 561 2043 moderno
581 1977 735 2065 pontifice
756 1976 814 2042 Pio
836 1977 885 2042 IV
907 1975 947 2041 de
970 1977 1131 2043 erroribus
1154 1979 1241 2044 circa
1255 1977 1424 2044 articulum

96 2080 334 2146 communionis
356 2078 416 2145 suh
438 2089 575 2168 utraque
597 2081 715 2168 specis,
739 2079 780 2146 de
802 2079 972 2146 collatione
994 2080 1240 2164 beneficiorum,
1272 2081 1312 2146 de
1333 2083 1424 2146 iuris·

97 2183 242 2250 dictione
264 2192 296 2249 et
318 2181 474 2249 similibus
503 2184 601 2251 rebus
629 2185 809 2268 constituit,
843 2183 884 2250 de
912 2183 1030 2272 quibus
1056 2183 1136 2250 nihil
1162 2184 1252 2251 aliud
1279 2193 1426 2272 superest

96 2311 198 2376 quam
223 2296 392 2352 uteorum
414 2285 552 2374 diligens
575 2288 724 2354 executio
747 2296 876 2374 petatur
897 2297 929 2354 et
948 2288 1015 2354 fiat.

202 2393 369 2457 Postremo
396 2391 483 2480 quod
505 2391 548 2457 ad
570 2392 829 2459 reformationem
850 2391 1006 2459 ecclesiae
1020 2391 1243 2477 universalem,
1267 2415 1364 2481 quam
1380 2413 1428 2458 rs·

95 2494 322 2561 formationem
343 2497 377 2561 in
392 2496 498 2582 capite
520 2504 553 2560 et
573 2495 607 2560 in
629 2495 781 2563 membris
797 2495 971 2583 appellant,
994 2497 1116 2580 attinet,
1140 2496 1278 2583 primum
1294 2495 1425 2584 quidem

96 2601 243 2666 omnium
279 2622 374 2666 nemo
408 2609 457 2666 est
490 2602 546 2687 qui
578 2599 703 2665 nesciat
734 2621 806 2665 earn
838 2599 902 2666 hoc
933 2609 1078 2688 tempore
1111 2600 1253 2666 omnium
1285 2596 1427 2664 ma'xime

95 2704 315 2768 necessariam
343 2725 430 2785 esse,
460 2705 580 2791 quippe
608 2724 674 2790 qua
700 2725 766 2768 non
792 2702 881 2769 facta
910 2712 942 2768 et
968 2703 1182 2790 praecedente
1211 2701 1300 2768 nulla
1330 2725 1427 2769 mem·

94 2804 231 2872 brorum
262 2805 446 2873 reformatio
479 2805 646 2872 commode
675 2806 746 2872 fieri
772 2814 828 2871 aut
857 2805 944 2872 utilis
975 2829 1045 2872 esse
1078 2808 1205 2893 poterit.
1239 2807 1298 2872 etsi
1320 2816 1427 2872 autem

96 2909 273 2976 multorum
301 2912 460 2976 sententis
487 2911 529 2976 sit
556 2908 770 2976 universalem
799 2909 955 2976 ecclesiae
983 2909 1241 2976 reformationem
1263 2911 1297 2975 in
1319 2909 1427 2996 capite

97 3023 128 3077 et
155 3011 311 3079 membris
338 3035 403 3080 non
433 3013 536 3078 solum
568 3013 607 3078 R.
642 3013 820 3100 pontificis,
855 3014 913 3078 sed
947 3015 1051 3092 etiam
1075 3012 1264 3078 universalis
1299 3011 1427 3079 concilii

97 3118 272 3182 autoritate
301 3115 371 3181 fieri
393 3113 525 3199 debere,
563 3138 646 3204 quae
675 3127 707 3181 et
732 3119 815 3182 inter
837 3139 952 3183 causas
978 3139 1043 3182 una
1065 3139 1135 3182 esse
1158 3116 1275 3182 dicitur
1296 3127 1429 3205 propter

97 3243 197 3308 quam
231 3219 402 3285 concilium
443 3218 484 3285 de
523 3220 715 3285 necessitate
753 3219 853 3284 indici
891 3219 1001 3303 debet,
1041 3229 1148 3285 tamen
1189 3219 1223 3286 Ο.
1257 3221 1324 3286 ΜΨ
1358 3245 1429 3287 eam

98 3323 351 3410 disputationem
390 3321 652 3410 prudentioribus
697 3321 882 3409 relinquens
924 3323 1183 3389 reformationem
1228 3324 1261 3389 in
1302 3326 1428 3411 capite,

97 3427 227 3494 etiamsi
249 3427 291 3491 ad
313 3425 416 3492 solum
437 3427 474 3491 R.
497 3425 681 3513 pontificem
709 3425 871 3511 pertinere
901 3424 1049 3510 deberet,
1082 3426 1182 3492 multo
1211 3435 1244 3493 et
1271 3425 1428 3494 utiliorem

98 3541 129 3596 et
159 3529 396 3617 expeditiorem
425 3529 493 3596 fore
528 3529 710 3612 existimat,
746 3530 774 3593 si
805 3551 870 3594 una
900 3551 973 3594 cum
1000 3529 1156 3605 concilio,
1191 3553 1288 3618 quam
1315 3533 1342 3596 si
1370 3553 1429 3616 per

99 3633 204 3700 solum
226 3633 263 3698 R„
285 3632 471 3720 pontificem
492 3631 585 3698 fieret
605 3632 703 3721 idque
725 3643 858 3720 propter
879 3643 1051 3721 sequentes
1074 3656 1206 3700 causas:
1229 3632 1351 3722 Iquod
1365 3633 1427 3700 hoc

100 3737 198 3804 modo
221 3737 455 3803 reformationis
476 3736 646 3822 negocium
669 3736 851 3824 expeditius
874 3735 1111 3822 absolveretur3
1133 3737 1167 3802 H
1190 3738 1429 3825 quodpropter

100 3840 339 3907 multitudinem
362 3849 409 3905 tot
430 3839 704 3905 sanctissimorum
726 3848 759 3904 et
781 3839 1038 3906 doctissimorum
1059 3849 1187 3927 patrum
1215 3839 1319 3905 omnis
1341 3840 1427 3907 mala
1458 3857 1461 3862 ’

101 3953 246 4010 cessaret
268 3942 418 4029 suspicio,
442 3965 526 4030 quae
548 3952 655 4008 tamen
678 3944 791 4008 evitari
813 3965 878 4008 non
899 3953 1018 4030 posset,
1043 3945 1071 4008 si
1092 3942 1275 4009 reformatio
1291 3944 1324 4007 in
1337 3943 1425 4010 Urbe

99 4045 213 4129 tieret,
241 4045 339 4133 idque
361 4055 493 4132 propter
513 4047 604 4112 varia
625 4055 658 4112 et
684 4068 838 4132 perversa
867 4045 974 4112 studia
1005 4069 1115 4112 eorum
1144 4047 1199 4134 qui
1227 4045 1266 4112 S‘i
1285 4045 1317 4112 S.
1347 4048 1424 4113 assi·

100 4159 184 4216 atero
206 4148 380 4234 deberent;
408 4149 460 4214 III
483 4149 569 4237 quod
591 4148 775 4216 huiusmodi
802 4149 980 4217 humiliatio
1010 4150 1158 4237 exemplo
1182 4149 1354 4216 multorum
1377 4148 1426 4216 ga

100 4251 132 4318 S.
154 4250 440 4340 praedecessorum
462 4251 550 4318 facta
571 4251 610 4319 ss
630 4252 662 4318 S.
684 4276 836 4340 magnam
858 4253 995 4340 gloriam
1024 4255 1056 4318 in
1079 4255 1229 4320 universo
1250 4251 1370 4319 mundo
1394 4263 1427 4320 et

101 4355 188 4443 apud
203 4356 425 4442 posteritatem
441 4365 526 4421 esset
540 4358 702 4444 paritura;
723 4358 773 4423 IV
787 4357 902 4422 melius
917 4367 1018 4444 agunt
1032 4357 1123 4424 multi
1140 4381 1271 4423 causam
1286 4355 1424 4424 alienam

102 4482 196 4545 quam
219 4481 301 4524 unns
324 4469 381 4524 aut
401 4461 497 4545 pauci
518 4460 692 4546 propriam,
714 4483 788 4526 nam
811 4460 866 4527 ubi
889 4462 1023 4528 consilia
1045 4462 1157 4542 multa,
1185 4460 1232 4527 ibi
1254 4461 1341 4527 salus
1364 4472 1425 4527 etc.

101 4582 173 4626 cum
196 4560 367 4639 similibus3
396 4562 428 4627 V
448 4561 522 4649 plus
544 4563 697 4650 ponderis
719 4573 752 4629 et
779 4565 956 4631 faciliorem
979 4565 1203 4633 executionem
1225 4563 1312 4652 apud
1331 4588 1425 4651 reges

103 4674 133 4729 et
165 4666 327 4752 principes
359 4663 509 4731 habitura
541 4678 590 4730 est
621 4666 804 4735 reformatio
832 4691 853 4733 a
874 4678 940 4734 toto
975 4668 1111 4735 concilio
1134 4693 1231 4757 quam
1254 4695 1274 4736 a
1296 4672 1363 4738 solo
1386 4673 1425 4737 R.

103 4767 252 4850 pontifice
274 4767 307 4832 in
330 4766 419 4834 Urbe
440 4767 544 4852 facta,
567 4769 615 4835 VI
636 4771 751 4856 ingens
775 4793 904 4858 quoque
927 4795 969 4837 ex
991 4795 1030 4837 ea
1052 4795 1087 4838 re
1110 4771 1245 4840 concilio
1268 4776 1423 4841 autoritas

104 4869 350 4958 comparabitur,
373 4893 457 4958 quae
481 4881 593 4938 contra
613 4872 793 4940 haereticos
815 4898 874 4963 pro
896 4875 1077 4941 firmissimo
1109 4873 1260 4942 habenda
1280 4887 1331 4944 est
1351 4901 1423 4966 pro·

103 4971 293 5060 pugnaculo.
