3498 5830
339 533 397 596 112

333 719 421 786 tinus
436 721 470 785 in
485 721 633 785 maximis
648 719 799 806 periculis
810 739 985 803 versemur,
1001 721 1057 807 qui
1072 718 1134 785 hac
1149 719 1190 786 de
1202 741 1302 785 causa
1316 719 1530 784 sustineamus
1547 717 1685 784 odium

334 832 366 889 et
386 823 542 890 invidiam
563 821 736 888 multorum
757 823 938 910 principum
961 824 1017 910 qui
1032 823 1126 889 nobis
1142 823 1393 890 coniunctissimi
1407 845 1478 888 esse
1492 821 1683 905 deberent,

334 927 389 1016 qui
412 926 522 993 debita
543 926 727 994 obedientia
746 925 874 991 illorum
897 925 1109 1011 destituimur,
1141 928 1196 1014 qui
1218 927 1394 992 maximam
1416 933 1448 991 et
1468 936 1685 1014 perpetuam

333 1029 422 1117 apud
450 1030 522 1097 illos
551 1031 766 1118 suspicionem
792 1031 1036 1114 incurrerimus,
1071 1053 1136 1118 qua
1169 1032 1265 1096 etiam
1298 1029 1343 1096 illi
1374 1030 1462 1096 ducti
1490 1027 1580 1096 nulla
1615 1027 1683 1095 vel

333 1135 454 1222 exigua
476 1133 597 1200 auxilia
618 1133 712 1200 nobis
735 1143 848 1200 contra
870 1144 1043 1222 perpetuos
1066 1132 1231 1200 christiani
1252 1135 1390 1201 nominis
1412 1135 1521 1202 hostes
1543 1134 1684 1200 contri·

334 1237 443 1322 buant,
466 1260 507 1302 ne
522 1237 604 1304 forte
619 1239 713 1302 nimis
736 1246 861 1303 creseat
881 1247 993 1304 nostra
1007 1237 1160 1326 potentia,
1184 1239 1385 1326 suspicantes
1401 1238 1469 1306 fore
1486 1235 1682 1326 aliquando

334 1351 371 1406 ut
402 1339 523 1408 auxilio
551 1340 678 1406 illorum
710 1351 900 1429 recuperato
938 1365 1038 1428 regno
1075 1351 1183 1408 nostro
1215 1341 1406 1429 Hungan‘ae
1436 1343 1520 1408 vires
1551 1363 1685 1408 omnes

335 1444 378 1510 ad
398 1443 598 1531 prmiendum
620 1444 692 1510 illos
715 1445 963 1511 convertamus?
986 1467 1069 1532 quae
1085 1445 1215 1532 quidem
1237 1445 1383 1532 pericula
1404 1455 1437 1512 et
1459 1447 1680 1533 suspiciones

335 1547 531 1636 sperandum
546 1546 628 1614 foret
643 1547 739 1635 plane
755 1558 946 1634 cessaturas,
970 1550 996 1613 si
1013 1548 1065 1614 dei
1079 1547 1236 1614 beneficio
1252 1571 1311 1635 per
1326 1547 1495 1614 concilium
1512 1549 1685 1636 generale

334 1661 367 1718 et
388 1653 638 1735 oecumenicum,
662 1674 745 1740 quae
768 1651 811 1718 ad
832 1652 866 1717 id
889 1652 1150 1740 consequendum
1171 1675 1299 1740 semper
1313 1651 1373 1718 luit
1388 1662 1420 1719 et
1434 1659 1484 1718 est
1498 1655 1628 1718 usitata
1645 1663 1683 1718 et

334 1756 514 1821 rectissima
534 1764 631 1842 atque
647 1757 742 1820 etiam
758 1755 1018 1822 commodissima
1033 1758 1096 1840 via,
1120 1755 1258 1823 afflictae
1273 1755 1420 1844 religioni
1443 1755 1683 1822 consuleretur

336 1881 375 1924 ac
397 1859 532 1946 pristina
554 1858 728 1925 concordia
749 1868 781 1924 et
801 1861 908 1924 unitas
923 1861 1151 1925 restitueretur.
1175 1883 1275 1948 quare
1291 1883 1386 1926 nemo
1403 1859 1515 1926 credat
1530 1857 1682 1926 consilia

335 1971 446 2029 nostra
468 1962 618 2028 aliorsum
642 1971 798 2049 spectare,
823 1985 919 2050 quarn
944 1972 980 2027 ut
1001 1963 1065 2028 tale
1081 1963 1251 2030 concilium
1273 1965 1458 2030 instituatur
1473 1962 1681 2030 celebretur-

336 2089 398 2153 que
421 2089 463 2130 ex
486 2089 550 2154 quo
572 2067 707 2152 insignis
731 2065 842 2152 aliqua
863 2066 1061 2153 reipublicae
1083 2065 1205 2132 utilitas
1227 2067 1371 2132 reditura
1393 2067 1551 2133 videatur.

437 2170 536 2234 Porro
559 2169 622 2236 hoc
643 2179 763 2257 puncto
786 2169 827 2234 de
852 2171 1091 2235 continuatione
1115 2170 1241 2236 concilii
1264 2171 1493 2258 suprascriptis
1516 2178 1548 2235 et
1570 2168 1678 2256 pluri-

337 2271 398 2336 bus
421 2271 491 2336 aliis
505 2273 613 2338 verbis
636 2272 794 2356 absoluto,
818 2273 1016 2338 ostendimus
1034 2295 1130 2359 quam
1153 2275 1370 2339 necessarium
1385 2283 1417 2338 et
1431 2271 1509 2338 utile
1524 2273 1679 2337 futurum

338 2377 388 2458 sit,
415 2375 502 2462 quod
519 2375 589 2440 ΒΜ
609 2375 649 2439 Ι).
674 2376 713 2440 N.
736 2376 948 2462 personaliter
970 2377 1105 2443 concilio
1127 2378 1260 2461 intersit,
1284 2401 1358 2442 cum
1380 2377 1425 2442 ibi
1449 2377 1577 2442 dicatur
1602 2399 1678 2441 esse

338 2478 508 2544 concilium
530 2479 586 2544 ubi
608 2480 650 2543 sit
663 2479 820 2565 pontifex,
844 2489 876 2544 et
891 2479 947 2545 S²¹⁵
964 2479 1007 2564 S.‚
1032 2503 1105 2545 cum
1129 2482 1171 2545 sit
1184 2491 1295 2567 pastor
1317 2503 1486 2568 supremus
1508 2480 1541 2544 in
1565 2481 1678 2562 torris,

339 2591 479 2669 nequeat
511 2581 601 2648 salvo
631 2581 739 2647 debito
769 2584 911 2648 muneris
935 2584 983 2647 sui
1006 2583 1177 2670 pastoralis
1200 2607 1332 2671 gregem
1356 2605 1484 2649 omnem
1505 2605 1573 2648 una
1598 2606 1676 2648 con-

338 2695 504 2771 gregatam
522 2706 581 2749 sua
595 2686 778 2771 praesentia
795 2685 978 2766 destituere,
1005 2709 1079 2752 cum
1098 2711 1206 2774 neque
1222 2698 1321 2774 caput
1335 2710 1355 2752 a
1369 2687 1500 2774 reliquis
1515 2685 1677 2752 membris

339 2796 523 2875 separatum
537 2797 624 2854 recte
636 2788 777 2854 officinm
794 2812 887 2854 suum
902 2790 1009 2856 facere
1020 2799 1077 2856 aut
1087 2792 1172 2856 vires
1183 2793 1217 2856 in
1229 2813 1345 2878 corpus
1356 2791 1534 2856 diffundere
1545 2788 1677 2867 valeat,

339 2913 445 2979 neque
455 2891 674 2958 dubitavimus
686 2914 784 2979 supra
795 2895 967 2959 nominatis
979 2895 1016 2959 R.
1030 2897 1155 2960 nunciis
1167 2895 1352 2982 apostolicis
1363 2893 1557 2982 patefacere,
1574 2915 1677 2982 quam

339 2994 424 3061 male
440 3017 479 3060 es
497 2994 537 3060 de
553 3017 652 3061 causa
671 2996 855 3062 audiverint
866 2995 918 3062 8²¹·
928 2995 961 3062 S.
977 2997 1244 3085 praedecessores
1255 2996 1376 3064 Paulus
1387 2997 1439 3062 111
1453 3007 1485 3063 et
1496 2995 1603 3062 Iulius
1615 2995 1676 3072 III,

340 3107 406 3162 tam
422 3098 510 3185 apud
525 3098 700 3166 catholicos
712 3123 808 3189 quam
825 3101 896 3167 illos
912 3103 967 3188 qui
982 3099 1207 3190 Augustanam
1223 3101 1455 3168 confessionem
1471 3101 1674 3189 profitentur,

342 3202 396 3288 qui
420 3201 563 3268 conciliis
585 3204 737 3270 institutis
759 3228 824 3270 non
847 3205 975 3292 ipsimet
989 3215 1177 3293 praesentes
1197 3206 1435 3288 intervenerint,
1460 3213 1492 3271 et
1507 3205 1599 3291 quod
1615 3227 1674 3269 nec

340 3304 485 3390 patribus
501 3307 661 3392 integrum
681 3307 777 3373 fuerit
793 3309 966 3396 quicquam
982 3309 1064 3375 ΒΜ
1089 3332 1200 3374 eorum
1215 3309 1404 3375 inconsultis
1421 3307 1606 3392 decernere,
1630 3309 1674 3372 ita

341 3405 428 3494 quod
450 3410 630 3475 necessario
655 3433 782 3499 semper
796 3411 948 3478 resolutio
971 3435 991 3477 a
1006 3411 1089 3478 Sum
1102 3435 1214 3478 eorum
1228 3412 1332 3477 Roma
1347 3409 1552 3498 expectanda
1567 3412 1672 3476 fuerit

340 3510 427 3576 idem
450 3534 527 3577 vero
549 3513 636 3599 quod
651 3513 745 3579 nobis
760 3513 1041 3581 vehementissime
1057 3515 1250 3603 displiceret,
1273 3516 1335 3602 ipsi
1355 3537 1484 3603 quoque
1506 3511 1565 3580 8⁰¹⁰
1577 3515 1619 3578 D.
1634 3511 1671 3578 N.

207 3644 219 3666 ·
341 3623 540 3698 eventurum,
564 3617 591 3681 si
612 3640 676 3682 non
699 3619 730 3683 in
754 3641 892 3704 persona
914 3621 1046 3706 propria
1061 3619 1196 3684 concilio
1212 3618 1350 3697 adesset,
1374 3641 1447 3683 cum
1463 3615 1594 3684 ordines
1609 3615 1672 3681 Au-

341 3726 499 3804 gustanae
515 3718 725 3786 confessionis
745 3730 856 3808 aperte
872 3721 982 3787 dicant
1004 3721 1175 3787 concilium
1196 3745 1261 3787 non
1283 3723 1315 3786 in
1338 3743 1377 3787 eo
1399 3720 1471 3787 loco
1487 3743 1552 3808 quo
1576 3719 1671 3786 indic-

341 3830 409 3886 tum
432 3823 488 3906 sit,
511 3822 571 3889 sed
593 3823 714 3890 Romae
737 3823 894 3890 celebrari
916 3849 957 3890 ac
971 3825 1118 3910 spiritum
1133 3833 1280 3890 sanctum
1303 3847 1345 3890 ex
1361 3823 1446 3889 alma
1468 3823 1549 3890 urbe
1571 3843 1672 3910 usque

340 3947 400 4012 per
422 3925 595 4013 dispositos
618 3949 719 4015 equos
741 3929 978 4007 advocandum,
1008 3930 1262 4016 quotiescunque
1284 3925 1407 4016 aliquid
1429 3929 1508 3993 certi
1532 3951 1572 3992 ac
1593 3925 1670 3992 firmi

345 4029 550 4096 statuendum
573 4030 624 4098 vel
653 4032 910 4099 concludendum
933 4034 982 4098 sit.
1006 4053 1143 4119 eamque
1165 4031 1207 4098 ob
1229 4055 1296 4097 rem
1319 4054 1379 4097 nos
1396 4031 1463 4097 8⁸⁶⁰
1487 4033 1556 4098 eius
1578 4031 1671 4096 etiam

345 4141 442 4219 atque
465 4133 561 4198 etiam
583 4156 714 4222 rogare,
748 4157 821 4200 cum
852 4158 912 4200 sus
933 4137 1117 4223 praesentia
1137 4135 1335 4223 reipublicae
1358 4135 1552 4202 christianae
1573 4131 1669 4222 possit

345 4237 692 4324 tantopereprodesse,
708 4262 726 4304 e
742 4238 870 4304 diverso
887 4237 939 4304 ΒΨ
958 4237 992 4304 S.
1008 4240 1155 4306 absentia
1169 4239 1266 4306 rebus
1283 4239 1431 4306 omnibus
1447 4239 1488 4304 sit
1502 4238 1667 4326 plurimum

345 4339 509 4424 obfirtura,
540 4352 577 4408 ut
603 4344 692 4409 nullo
714 4344 811 4410 modo
833 4345 1022 4410 intermittat
1043 4345 1181 4431 ipsamet
1211 4343 1254 4409 ad
1283 4342 1453 4411 concilium
1476 4343 1598 4424 venire,
1630 4359 1667 4403 ne

344 4452 459 4529 postea
480 4444 576 4533 culpa
597 4449 644 4512 rei
666 4448 772 4512 minus
794 4447 877 4513 bene
899 4456 1011 4534 gestae
1033 4446 1074 4512 ss
1092 4449 1161 4514 eius
1183 4471 1204 4513 a
1225 4471 1388 4536 quoquam
1410 4447 1545 4534 impingi
1568 4449 1665 4531 queat

450 4547 532 4615 Inde
555 4559 663 4616 autem
696 4552 845 4616 transivit
867 4550 1061 4638 colloquium
1083 4562 1228 4618 nostrum
1261 4551 1303 4628 ad
1335 4551 1423 4616 illam
1455 4548 1666 4616 difficultatem

347 4673 444 4740 quam
478 4662 510 4718 et
543 4662 640 4719 antca
661 4653 944 4720 introduxeramus
967 4654 1008 4720 de
1031 4655 1102 4721 loco
1124 4655 1285 4740 Tridenti,
1319 4654 1429 4743 ibique
1450 4674 1510 4720 nos
1533 4650 1664 4719 declara·

346 4757 451 4820 vimus
476 4756 563 4843 quod
585 4765 738 4822 nontam
761 4756 889 4822 solliciti
911 4759 1011 4822 simus
1035 4757 1075 4824 de
1097 4757 1169 4824 loco
1192 4762 1277 4846 ipso,
1314 4757 1355 4824 de
1388 4779 1451 4845 quo
1484 4779 1543 4844 pro
1565 4760 1664 4821 nostra

346 4881 489 4946 persona
511 4857 633 4924 nullam
654 4858 752 4947 plane
775 4858 996 4927 difficultatem
1024 4861 1196 4946 faciamus,
1226 4863 1309 4928 sicut
1336 4861 1474 4928 habetur
1501 4861 1535 4925 in
1556 4857 1661 4942 scripto

347 4971 467 5046 nostro,
480 4985 576 5049 quam
601 4961 642 5028 de
664 4964 793 5029 nomine
816 4965 886 5030 eius
908 4962 981 5042 loci,
1005 4965 1092 5052 quod
1116 4967 1255 5031 sciamus
1278 4965 1331 5032 vel
1352 4987 1470 5031 nomen
1486 4965 1589 5052 ipsum
1604 4968 1662 5023 um

348 5066 514 5132 ordinibus
537 5063 748 5152 Augustanus
772 5068 983 5133 confessionis
1006 5078 1073 5132 tum
1105 5077 1138 5133 et
1165 5068 1236 5133 aliis
1266 5091 1401 5136 exosum
1431 5079 1463 5133 et
1493 5071 1660 5154 suspectum
