3532 5832
320 488 361 554 Is

421 679 545 744 Datum
554 678 676 746 Romae
691 677 780 766 apud
795 687 941 744 sanctum
956 678 1088 744 Petrum
1104 678 1165 743 sub
1181 675 1300 744 annulo
1313 677 1494 762 piscatoris,
1519 675 1572 742 dia
1588 683 1658 742 ter-

317 786 362 850 tio
378 783 548 849 Februarii
565 782 658 866 1560,
681 783 886 868 pontificatus
900 783 1002 847 nostri
1018 804 1101 846 anno
1117 782 1230 867 primo.

761 883 833 973 [sub
859 883 1028 974 plicatura]
1056 885 1216 950 Antonius
1232 884 1431 950 Florebellus
1447 883 1657 950 Lavellinus.

353 988 398 1080 [in
412 988 515 1079 tergo]
539 989 734 1056 Charissimo
750 991 783 1054 in
799 988 926 1056 Christo
941 990 1007 1056 filio
1023 999 1132 1056 nostro
1148 987 1366 1072 serenando,
1389 987 1555 1075 Ungariae
1571 998 1604 1054 et

493 1093 669 1160 Bohemiae
684 1096 755 1181 regi
769 1093 902 1177 illustri,
927 1094 1028 1160 electo
1044 1093 1263 1160 Romanorum
1278 1093 1474 1179 imperatori.

889 1289 1087 1303 —n--u-—q

902 1519 1061 1606 XXVI.

554 1743 666 1822 Grai
687 1743 817 1843 Scipio
844 1764 919 1819 von
946 1740 1050 1818 arco
1077 1762 1123 1816 an
1153 1744 1226 1818 dsn
1256 1743 1406 1835 Kaleon

769 1897 859 1961 Rom,
879 1900 916 1948 13
934 1899 1099 1951 Februar
1117 1901 1209 1951 1560.

569 2081 706 2138 Romanu.
731 2081 868 2154 Osiqioal,
892 2082 1093 2155 &postcomm
1114 2083 1145 2138 io
1167 2088 1256 2156 torpor
1279 2086 1298 2140 4
1320 2083 1412 2139 Metro.

422 2263 587 2331 Berichtet
608 2264 690 2330 uber
712 2265 774 2330 den
790 2263 864 2332 sehr
878 2265 1084 2332 ehrenvollen
1099 2266 1271 2353 Empsang,
1296 2265 1354 2332 der
1375 2265 1441 2330 ihm
1463 2266 1516 2332 bei
1532 2268 1655 2333 seinem

321 2370 485 2457 gastrigen
506 2367 635 2454 Einaug
656 2369 689 2432 in
711 2367 794 2434 Rom
815 2391 857 2434 zu
879 2367 972 2434 Theil
994 2369 1177 2455 geworden.
1216 2367 1339 2435 Sobald
1362 2369 1421 2436 der
1440 2369 1543 2456 Papst
1564 2373 1653 2436 aeine

320 2471 470 2538 Ankunft
491 2473 524 2536 in
546 2470 628 2536 Rom
652 2471 775 2555 ethim,
885 2471 1028 2538 decrevit
1049 2482 1085 2538 ut
1106 2475 1140 2537 in
1162 2472 1295 2559 pallatio
1317 2473 1518 2556 habitarem,
1555 2475 1650 2538 meis·

322 2599 385 2664 que
406 2573 654 2662 pulcherrimam
677 2574 807 2640 domum
821 2577 929 2662 parari
944 2577 1050 2662 iussit,
1074 2588 1171 2664 atque
1195 2575 1237 2640 ad
1258 2599 1330 2660 me,
1354 2599 1393 2642 ea
1415 2599 1499 2663 quae
1515 2588 1653 2664 sequuta

322 2689 373 2745 est
394 2679 463 2762 die,
501 2689 634 2766 nepotes
665 2669 715 2745 mr¹
736 2701 844 2746 sorore
866 2681 1024 2745 misit...
1047 2679 1245 2746 audientiam
1277 2679 1442 2767 publicam
1469 2679 1652 2748 antediem

321 2782 460 2849 Veneris
483 2805 548 2848 non
570 2781 747 2848 habebo..
765 2832 772 2848 .

425 2884 460 2951 Si
483 2908 544 2972 ego
567 2908 671 2950 essem
693 2886 840 2974 pontifex
860 2887 914 2954 vel
937 2887 1052 2976 aliquis
1076 2911 1118 2954 ex
1132 2890 1272 2976 propriis
1289 2886 1498 2954 servitoribus
1522 2897 1555 2953 et
1574 2887 1651 2954 fide·

321 2991 406 3056 libus
428 2989 494 3055 ΜΨ
514 2987 553 3054 V.
570 2991 622 3055 cui
644 2999 770 3058 tantum
793 2991 957 3076 debemus,
981 3015 1172 3078 persuasum
1194 2991 1299 3058 habeo
1323 2990 1411 3079 quod
1432 2987 1501 3055 Mo,
1523 2990 1564 3057 V.
1587 3014 1652 3058 non

321 3101 432 3182 posset
453 3091 548 3181 plura
571 3117 700 3181 sperare
723 3119 743 3160 a
763 3083 859 3162 nobis
880 3119 977 3183 quam
1000 3096 1042 3161 ab
1064 3097 1126 3162 isto
1149 3098 1269 3182 optimo
1291 3094 1462 3183 pontifice,
1487 3096 1542 3182 qui
1565 3119 1648 3161 sum-

321 3221 408 3263 mam
441 3199 598 3264 rationem
612 3197 711 3265 habet
733 3210 766 3265 et
788 3199 953 3285 dignitatis
965 3209 998 3265 et
1019 3199 1220 3265 authoritatis
1237 3209 1270 3266 et
1293 3200 1435 3265 omnium
1456 3222 1564 3264 rerum
1579 3200 1643 3264 M²¹³

322 3301 381 3384 V.‚
406 3302 496 3366 cuius
517 3300 605 3367 bona
626 3304 722 3368 venia
745 3301 866 3368 dictum
889 3305 943 3368 ait:
966 3303 1028 3367 nisi
1049 3303 1112 3368 hac
1133 3309 1200 3368 t'am
1215 3302 1301 3369 felici
1324 3303 1494 3369 occasione
1523 3300 1575 3368 dei
1597 3302 1651 3368 be·

323 3404 438 3470 ncficio
469 3403 578 3470 oblata
606 3409 803 3492 presentium
835 3415 1016 3492 temporum
1040 3405 1275 3473 calamitatibus
1311 3415 1531 3490 succurratur,
1566 3407 1652 3494 apud

323 3531 375 3574 me
401 3507 538 3596 posthac
552 3507 641 3576 nulla
657 3532 730 3598 spes
754 3511 814 3576 erit
835 3510 960 3598 reliqua
981 3509 1132 3596 publicae
1155 3509 1393 3598 tranquilitatis.
1508 3595 1509 3598 Ἴ

904 3957 1081 4042 XXVII.
1138 4048 1140 4058 ⁴

634 4178 752 4253 Franz
774 4199 849 4252 von
874 4177 1015 4251 Thurm
1039 4198 1085 4253 an
1111 4181 1184 4254 deo
1210 4180 1361 4272 Kaleon

778 4333 868 4397 Rom,
893 4334 930 4384 17
947 4331 1099 4385 Februar
1118 4336 1192 4385 1560.

663 4515 801 4572 Rosooaa.
827 4513 956 4588 Oripioul
966 4535 978 4585 ,·
999 4515 1030 4570 ia
1052 4521 1146 4588 torpe:
1169 4519 1189 4570 4
1212 4515 1302 4572 Mure.

526 4645 741 4712 Invictissime
765 4668 878 4712 caesar
899 4667 1026 4731 semper
1048 4653 1194 4732 auguste,

531 4748 659 4815 domine
683 4749 810 4816 domine
833 4749 1088 4815 clementissime.

425 4861 489 4928 Die
510 4861 606 4928 lunae
628 4865 800 4950 praeterito
823 4872 897 4928 ante
919 4862 1090 4950 prandium
1113 4861 1193 4930 aS*⁰
1207 4861 1240 4932 S.
1256 4866 1432 4932 accersitus
1451 4866 1484 4931 in
1499 4864 1674 4953 palatium*

322 4990 374 5032 me
397 4965 539 5051 contuli,
565 4966 622 5032 ubi
644 4965 701 5033 δ”·
725 4965 758 5034 S.
780 4965 934 5034 nonnulla
957 4967 997 5033 de
1021 4969 1145 5035 comitis
1168 4965 1328 5056 Scipionis
1357 4971 1506 5056 ingressu
1527 4991 1647 5036 mecum

326 5071 464 5158 egit...
