3450 5818
916 815 1088 904 CLXX.

620 1037 690 1112 Dis
720 1035 1034 1114 Ocuriloratorsn
1063 1055 1109 1112 an
1139 1035 1212 1112 deu
1244 1036 1390 1132 Kaisssq

745 1182 876 1248 Trient,
896 1183 931 1233 12
949 1181 1014 1234 und
1034 1183 1070 1233 18
1088 1181 1152 1234 Mai
1171 1183 1260 1234 loct.

661 1362 839 1420 mechom.
863 1359 1022 1436 Oricinolef
1043 1361 1073 1418 in
1095 1367 1185 1434 torpor
1208 1363 1249 1419 13
1270 1361 1343 1418 Mat.

441 1544 514 1627 Quo
537 1545 605 1609 iure
628 1545 772 1631 episcopi
795 1553 827 1608 et
849 1543 904 1608 alii
926 1552 1039 1610 curata
1068 1541 1227 1609 beneficia
1255 1541 1412 1610 habentes
1441 1539 1588 1610 residere
1631 1539 1670 1605 de

338 1650 452 1731 beant,
481 1647 623 1714 nondum
652 1645 839 1712 conclusum
869 1656 927 1712 est.
972 1647 1110 1734 Hispani
1137 1647 1282 1736 episcopi
1310 1647 1518 1713 vehementer
1546 1655 1665 1731 urgent

338 1753 609 1818 continuationem
630 1771 735 1838 neque
762 1771 800 1816 eo
828 1759 936 1814 tamen
966 1751 1106 1816 contenti
1139 1758 1214 1816 sunt
1240 1759 1276 1816 ut
1303 1771 1338 1816 re
1366 1752 1437 1838 ipsa
1464 1748 1662 1816 continuatio

338 1857 402 1939 fiat,
426 1855 484 1922 sed
507 1853 654 1920 omnibus
677 1853 780 1919 modis
801 1853 835 1919 id
857 1853 1011 1940 perlicere
1035 1863 1191 1919 conantur
1211 1863 1248 1918 ut
1270 1853 1398 1919 diserhs
1420 1851 1527 1918 verbis
1542 1853 1579 1916 in
1594 1852 1663 1938 ipso

338 1959 468 2025 decreto
490 1959 739 2024 continuationis
760 1979 877 2022 nomen
894 1967 1083 2044 apponatur.
1107 1979 1172 2022 non
1187 1955 1334 2022 videmus
1351 1956 1468 2045 quibus
1483 1954 1663 2021 rationibus

339 2061 456 2128 adduci
478 2061 602 2148 possint
622 2072 673 2136 ut,
703 2081 777 2126 curn
798 2081 834 2124 re
856 2062 927 2148 ipsa
948 2061 1144 2127 continuatio
1166 2060 1239 2145 liat,
1264 2061 1405 2127 omnium
1427 2067 1556 2148 patrum
1581 2060 1664 2124 votis

339 2167 372 2231 in
401 2164 436 2230 id
458 2162 736 2246 concurrentibus,
767 2171 936 2251 tantopere
960 2163 1000 2229 de
1023 2164 1152 2229 nomine
1175 2162 1291 2230 soliciti
1314 2183 1385 2228 esse
1409 2163 1557 2229 debeant.
1582 2185 1668 2228 man-

339 2270 417 2335 data
439 2289 474 2334 se
497 2291 516 2333 a
538 2289 615 2354 rege
638 2289 696 2334 suo
719 2267 839 2333 habere
863 2267 982 2333 dicunt.
1007 2289 1065 2334 nos
1088 2277 1214 2334 etcum
1238 2268 1317 2358 ipsis
1333 2269 1493 2355 episcopis
1508 2273 1541 2333 et
1555 2275 1669 2354 postea

340 2375 436 2439 etiarn
460 2393 533 2437 cum
556 2371 598 2436 D.
621 2370 806 2438 marchione
830 2368 1015 2460 [Piscariae]
1040 2369 1221 2458 diligenter,
1244 2370 1389 2437 modeste
1409 2381 1519 2436 tamen
1543 2369 1588 2436 de
1610 2369 1669 2436 hoc

342 2476 478 2562 negocio
501 2474 720 2557 tractavimus,
744 2495 808 2540 non
832 2495 903 2539 esse
925 2493 984 2540 cur
1005 2473 1067 2540 hoo
1090 2475 1337 2540 continuationis
1360 2496 1476 2540 nornen
1492 2476 1538 2539 ita
1554 2495 1668 2562 urgere

341 2579 481 2645 debeant
496 2626 503 2642 .
520 2625 548 2644 ..
571 2579 762 2664 praesertim
784 2597 856 2642 eum
880 2599 922 2642 ex
944 2575 1037 2642 buius
1060 2579 1198 2644 nominis
1220 2577 1422 2666 appositione
1444 2578 1506 2644 hoo
1522 2587 1667 2665 tempore

339 2680 418 2747 nihil
440 2679 534 2748 uobis
556 2679 703 2746 utilitatis
726 2680 892 2764 accedere,
915 2703 957 2746 ex
980 2683 1152 2747 omissione
1175 2689 1282 2748 autem
1304 2680 1440 2747 multum
1462 2683 1562 2747 ctiam
1587 2703 1668 2747 emo-

340 2783 475 2850 lumenti
506 2786 634 2850 evenire
662 2807 758 2872 posse
788 2783 945 2856 videatur.
980 2783 1092 2850 vident
1118 2783 1165 2850 illi
1189 2784 1320 2874 quidem
1343 2795 1375 2852 et
1396 2807 1476 2851 vera
1498 2795 1531 2858 et
1553 2785 1667 2851 rationi

341 2899 558 2956 consentanee
581 2911 652 2954 esse
676 2912 758 2978 quae
780 2911 839 2954 nos
862 2912 921 2978 pro
943 2887 1037 2956 huius
1060 2895 1188 2956 nostrae
1210 2889 1388 2956 sententiae
1404 2889 1668 2976 comprobatione

340 2989 517 3076 attulimus,
545 3014 649 3080 neque
678 2989 712 3058 in
749 3001 900 3078 promptu
928 2991 1103 3080 quidquam
1132 2990 1253 3058 habent
1280 2990 1442 3079 quomodo
1464 2991 1498 3058 id
1526 2993 1669 3058 refutare

340 3094 475 3183 possint.
510 3094 569 3162 sed
595 3105 703 3161 tamen
731 3097 818 3181 regis
841 3095 891 3160 sui
912 3095 1100 3160 mandatnm
1121 3095 1216 3161 nobis
1239 3094 1397 3161 obiiciunt
1418 3119 1439 3160 a
1461 3116 1525 3182 qno
1547 3115 1586 3159 se
1601 3093 1667 3160 dis-

341 3198 457 3264 cedere
478 3219 543 3264 non
565 3220 661 3285 posse
687 3198 814 3284 dicnnt;
843 3197 930 3264 idern
951 3197 993 3263 D.
1018 3199 1161 3264 marchio
1184 3199 1237 3265 ait.
1262 3198 1386 3264 addunt
1407 3207 1579 3286 praeterea
1602 3197 1668 3263 des·

340 3310 489 3389 peratum
503 3303 567 3367 iam
584 3323 654 3368 esse
666 3303 794 3368 omnino
809 3301 1046 3367 Germanorum
1058 3301 1242 3386 adventum,
1257 3321 1357 3388 quare
1367 3299 1447 3365 nihil
1459 3323 1529 3367 esse
1542 3323 1666 3384 causae,

343 3424 400 3472 cur
423 3414 455 3470 et
476 3405 662 3494 dogmatum
684 3405 978 3494 pertractationem,
1002 3403 1044 3470 ad
1068 3428 1163 3492 quem
1187 3425 1298 3470 omnes
1320 3411 1428 3492 patres
1451 3403 1616 3484 inclinant,
1639 3413 1668 3470 et

342 3531 531 3596 expressum
559 3509 808 3576 continuationis
836 3530 953 3574 nomen
983 3510 1018 3576 in
1040 3505 1169 3574 decreto
1191 3507 1340 3594 refugere
1373 3506 1562 3574 debeamus.
1596 3507 1667 3572 huic

343 3634 472 3702 qnoque
500 3612 626 3680 obiecto
656 3633 739 3701 quae
767 3611 810 3678 ad
835 3633 903 3678 rem
925 3617 998 3678 visa
1019 3623 1095 3678 sunt
1115 3611 1350 3699 respondimus.
1384 3619 1539 3699 qnantum
1563 3612 1667 3698 itaque

342 3715 413 3781 fieri
441 3717 574 3802 poterit,
604 3715 751 3782 dabimus
780 3737 912 3804 operam
941 3726 977 3781 ut
1005 3715 1132 3780 disertis
1161 3715 1269 3781 verbis
1292 3713 1491 3782 continuatio
1514 3713 1588 3801 ipsa
1609 3715 1667 3779 hcc

343 3827 488 3906 tempore
509 3841 575 3886 non
598 3820 812 3908 exprimatnr3
834 3841 947 3885 verum
969 3829 1006 3885 ut
1026 3841 1062 3884 re
1083 3820 1157 3908 ipsa
1177 3841 1243 3885 non
1256 3817 1324 3902 fiat,
1347 3815 1432 3882 effici
1445 3839 1540 3905 posse
1556 3815 1666 3904 despe-

342 3943 464 4001 ramus,
498 3923 644 4012 quamvis
670 3922 780 3988 forsan
802 3921 842 3989 de
865 3947 925 3988 usu
947 3922 1139 3990 sacramenti
1163 3920 1377 3988 eucharistiae
1399 3920 1530 3986 tractari
1551 3921 1668 4006 poterit

342 4023 467 4114 absque
495 4023 604 4113 aliqua
632 4026 878 4094 continuationis
902 4028 1099 4115 suspicione,
1128 4027 1255 4094 tametsi
1276 4024 1496 4112 superioribus
1519 4025 1615 4090 annis
1636 4023 1666 4088 in

342 4151 380 4194 eo
403 4127 537 4195 articulo
560 4129 697 4196 desitum
719 4131 831 4216 fuerat,
855 4155 931 4198 nam
955 4127 1090 4220 [petitio]
1106 4126 1180 4220 Ill¹'¹¹¹
1200 4129 1358 4194 Bavariae
1379 4127 1482 4204 ducis,
1506 4129 1561 4215 qui
1585 4151 1666 4194 com·

342 4233 527 4299 munionem
539 4232 599 4299 sub
615 4243 750 4322 chaque
766 4237 832 4300 suis
847 4235 982 4301 subditis
998 4233 1133 4300 concedi
1147 4231 1297 4321 postulat,
1321 4233 1424 4319 magis
1449 4253 1547 4320 qnam
1570 4231 1665 4298 conti·

345 4336 507 4402 nuationis
529 4338 611 4403 ratio
634 4337 709 4404 huic
732 4337 940 4425 disputationi
963 4337 1166 4405 occasionem
1187 4336 1377 4424 praebuisse
1399 4334 1554 4402 credetur.

445 4439 674 4506 Mittimule
697 4442 737 4508 V.
762 4443 793 4508 S.
825 4453 951 4531 partem
973 4441 1113 4530 aliquam
1136 4438 1301 4506 literarum
1324 4460 1405 4527 quas
1428 4437 1530 4504 seru·
1550 4438 1664 4524 Hispa-

343 4542 469 4608 niarum
486 4566 547 4610 rex
563 4543 603 4611 de
618 4545 764 4632 urgenda
780 4546 1018 4613 continuatione
1034 4543 1250 4611 adoratorem
1265 4563 1358 4608 suum
1370 4542 1506 4608 Romam
1522 4540 1644 4608 dedit..
1657 4588 1663 4603 .

345 4643 385 4710 de
407 4645 549 4712 Hussitie
571 4657 604 4714 et
625 4650 761 4736 negocio
783 4649 958 4717 Bohemico
981 4650 1046 4714 iam
1075 4663 1148 4713 cum
1170 4645 1211 4711 D.
1235 4643 1350 4732 legatis
1373 4647 1505 4732 egimus,
1529 4645 1583 4734 qni
1603 4646 1661 4708 iam

345 4747 440 4813 huius
462 4751 510 4814 rei
533 4749 798 4817 deliberationem
820 4761 1045 4840 susceperunt,
1077 4749 1134 4816 sed
1160 4748 1318 4815 nihildum
1340 4748 1380 4813 de
1404 4771 1462 4814 sua
1484 4749 1577 4815 nobis
1598 4769 1661 4812 sen·

346 4853 447 4918 tentia
468 4853 688 4938 significarunt
703 4903 710 4920 .
727 4903 734 4920 .
751 4903 758 4920 .
