3468 5820
413 677 463 728 bus
481 678 569 728 omnis
586 677 686 744 relique
702 677 737 728 ad
754 677 951 744 puticulsrinm
968 678 1141 730 ecclesiarum
1157 675 1370 730 reformationem
1381 675 1529 742 spectantis
1539 673 1661 740 pendent,

411 779 548 816 censemus
566 767 670 816 omuino
688 767 775 817 acrius
797 767 947 818 instandum
965 781 1023 818 osae
1041 771 1071 818 ut
1094 779 1183 816 eorum
1207 765 1323 816 omnium
1339 779 1408 829 quse
1424 777 1474 814 nos
1492 763 1546 813 iam
1563 761 1591 810 in
1608 775 1663 810 seu-

411 853 499 902 tentiis
517 852 612 903 nosmis
630 852 763 904 attulimus
783 858 809 904 et
826 855 853 903 iu
871 853 922 905 hoc
941 855 1028 920 cepite
1046 851 1180 918 descripta
1197 857 1266 914 sunt,
1283 853 1426 918 praecipua
1443 849 1510 900 ratic
1528 847 1664 909 habeatnr,

412 939 563 1003 praesertim
581 954 648 1004 quse
666 939 701 991 ed
719 939 876 992 Germanice
894 940 1066 992 ecelesiarum
1085 939 1201 1006 capitula
1218 953 1361 1004 eorumque
1379 935 1592 988 reformationem
1610 950 1664 1000 per·

410 1024 493 1074 tinere
511 1023 687 1076 dinoscuntur.

478 1128 520 1179 De
538 1127 647 1181 scholis:
665 1131 692 1182 in
711 1132 883 1184 exeminendo
897 1135 929 1184 ld
942 1133 1029 1198 eapite
1048 1132 1104 1183 eius
1122 1132 1210 1198 scripti
1230 1129 1301 1197 quod
1317 1131 1416 1183 ebusus
1433 1127 1478 1193 qni
1497 1125 1571 1176 cmce
1583 1139 1665 1174 sacru

411 1220 527 1266 mentum
544 1215 642 1268 ordinis
660 1219 815 1284 contingunt
838 1219 1034 1285 complectitur,
1057 1219 1084 1270 in
1107 1233 1160 1286 quo
1179 1217 1212 1269 de
1230 1215 1327 1270 scholis
1346 1219 1373 1266 et
1389 1215 1530 1266 seminario
1550 1209 1664 1278 quodam

410 1317 549 1367 puerorum
574 1305 672 1370 agitur,
695 1306 778 1358 multe
805 1305 941 1373 preeclsrn
964 1305 1037 1358 dicta
1059 1311 1119 1358 sunt
1141 1321 1157 1358 ιι
1184 1305 1303 1372 patribus
1327 1307 1353 1355 et
1377 1304 1404 1354 in
1427 1315 1485 1352 eam
1508 1299 1665 1351 sententium

410 1387 466 1439 rore
483 1390 517 1440 so
536 1391 656 1442 omnbus
673 1393 738 1443 itum
756 1398 809 1456 or,
835 1397 865 1444 ur
883 1393 992 1444 senoina
1009 1394 1036 1444 n
1054 1393 1193 1445 neonem
1214 1391 1334 1442 acerem
1352 1391 1496 1455 ongum.
1524 1391 1554 1437 et
1571 1385 1595 1435 e
1611 1384 1662 1451 oui·

409 1475 459 1525 bus
476 1477 503 1526 iu
521 1476 642 1528 ecclesiis
659 1483 765 1545 propter
782 1481 938 1532 tenuitatem
960 1483 1133 1545 proventuum
1157 1479 1209 1531 hoc
1233 1477 1289 1530 fleri
1306 1492 1360 1528 non
1377 1479 1474 1542 posset,
1492 1470 1603 1524 aliunde
1620 1486 1663 1536 per

409 1563 560 1613 recentium
578 1563 763 1616 beneficiorum
780 1567 984 1633 appliceticnem
1001 1565 1177 1634 providentur,
1194 1579 1229 1616 ne
1245 1565 1284 1616 rei
1300 1569 1355 1615 tem
1372 1563 1444 1614 utilis
1456 1562 1580 1613 executio
1593 1575 1662 1627 prae·

410 1649 574 1701 termittatur.
602 1651 690 1716 plscet
707 1657 733 1704 et
750 1655 927 1704 neceesarium
952 1653 1057 1705 ridetur
1080 1659 1111 1705 ut
1133 1667 1248 1704 omenes
1266 1650 1299 1703 de
1317 1649 1448 1718 erigendis
1465 1650 1544 1700 ucria
1568 1644 1663 1697 scholis

409 1738 566 1801 sanciantur,
584 1753 669 1805 neque
686 1755 749 1790 vero
767 1741 852 1791 minus
868 1741 1046 1792 neceesarium
1063 1738 1338 1807 rideturntpublicee
1354 1735 1463 1790 scholee
1481 1741 1508 1788 et
1527 1735 1663 1802 gymnesia

409 1837 478 1890 quse
495 1825 547 1874 iem
564 1839 659 1892 magna
677 1841 709 1876 ex
725 1831 800 1892 parte
817 1827 971 1878 haeresibus
988 1832 1049 1878 sunt
1060 1827 1167 1890 iniecta,
1185 1826 1357 1878 reformentur
1366 1823 1447 1892 idque
1458 1827 1489 1874 ut
1499 1822 1549 1874 liat
1561 1823 1663 1873 omuino

410 1909 554 1962 carendum
571 1912 627 1962 erit
645 1939 678 1948 -
697 1912 730 1963 de
747 1911 910 1980 negligentis
927 1917 977 1965 ete.
996 1930 1067 1965 nunc
1084 1915 1117 1968 D.
1135 1914 1218 1980 legati
1235 1917 1318 1980 munt
1335 1927 1395 1963 cum
1412 1910 1446 1961 D.
1459 1909 1626 1975 Lothnringo
1639 1913 1663 1958 et

409 1995 467 2047 aliis
483 1998 603 2062 putribus
621 1995 654 2048 de
671 1999 829 2050 residentiee
848 1999 955 2052 decreto
976 2005 1003 2052 et
1019 1999 1079 2052 aliis
1097 1997 1214 2052 articulis
1233 2002 1259 2049 et
1277 2013 1380 2049 omnem
1399 2011 1505 2063 operam
1524 1995 1661 2046 nobiscnm

409 2097 463 2133 une
480 2084 508 2134 in
525 2099 557 2134 eo
574 2089 680 2150 ponunt,
699 2089 729 2136 nt
746 2085 863 2150 patribus
881 2087 909 2138 in
927 2085 1096 2140 concordiem
1113 2085 1235 2138 adductis
1253 2083 1354 2151 aliquid
1371 2083 1547 2135 tandemsire
1558 2082 1587 2132 in
1599 2080 1662 2132 hanc

409 2170 465 2220 sive
483 2171 510 2218 iu
528 2167 599 2220 illem
616 2175 717 2236 portem
736 2170 769 2222 de
787 2171 931 2223 residentia
947 2177 1078 2225 statuatur
1095 2177 1122 2223 et
1139 2173 1167 2223 in
1184 2172 1273 2223 futura
1289 2172 1408 2223 sessione
1424 2169 1615 2237 promulgetur.
1632 2195 1661 2204 —

409 2253 442 2306 de
460 2254 595 2306 beneflciis
617 2261 645 2306 et
667 2256 795 2322 qualitate
822 2275 912 2310 eorum
938 2261 983 2326 qui
1005 2259 1041 2311 ed
1063 2258 1193 2311 beneticie
1214 2257 1387 2324 promovendi
1405 2257 1465 2309 sint.
1496 2256 1543 2306 hic
1562 2269 1661 2322 quoque

407 2341 490 2394 multe
506 2341 642 2407 praeclare
659 2343 730 2394 dicta
747 2350 807 2395 sunt
824 2359 841 2396 e
857 2346 986 2412 patribus,
1005 2360 1036 2395 ex
1054 2359 1166 2412 quorum
1185 2345 1321 2396 sententiis
1338 2359 1409 2394 nunc
1425 2342 1570 2410 singularis
1587 2357 1660 2408 quae·

408 2427 469 2478 dam
487 2428 522 2480 ed
540 2429 733 2480 ecclesiasticas
751 2430 891 2498 dignitates
908 2431 1102 2498 promovendos
1120 2431 1286 2484 minmdi
1297 2432 1364 2482 ratio
1382 2429 1514 2496 colligitur
1533 2431 1606 2480 etin
1623 2443 1659 2478 ca·

407 2531 502 2566 nonem
521 2515 637 2566 refertur.
657 2531 726 2583 quse
743 2519 831 2569 omnis
848 2519 871 2569 si
887 2520 926 2570 ita
942 2523 972 2569 ut
989 2533 1124 2584 speremus
1142 2517 1257 2570 collecte
1275 2522 1302 2569 et
1318 2517 1427 2568 decreta
1444 2515 1553 2580 fuerint,
1572 2514 1599 2567 S.
1611 2513 1650 2566 ll‘¹

408 2600 440 2654 c.
457 2616 562 2668 quoque
579 2601 630 2653 hec
647 2604 675 2654 in
691 2608 766 2671 perte
792 2604 890 2670 optime
917 2605 1082 2656 catiniactum
1107 2604 1164 2657 iore
1187 2603 1342 2659 confidimus
1364 2609 1419 2656 tam
1442 2605 1469 2654 iu
1492 2603 1527 2656 iia
1545 2617 1614 2670 qnae
1629 2601 1659 2652 ad

409 2686 565 2756 electiones,
591 2703 669 2758 quem
697 2705 765 2757 quae
791 2690 826 2742 ad
854 2693 1045 2744 nominationes
1070 2692 1216 2758 principum
1244 2695 1270 2742 et
1292 2689 1423 2757 pontilicis
1450 2688 1658 2742 confirmationes

407 2775 525 2826 attinent

474 2879 516 2930 De
535 2881 755 2947 exemptionibuer
779 2887 851 2933 certe
868 2881 920 2933 hoo
938 2897 1043 2951 quoque
1060 2884 1237 2934 necessarium
1254 2897 1313 2934 esee
1331 2881 1524 2942 existimus,
1551 2885 1582 2934 ut
1598 2895 1653 2947 qua·

408 2971 485 3018 tenus
503 2965 608 3032 expedit
625 2983 714 3018 omnes
737 2969 916 3034 exemptiones
938 2972 992 3020 tam
1009 2969 1183 3020 saecularium
1207 2983 1286 3036 quem
1308 2967 1467 3034 regularium
1489 2967 1655 3018 eecledmm

406 3051 538 3116 tollantur,
555 3068 589 3104 ne
606 3054 633 3103 in
650 3069 704 3105 nna
721 3053 836 3106 ecclesia
852 3053 929 3120 plura
952 3056 1041 3122 eapite
1064 3061 1204 3107 cernantur
1227 3061 1255 3107 et
1272 3055 1463 3106 ordinariorum
1488 3054 1603 3106 vilescet
1618 3069 1656 3103 an·

408 3139 514 3203 toritas,
537 3143 564 3190 et
581 3145 610 3192 ut
627 3137 663 3190 de
678 3139 834 3192 incinctosis
859 3145 886 3192 et
909 3139 1121 3207 delinquentibus
1144 3142 1263 3209 personis
1288 3155 1376 3208 posue
1393 3145 1513 3192 aumatur
1531 3145 1560 3192 et
1577 3141 1656 3192 omnia

408 3224 498 3276 ordine
517 3224 587 3278 liant.
611 3231 770 3293 quopropter
787 3241 856 3293 quae
873 3227 907 3278 D.
926 3226 1069 3280 consiliarii
1090 3228 1140 3280 sub
1158 3227 1210 3281 hoc
1229 3229 1330 3293 capite,
1353 3226 1472 3292 exceptis
1491 3227 1506 3276 7
1526 3231 1556 3278 et
1571 3228 1588 3278 8
1605 3225 1655 3276 arti·

407 3310 485 3374 culis,
515 3317 680 3376 annotemnt,
698 3314 786 3364 omnia
802 3313 971 3366 vehementer
987 3315 1129 3380 probemus
1147 3320 1173 3365 et
1191 3313 1364 3366 laborandum
1382 3327 1440 3364 esse
1458 3327 1599 3364 mutemus
1632 3317 1656 3360 ut

407 3413 498 3448 eorum
515 3399 582 3450 ratio
600 3400 627 3450 in
645 3399 788 3452 condendis
807 3401 953 3452 canonibus
970 3399 1106 3452 habentur.
1131 3404 1264 3454 coeterum
1288 3402 1349 3451 let
1365 3401 1381 3452 8
1399 3398 1535 3462 ιιιὶσιιὶιιι,
1556 3415 1613 3450 cum
1629 3411 1656 3446 ea
1725 3457 1726 3468 χ

408 3487 541 3536 continent
558 3486 665 3551 quaein
682 3485 734 3536 hcc
753 3486 866 3538 concilio
884 3487 1005 3538 ridentur
1022 3486 1078 3538 fleri
1095 3503 1149 3538 nen
1165 3503 1244 3553 posse
1255 3492 1362 3553 propter
1373 3488 1528 3538 immensam
1541 3485 1654 3551 temporis
1725 3475 1726 3478 ¹

407 3569 602 3622 diuturnitatem
623 3585 692 3638 quse
714 3571 748 3624 ad
774 3585 807 3624 ee
831 3574 983 3639 requiritur,
1009 3587 1147 3626 censemus
1170 3587 1204 3625 ea
1225 3575 1314 3624 omnia
1335 3572 1370 3624 ad
1394 3573 1466 3626 ΒΜ
1489 3572 1525 3622 D.
1550 3571 1581 3622 li.
1599 3568 1654 3620 reis
1725 3585 1726 3588 ¹

407 3655 490 3708 renda
507 3672 573 3708 esse.

474 3759 514 3811 De
533 3759 781 3828 dispensationibus:
808 3777 869 3814 cnm
891 3763 974 3814 multa
995 3765 1101 3816 evenire
1118 3763 1221 3816 solesnt
1237 3767 1345 3828 propter
1361 3777 1431 3830 quse
1449 3760 1648 3828 dispensetiones
1724 3809 1725 3830 χ

406 3847 511 3897 omnino
529 3846 586 3898 tolli
603 3863 655 3898 non
673 3863 751 3914 posse
768 3848 914 3914 videantur,
932 3849 1022 3914 placet
1037 3855 1126 3901 umen
1148 3850 1225 3901 nobie
1248 3863 1352 3915 quoque
1374 3853 1405 3898 ut
1422 3862 1511 3898 cerum
1531 3863 1594 3898 nsua
1609 3861 1651 3896 non

409 3932 443 3982 sit
459 3932 615 3986 immodicus
633 3937 659 3984 et
677 3938 751 3985 extre
767 3936 961 3999 necessitatem,
981 3941 1008 3986 et
1026 3951 1058 3986 eo
1076 3950 1181 4002 quoque
1200 3936 1343 3986 easuimn
1360 3933 1457 3984 limites
1475 3933 1558 3985 divini
1575 3939 1600 3986 et
1615 3947 1652 3981 na·

406 4017 497 4069 turalis
514 4020 578 4070 iuris
591 4025 768 4072 coerceantur.
788 4021 822 4071 de
840 4037 872 4073 eo
891 4037 995 4088 quoque
1013 4023 1040 4072 in
1057 4021 1173 4088 generali
1191 4021 1238 4072 ille
1254 4020 1440 4072 reformatione
1457 4033 1538 4086 quam
1555 4017 1650 4086 promis

405 4117 461 4154 eam
480 4119 539 4156 esse
556 4120 634 4172 supra
651 4105 763 4157 diximus
780 4109 944 4158 trectebitur.
963 4135 994 4146 -
1014 4107 1048 4158 de
1071 4107 1210 4174 disciplina
1231 4123 1344 4158 morum:
1368 4121 1483 4158 canense
1506 4105 1541 4158 dc
1558 4106 1610 4154 rita
1624 4106 1645 4152 et

404 4188 542 4242 honestate
561 4191 714 4242 clericorum
733 4194 785 4243 iem
802 4195 920 4244 revocati
938 4198 1000 4244 sunt
1022 4195 1049 4244 in
1066 4194 1118 4246 hoc
1136 4193 1249 4244 concilio
1267 4193 1386 4244 moue
1403 4197 1479 4242 sexte
1495 4192 1524 4243 in
1541 4191 1645 4258 proxime

406 4279 547 4343 prseterito
565 4277 711 4344 Septembri
729 4279 826 4344 habita,
845 4284 872 4331 et
889 4295 956 4348 quae
974 4285 1117 4346 supersunt
1134 4279 1211 4330 huius
1228 4280 1332 4346 generis
1349 4293 1404 4330 uon
1421 4277 1594 4345 negligentum
1616 4275 1645 4324 ἀι

407 4361 441 4412 de
459 4364 570 4414 simonie
588 4369 615 4414 et
632 4367 702 4415 omni
721 4367 777 4416 eius
794 4367 884 4432 specie
902 4371 929 4417 et
945 4364 1095 4418 huiusmodi
1107 4363 1165 4416 aliia
1176 4369 1279 4415 veteres
1291 4379 1406 4416 canones
1418 4364 1581 4416 innovandos
1597 4374 1642 4410 erse

407 4463 553 4502 censemus.
571 4453 599 4502 in
617 4467 648 4502 eo
666 4467 771 4518 quoque
780 4452 952 4505 laborandum
961 4453 1065 4504 videtur
1072 4457 1102 4504 ut
1115 4453 1143 4503 in
1154 4467 1256 4503 summa
1267 4451 1433 4503 secerdotum
1445 4453 1555 4518 penuria
1566 4449 1644 4500 doctos

404 4539 431 4584 et
446 4536 570 4598 probntos
587 4538 857 4604 meritospoetlracsd
875 4552 965 4591 sacros
982 4538 1087 4590 ordines
1104 4553 1259 4605 promovere
1275 4537 1364 4589 licent.
1383 4542 1518 4588 ceeterum
1537 4533 1601 4604 quod
1619 4529 1644 4581 ad

404 4617 481 4670 tinem
487 4619 563 4672 huius
569 4623 662 4688 cepitis
668 4622 799 4674 adiectum
812 4629 853 4675 est
862 4625 896 4675 de
902 4629 1058 4677 statutorum
1064 4629 1091 4676 et
1097 4623 1261 4674 decretorum
1271 4624 1434 4684 executione,
1443 4621 1644 4690 iamqnaenostt

403 4706 698 4774 eitseutentiesupraiu
709 4711 795 4775 capite
808 4709 840 4760 de
850 4711 1020 4762 sacramentis
1038 4708 1235 4776 explicavimus.
1253 4715 1384 4775 postremo
1402 4709 1474 4776 quod
1491 4707 1639 4759 edreiomt·

404 4792 503 4844 tionem
520 4794 547 4844 in
559 4796 647 4861 capite
660 4801 687 4846 et
698 4797 820 4848 membris
837 4797 939 4858 attinet,
956 4813 1004 4850 nos
1014 4797 1108 4848 iisdem
1124 4796 1269 4848 rationibus
1286 4810 1354 4862 quae
1365 4796 1393 4846 in
1404 4795 1502 4860 scripto
1512 4791 1563 4844 lii·
1579 4789 1602 4840 d
1617 4785 1642 4842 0·

403 4877 437 4928 de
454 4880 521 4928 actis
539 4895 599 4932 cum
618 4879 647 4932 0.
665 4881 775 4933 Morono
794 4883 961 4934 continentur
978 4887 1006 4934 et
1023 4881 1095 4934 illinc
1112 4883 1139 4932 in
1156 4881 1208 4932 hoc
1226 4885 1306 4946 caput
1323 4881 1449 4931 mmleta
1465 4885 1533 4944 aunt,
1549 4871 1637 4930 adducti

402 4963 572 5016 vehementer
599 4967 716 5031 cupimus
741 4973 771 5018 ut
795 4967 843 5018 ille
868 4967 1018 5020 reformatio
1041 4970 1070 5018 in
1093 4967 1207 5020 concilio
1230 4968 1316 5032 potius
1342 4982 1420 5034 quam
1438 4966 1537 5018 Romu
1555 4963 1604 5023 fiat.
1618 4963 1638 5005 0¹

407 5055 547 5118 propterte
564 5052 592 5103 id
608 5068 689 5108 uuum
706 5055 849 5123 praecipue
865 5055 917 5106 iam
934 5055 995 5106 iude
1013 5056 1048 5110 ab
1065 5056 1139 5108 initio
1156 5069 1252 5124 magno
1270 5051 1357 5104 studio
1370 5057 1397 5106 et
1408 5043 1638 5120 diligentissimi·
