3498 5818
344 485 405 548 als

342 694 383 735 cx
405 672 489 736 iusta
511 672 618 757 quieta
640 680 672 736 et
687 671 829 758 pacifica,
852 671 970 736 nedum
986 670 1096 736 illicita
1112 681 1144 735 et
1158 671 1300 736 violenta
1315 692 1411 758 quam
1426 694 1512 736 nunc
1527 683 1666 758 usurpat

342 775 554 860 possessione,
571 775 922 860 dictaeprovinciaeius
933 784 989 840 aut
1000 776 1285 860 praeeminentiam
1297 785 1392 860 atque
1404 777 1666 860 praerogativam

347 876 439 941 liberi
470 884 501 942 et
530 876 668 941 absoluti
695 879 850 964 principis
884 888 940 942 aut
972 878 1091 942 domini
1123 877 1183 943 sibi
1205 876 1379 942 vendicare
1403 879 1531 942 minime
1554 889 1663 964 queat.

344 1003 455 1045 verum
477 979 539 1046 hoc
561 981 610 1044 ἰιιι
633 979 839 1046 subiectionis
860 980 953 1046 nobis
977 983 1010 1048 in
1030 979 1116 1046 illius
1138 1003 1309 1068 personam
1326 991 1358 1046 et
1371 991 1557 1068 usurpatam
1575 981 1666 1046 ditio-

343 1105 415 1148 nem
455 1093 639 1171 competens
677 1085 861 1170 diligentius
898 1085 1182 1150 consideraverunt
1217 1094 1368 1173 parentes
1407 1084 1491 1150 illius
1529 1087 1562 1149 in
1605 1083 1666 1148 illis

271 1185 276 1202 '
345 1187 533 1252 tractatibus
555 1189 646 1275 pacis
669 1211 750 1275 quos
766 1188 933 1253 nobiscum
950 1187 1167 1274 superioribus
1183 1191 1275 1253 annis
1292 1190 1459 1254 iniverunt.
1481 1211 1558 1253 nam
1573 1199 1667 1274 pater

346 1290 437 1368 illius,
463 1314 534 1355 cum
556 1290 706 1377 publicae
730 1293 828 1379 quieti
852 1301 883 1356 et
897 1289 1119 1378 tranquillitati
1135 1291 1375 1358 christianitatis
1391 1302 1516 1357 nostras
1532 1293 1666 1356 iniurias

342 1403 374 1458 et
397 1395 588 1460 offensiones
622 1396 853 1459 remisissemus
888 1395 1258 1481 condonavissemusque
1292 1405 1324 1459 ct
1350 1417 1464 1482 pacem
1499 1417 1572 1458 cum
1598 1396 1667 1479 ipso

343 1495 547 1580 fecissemus,
581 1497 782 1563 renunciavit
810 1518 869 1584 pro
901 1499 966 1562 suis
988 1497 1062 1562 filiis
1085 1507 1117 1561 et
1139 1496 1333 1563 haeredibus
1356 1521 1420 1564 non
1443 1497 1540 1562 modo
1562 1519 1663 1582 regno

348 1601 381 1662 in
413 1599 500 1686 quod
530 1623 601 1666 sese
629 1623 728 1688 opera
756 1609 787 1665 ct
815 1600 935 1665 auxilio
963 1601 1141 1666 'furcarum
1171 1610 1203 1665 et
1235 1601 1442 1667 factiosorum
1464 1599 1666 1688 quorundam

346 1702 508 1767 hominum
533 1705 712 1788 intruserat,
736 1727 848 1770 verum
871 1705 967 1768 etiam
990 1703 1081 1768 titulo
1104 1706 1210 1790 regio,
1239 1705 1278 1770 iis
1302 1703 1362 1769 sibi
1385 1705 1427 1768 ad
1457 1705 1557 1768 vitam
1592 1703 1667 1766 dun·

339 1807 436 1871 ‘taxat
449 1809 631 1892 reservatis,
655 1831 694 1873 ea
716 1808 898 1873 conditione
921 1808 1010 1894 quod
1031 1829 1090 1873 nes
1112 1808 1187 1891 filio,
1212 1811 1239 1873 si
1262 1831 1358 1896 quem
1379 1807 1550 1873 relicturus
1574 1815 1666 1887 esset,

342 1912 373 1975 in
396 1933 637 1997 recompensam
661 1913 845 1976 comitatum
868 1909 1114 1997 Scepusiensem
1148 1934 1220 1976 cum
1244 1911 1314 1976 aliis
1348 1910 1543 1999 quibusdam
1570 1910 1663 1974 bonis

343 2015 385 2078 ad
406 2015 633 2100 patrimonium
655 2014 800 2079 eiusdem
821 2015 906 2100 regis
929 2014 1063 2079 loannis
1086 2014 1306 2100 spectantibus
1330 2015 1389 2079 sub
1412 2014 1504 2079 titulo
1528 2015 1663 2080 ducatus

346 2119 617 2203 consignaremus.
652 2140 747 2203 porro
769 2125 843 2204 post
865 2126 998 2182 mortem
1027 2117 1163 2204 praelati
1189 2119 1276 2204 regis
1308 2115 1443 2182 Joaunis
1472 2119 1505 2181 in
1528 2117 1665 2183 eandem
1718 2083 1719 2174 l

348 2243 431 2306 pene
463 2221 651 2284 senteutiam
682 2241 755 2285 cum
783 2220 859 2285 dicti
891 2221 1054 2306 quondam
1082 2222 1168 2307 regis
1190 2219 1326 2286 Joannis
1348 2220 1447 2285 vidua
1468 2222 1584 2306 regina
1606 2221 1668 2284 Isa-

342 2323 429 2390 bella
461 2333 616 2410 tanquam
645 2333 746 2388 matre
780 2333 812 2388 et
838 2326 954 2389 tritrice
981 2322 1066 2388 illius
1095 2325 1136 2388 de
1165 2323 1222 2388 tali
1253 2325 1495 2390 renunciatione
1518 2325 1613 2410 regni
1636 2333 1665 2387 et

343 2435 455 2491 mutua
478 2428 736 2514 compensatione
759 2435 958 2492 transactum
979 2436 1037 2491 est.
1060 2436 1222 2513 postremo
1246 2435 1352 2492 autem
1375 2429 1408 2491 in
1422 2427 1664 2491 Transsilvania

343 2531 397 2596 alii
419 2551 529 2595 rursus
552 2539 706 2595 tractatus
729 2532 812 2594 inter
833 2551 892 2596 nos
915 2539 1012 2618 atquc
1034 2531 1098 2595 iam
1122 2530 1241 2595 dictam
1263 2532 1408 2616 reginam
1437 2529 1614 2595 Isabellarn
1636 2539 1665 2593 et

343 2635 443 2699 filium
465 2636 533 2701 eius
555 2636 625 2700 initi
645 2633 783 2719 fuerunt,
817 2633 873 2698 ubi
897 2632 1002 2699 denuo
1025 2633 1110 2699 idem
1133 2635 1277 2700 loannes
1309 2631 1538 2720 sigismundus
1563 2633 1665 2698 medis
1718 2697 1719 2700 ,

344 2740 454 2803 matris
476 2759 554 2802 suae
576 2745 731 2825 tanquam
754 2739 878 2802 tutricis
900 2761 965 2803 uon
987 2739 1084 2804 modo
1106 2740 1308 2803 renunciavit
1323 2745 1421 2825 atque
1435 2760 1470 2803 re
1485 2738 1561 2826 ipsa
1576 2738 1667 2802 cessit

343 2863 443 2928 reguo
465 2841 636 2926 Hungaria
657 2862 696 2907 ac
718 2839 976 2923 l'ranssilvania,
1010 2861 1122 2907 verum
1145 2843 1242 2906 etiam
1264 2863 1416 2906 corenam
1439 2849 1471 2906 et
1493 2849 1663 2928 sceptrum,

346 2947 521 3032 praecipua
535 2945 645 3030 regiae
661 2944 825 3030 dignitatis
840 2943 989 3029 insignia,
1006 2944 1048 3008 ad
1064 2966 1176 3010 manus
1191 2953 1318 3010 nostras
1332 2945 1517 3027 transmisit,
1532 2952 1665 3030 accepta

344 3050 487 3115 vicissim
520 3048 817 3134 recompensatione
851 3046 987 3113 duorum
1014 3048 1187 3133 insignium
1210 3047 1386 3112 ducatuum
1407 3049 1440 3111 in
1462 3045 1582 3113 Silesia
1604 3047 1662 3132 Op·

343 3152 495 3240 poliensis
517 3161 549 3216 et
569 3149 801 3216 Ratiboricnsis
824 3173 897 3216 cum
919 3148 1098 3216 redditibus
1120 3152 1234 3215 annuis
1249 3149 1367 3234 25,000
1381 3149 1577 3216 florenorum
1592 3149 1663 3215 huu-

343 3256 546 3343 garicalium,
578 3277 659 3342 quos
693 3254 881 3344 aliquandiu
908 3256 1005 3320 etiam
1038 3255 1174 3342 pacifice
1205 3255 1350 3342 possedit
1378 3263 1410 3319 et
1442 3256 1549 3319 tenuit
1582 3251 1662 3318 debi·
1718 3265 1719 3268 ’

342 3369 473 3447 tamque
495 3359 710 3426 obedientiam
733 3381 772 3424 ac
794 3359 1043 3425 contributiones
1066 3367 1098 3423 et
1120 3358 1183 3424 alia
1206 3359 1361 3424 eiusmodi
1384 3380 1483 3423 onera
1505 3359 1593 3422 sicut
1614 3355 1661 3421 alii

346 3463 445 3528 duces
471 3464 645 3550 praestitit,
676 3462 758 3529 adeo
788 3463 877 3550 quod
905 3461 1079 3527 eorundem
1110 3463 1283 3526 ducatuum
1312 3469 1461 3548 respectu
1489 3460 1596 3525 factus
1627 3459 1662 3522 sit

347 3567 443 3630 etiam
473 3564 620 3631 subditus
649 3574 758 3631 noster
785 3574 940 3653 tanquam
972 3566 1058 3651 regis
1086 3564 1260 3630 Bohcmiac
1287 3573 1320 3629 et
1336 3563 1477 3650 supremi
1499 3565 1533 3627 in
1556 3561 1663 3628 Silesis

349 3669 448 3734 ducis.
474 3668 590 3755 quibus
612 3671 716 3756 pactis
739 3677 771 3734 et
805 3667 995 3734 tractatibus
1017 3667 1114 3755 paulo
1142 3677 1216 3754 post
1246 3668 1375 3733 violatis
1403 3675 1435 3732 et
1461 3667 1550 3732 facta
1570 3663 1663 3731 rebel-

345 3772 439 3856 lione,
463 3795 536 3837 cum
565 3781 666 3837 matre
696 3773 730 3836 in
752 3771 1026 3837 Transsilvaniam
1059 3793 1207 3836 reversus
1240 3781 1289 3837 est
1322 3793 1456 3858 eamque
1479 3769 1587 3834 adhuc
1608 3765 1662 3831 sub
1718 3759 1719 3852 l

345 3877 524 3963 patrocinio
553 3885 585 3940 et
614 3874 715 3940 tutela
736 3876 890 3962 principis
912 3873 1090 3938 'furcarum
1118 3883 1215 3939 tenet.
1250 3895 1311 3939 nec
1342 3883 1392 3938 est
1422 3872 1510 3960 quod
1539 3881 1662 3959 putetur
1718 3899 1719 3906 ι

344 4003 430 4045 nunc
452 3981 501 4044 sui
523 3980 602 4043 iuris
625 4001 695 4044 esse
718 3988 751 4044 st
779 3977 1053 4043 Transsilvaniam
1077 3987 1232 4065 tanquam
1259 3978 1458 4064 provinciam
1479 3975 1612 4041 liberam
1634 3981 1662 4037 et

344 4103 365 4146 a
384 4091 545 4169 potestate
572 4091 683 4148 nostra
705 4079 866 4146 divulsam
888 4079 1036 4146 absolute
1059 4080 1239 4168 gubernare
1262 4101 1320 4167 per
1341 4080 1403 4147 hoe
1425 4079 1513 4168 quod
1535 4103 1555 4144 a
1576 4077 1662 4143 nobis

346 4183 551 4250 rebellaverit
574 4195 606 4250 et
627 4207 686 4250 nes
708 4205 767 4271 pro
789 4207 866 4270 rege
889 4194 921 4249 ct
943 4183 1072 4248 domino
1095 4207 1153 4249 suo
1175 4183 1238 4250 hoe
1259 4193 1401 4272 tempore
1416 4205 1482 4248 non
1504 4189 1659 4270 agnoscat,

349 4289 499 4375 quoniam
522 4287 556 4352 id
577 4289 724 4374 pervim
747 4297 778 4352 et
799 4286 887 4352 nullo
909 4289 979 4352 iure
1001 4287 1087 4371 lacit,
1111 4287 1250 4352 confisus
1264 4288 1409 4373 potentia
1428 4295 1460 4352 et
1473 4286 1574 4352 tutela
1588 4284 1659 4350 Tur-

348 4413 457 4456 carum
479 4393 642 4478 principis,
677 4393 767 4456 cuius
800 4390 957 4456 beneficio
980 4401 1012 4456 et
1033 4389 1217 4456 liberalitati
1240 4401 1410 4478 acceptum
1432 4389 1494 4456 lert
1516 4381 1659 4477 quicquid

345 4495 398 4560 vel
420 4495 454 4558 in
476 4494 645 4580 Hungaria
667 4493 719 4558 vel
742 4494 775 4558 in
797 4493 1038 4559 Transsilvania
1072 4503 1222 4580 usurpat,
1257 4495 1390 4581 eiusque
1413 4515 1483 4559 sese
1506 4491 1657 4557 subditum

346 4607 378 4664 ct
399 4599 595 4684 mancipium
617 4619 688 4662 essa
711 4605 821 4683 aperte
842 4596 984 4682 profiteri
1006 4619 1071 4662 uon
1093 4596 1229 4662 dubitat
1253 4618 1325 4662 cum
1349 4619 1426 4682 ergo
1448 4595 1501 4662 ille
1515 4607 1657 4680 tanquam

346 4700 494 4767 subditus
524 4708 633 4765 noster
665 4699 708 4764 ad
736 4698 907 4765 concilium
939 4701 1050 4765 vocari
1083 4721 1141 4764 seu
1174 4701 1303 4764 invitari
1335 4708 1491 4786 nequeat,
1526 4693 1657 4785 quande·

347 4805 477 4892 quidem
511 4827 551 4870 ea
579 4825 658 4868 cura
685 4803 777 4869 nobis
809 4805 953 4890 ipsismet
980 4813 1017 4869 ut
1043 4807 1113 4890 regi
1148 4803 1335 4890 Hungariae
1368 4803 1539 4885 incumbit,
1572 4793 1654 4864 facile

348 4909 500 4994 colligere
523 4907 608 4988 licet,
631 4908 658 4970 si
680 4904 738 4971 Sl*
761 4906 793 4972 S.
816 4907 905 4972 illum
927 4930 1045 4974 vocare
1068 4905 1174 4991 vellet,
1200 4907 1285 4994 quod
1309 4907 1475 4973 vocandus
1497 4913 1579 4972 esset
1599 4909 1657 4964 tan·

347 5035 444 5100 quam
467 5011 619 5098 princeps
641 5017 674 5075 et
693 5009 841 5076 dominus
865 5010 1031 5077 absolutus
1052 5010 1313 5077 Transsilvanias
1334 5010 1415 5078 nulli
1435 5011 1504 5096 regi
1518 5007 1569 5074 vel
1582 5004 1655 5092 prin·
