<?xml version="1.0" encoding="UTF-8"?>
<!DOCTYPE html PUBLIC "-//W3C//DTD XHTML 1.0 Transitional//EN"
    "http://www.w3.org/TR/xhtml1/DTD/xhtml1-transitional.dtd">
<html xmlns="http://www.w3.org/1999/xhtml" xml:lang="en" lang="en">
 <head>
  <title>
</title>
<meta http-equiv="Content-Type" content="text/html;charset=utf-8" />
  <meta name='ocr-system' content='tesseract 3.04.00' />
  <meta name='ocr-capabilities' content='ocr_page ocr_carea ocr_par ocr_line ocrx_word'/>
</head>
<body>
  <div class='ocr_page' id='page_1' title='image "./zurgeschichtede00unkngoog/zurgeschichtede00unkngoog_0350.png"; bbox 0 0 3450 5818; ppageno 0'>
   <div class='ocr_carea' id='block_1_1' title="bbox 621 843 856 932">
    <p class='ocr_par' dir='ltr' id='par_1_1' title="bbox 621 843 856 932">
     <span class='ocr_line' id='line_1_1' title="bbox 621 843 856 932; baseline 0 0"><span class='ocrx_word' id='word_1_1' title='bbox 621 843 856 932; x_wconf 73' lang='lat' dir='ltr'><strong>OlleXl.</strong></span> 
     </span>
    </p>
   </div>
   <div class='ocr_carea' id='block_1_2' title="bbox 312 1043 1168 1270">
    <p class='ocr_par' dir='ltr' id='par_1_2' title="bbox 312 1043 1168 1270">
     <span class='ocr_line' id='line_1_2' title="bbox 312 1043 1168 1142; baseline 0.011 -23"><span class='ocrx_word' id='word_1_2' title='bbox 312 1043 391 1120; x_wconf 85' lang='lat' dir='ltr'><strong>Der</strong></span> <span class='ocrx_word' id='word_1_3' title='bbox 418 1045 550 1124; x_wconf 82' lang='lat' dir='ltr'><strong>llalssr</strong></span> <span class='ocrx_word' id='word_1_4' title='bbox 585 1069 632 1123; x_wconf 84' lang='lat' dir='ltr'><strong>sn</strong></span> <span class='ocrx_word' id='word_1_5' title='bbox 660 1048 794 1124; x_wconf 82' lang='lat' dir='ltr'><strong>eeinen</strong></span> <span class='ocrx_word' id='word_1_6' title='bbox 823 1045 966 1126; x_wconf 78' lang='lat' dir='ltr'><strong>Orator</strong></span> <span class='ocrx_word' id='word_1_7' title='bbox 992 1051 1028 1126; x_wconf 88' lang='lat' dir='ltr'><strong>lu</strong></span> <span class='ocrx_word' id='word_1_8' title='bbox 1052 1051 1168 1142; x_wconf 66' lang='lat' dir='ltr'><strong>‘fleon</strong></span> 
     </span>
     <span class='ocr_line' id='line_1_3' title="bbox 502 1201 919 1270; baseline 0.002 -16"><span class='ocrx_word' id='word_1_9' title='bbox 502 1202 505 1211; x_wconf 94' lang='lat'>·</span> <span class='ocrx_word' id='word_1_10' title='bbox 558 1201 656 1270; x_wconf 69' lang='lat' dir='ltr'><strong>eng,</strong></span> <span class='ocrx_word' id='word_1_11' title='bbox 673 1201 809 1254; x_wconf 73' lang='lat' dir='ltr'><strong>reruni</strong></span> <span class='ocrx_word' id='word_1_12' title='bbox 828 1204 919 1255; x_wconf 79' lang='lat' dir='ltr'><strong>ruer.</strong></span> 
     </span>
    </p>
   </div>
   <div class='ocr_carea' id='block_1_3' title="bbox 606 1383 891 1458">
    <p class='ocr_par' dir='ltr' id='par_1_3' title="bbox 606 1383 891 1458">
     <span class='ocr_line' id='line_1_4' title="bbox 606 1383 891 1458; baseline 0 0"><span class='ocrx_word' id='word_1_13' title='bbox 606 1383 891 1458; x_wconf 59' lang='lat' dir='ltr'><strong>flmmeum</strong></span> 
     </span>
    </p>
   </div>
   <div class='ocr_carea' id='block_1_4' title="bbox 18 1529 1397 4631">
    <p class='ocr_par' dir='ltr' id='par_1_4' title="bbox 18 1529 1397 2643">
     <span class='ocr_line' id='line_1_5' title="bbox 164 1529 1396 1610; baseline -0.006 0"><span class='ocrx_word' id='word_1_14' title='bbox 164 1543 255 1610; x_wconf 82' lang='lat' dir='ltr'><strong>Cum</strong></span> <span class='ocrx_word' id='word_1_15' title='bbox 276 1539 369 1607; x_wconf 90' lang='lat' dir='ltr'><strong>nobis</strong></span> <span class='ocrx_word' id='word_1_16' title='bbox 383 1535 473 1601; x_wconf 86' lang='lat' dir='ltr'><strong>hisee</strong></span> <span class='ocrx_word' id='word_1_17' title='bbox 488 1530 602 1598; x_wconf 87' lang='lat' dir='ltr'><strong>diebus</strong></span> <span class='ocrx_word' id='word_1_18' title='bbox 616 1529 654 1596; x_wconf 81' lang='lat' dir='ltr'>R</span> <span class='ocrx_word' id='word_1_19' title='bbox 671 1531 807 1597; x_wconf 85' lang='lat' dir='ltr'><strong>devotus</strong></span> <span class='ocrx_word' id='word_1_20' title='bbox 822 1531 946 1598; x_wconf 89' lang='lat' dir='ltr'><strong>sineere</strong></span> <span class='ocrx_word' id='word_1_21' title='bbox 961 1531 1055 1600; x_wconf 91' lang='lat' dir='ltr'><strong>nobis</strong></span> <span class='ocrx_word' id='word_1_22' title='bbox 1071 1529 1206 1600; x_wconf 82' lang='lat' dir='ltr'><strong>dileetrrs</strong></span> <span class='ocrx_word' id='word_1_23' title='bbox 1220 1533 1396 1603; x_wconf 75' lang='lat' dir='ltr'><strong>Zacharias</strong></span> 
     </span>
     <span class='ocr_line' id='line_1_6' title="bbox 69 1633 1396 1735; baseline -0.004 -22"><span class='ocrx_word' id='word_1_24' title='bbox 69 1651 247 1735; x_wconf 83' lang='lat' dir='ltr'><strong>episcopus</strong></span> <span class='ocrx_word' id='word_1_25' title='bbox 268 1641 440 1710; x_wconf 78' lang='lat' dir='ltr'><strong>Phereusis</strong></span> <span class='ocrx_word' id='word_1_26' title='bbox 462 1635 515 1702; x_wconf 68' lang='lat'><strong>8⁸¹</strong></span> <span class='ocrx_word' id='word_1_27' title='bbox 528 1633 571 1699; x_wconf 92' lang='lat' dir='ltr'><strong>D.</strong></span> <span class='ocrx_word' id='word_1_28' title='bbox 590 1633 631 1698; x_wconf 89' lang='lat' dir='ltr'><strong>N.</strong></span> <span class='ocrx_word' id='word_1_29' title='bbox 653 1633 696 1699; x_wconf 84' lang='lat' dir='ltr'><strong>sd</strong></span> <span class='ocrx_word' id='word_1_30' title='bbox 710 1657 771 1701; x_wconf 90' lang='lat' dir='ltr'><strong>nos</strong></span> <span class='ocrx_word' id='word_1_31' title='bbox 786 1637 922 1701; x_wconf 77' lang='lat' dir='ltr'><strong>nunnius</strong></span> <span class='ocrx_word' id='word_1_32' title='bbox 937 1638 1149 1724; x_wconf 66' lang='lat' dir='ltr'><strong>exposuisset,</strong></span> <span class='ocrx_word' id='word_1_33' title='bbox 1172 1636 1238 1704; x_wconf 60' lang='grc' dir='ltr'><strong>δ”·</strong></span> <span class='ocrx_word' id='word_1_34' title='bbox 1254 1639 1322 1706; x_wconf 90' lang='lat' dir='ltr'><strong>eius</strong></span> <span class='ocrx_word' id='word_1_35' title='bbox 1335 1664 1396 1730; x_wconf 90' lang='lat' dir='ltr'><strong>pro</strong></span> 
     </span>
     <span class='ocr_line' id='line_1_7' title="bbox 68 1737 1393 1834; baseline -0.003 -19"><span class='ocrx_word' id='word_1_36' title='bbox 68 1773 121 1816; x_wconf 85' lang='lat' dir='ltr'><strong>sus</strong></span> <span class='ocrx_word' id='word_1_37' title='bbox 143 1750 273 1816; x_wconf 83' lang='lat' dir='ltr'><strong>eximis</strong></span> <span class='ocrx_word' id='word_1_38' title='bbox 293 1747 414 1834; x_wconf 77' lang='lat' dir='ltr'><strong>pietate</strong></span> <span class='ocrx_word' id='word_1_39' title='bbox 435 1738 610 1805; x_wconf 78' lang='lat' dir='ltr'><strong>instituisse</strong></span> <span class='ocrx_word' id='word_1_40' title='bbox 642 1737 821 1824; x_wconf 77' lang='lat' dir='ltr'><strong>rigorosam</strong></span> <span class='ocrx_word' id='word_1_41' title='bbox 843 1738 1017 1806; x_wconf 80' lang='lat' dir='ltr'><strong>admodum</strong></span> <span class='ocrx_word' id='word_1_42' title='bbox 1044 1739 1304 1810; x_wconf 74' lang='lat' dir='ltr'><strong>reformationem</strong></span> <span class='ocrx_word' id='word_1_43' title='bbox 1323 1743 1393 1832; x_wconf 87' lang='lat' dir='ltr'><strong>plu·</strong></span> 
     </span>
     <span class='ocr_line' id='line_1_8' title="bbox 71 1841 1397 1933; baseline -0.004 -14"><span class='ocrx_word' id='word_1_44' title='bbox 71 1857 150 1919; x_wconf 88' lang='lat' dir='ltr'><strong>rium</strong></span> <span class='ocrx_word' id='word_1_45' title='bbox 177 1852 361 1919; x_wconf 80' lang='lat' dir='ltr'><strong>officiorum</strong></span> <span class='ocrx_word' id='word_1_46' title='bbox 389 1847 423 1910; x_wconf 94' lang='lat' dir='ltr'><strong>in</strong></span> <span class='ocrx_word' id='word_1_47' title='bbox 458 1841 547 1910; x_wconf 82' lang='lat' dir='ltr'><strong>curis</strong></span> <span class='ocrx_word' id='word_1_48' title='bbox 574 1841 720 1907; x_wconf 73' lang='lat' dir='ltr'><strong>Romans</strong></span> <span class='ocrx_word' id='word_1_49' title='bbox 747 1849 780 1906; x_wconf 93' lang='lat' dir='ltr'><strong>et</strong></span> <span class='ocrx_word' id='word_1_50' title='bbox 799 1841 940 1907; x_wconf 83' lang='lat' dir='ltr'><strong>maxime</strong></span> <span class='ocrx_word' id='word_1_51' title='bbox 962 1841 1105 1910; x_wconf 68' lang='lat' dir='ltr'><strong>deturioe</strong></span> <span class='ocrx_word' id='word_1_52' title='bbox 1132 1845 1397 1933; x_wconf 66' lang='lat' dir='ltr'><strong>poenitentiarios</strong></span> 
     </span>
     <span class='ocr_line' id='line_1_9' title="bbox 69 1941 1396 2034; baseline -0.002 -11"><span class='ocrx_word' id='word_1_53' title='bbox 69 1970 98 2023; x_wconf 90' lang='lat' dir='ltr'><strong>et</strong></span> <span class='ocrx_word' id='word_1_54' title='bbox 118 1953 351 2034; x_wconf 66' lang='lat' dir='ltr'><strong>cancellariae,</strong></span> <span class='ocrx_word' id='word_1_55' title='bbox 382 1970 421 2014; x_wconf 85' lang='lat' dir='ltr'><strong>ec</strong></span> <span class='ocrx_word' id='word_1_56' title='bbox 442 1948 574 2034; x_wconf 83' lang='lat' dir='ltr'><strong>insuper</strong></span> <span class='ocrx_word' id='word_1_57' title='bbox 596 1941 780 2010; x_wconf 76' lang='lat' dir='ltr'><strong>decrevisse</strong></span> <span class='ocrx_word' id='word_1_58' title='bbox 807 1965 964 2012; x_wconf 87' lang='lat' dir='ltr'><strong>revoosre</strong></span> <span class='ocrx_word' id='word_1_59' title='bbox 991 1945 1159 2014; x_wconf 70' lang='lat' dir='ltr'><strong>uenturos</strong></span> <span class='ocrx_word' id='word_1_60' title='bbox 1180 1951 1307 2018; x_wconf 78' lang='lat' dir='ltr'><strong>nunciis</strong></span> <span class='ocrx_word' id='word_1_61' title='bbox 1328 1954 1396 2020; x_wconf 89' lang='lat' dir='ltr'><strong>suis</strong></span> 
     </span>
     <span class='ocr_line' id='line_1_10' title="bbox 69 2045 1394 2145; baseline -0.004 -18"><span class='ocrx_word' id='word_1_62' title='bbox 69 2081 258 2135; x_wconf 80' lang='lat' dir='ltr'><strong>concessas,</strong></span> <span class='ocrx_word' id='word_1_63' title='bbox 286 2077 345 2121; x_wconf 92' lang='lat' dir='ltr'><strong>nos</strong></span> <span class='ocrx_word' id='word_1_64' title='bbox 367 2071 445 2118; x_wconf 90' lang='lat' dir='ltr'><strong>sane</strong></span> <span class='ocrx_word' id='word_1_65' title='bbox 474 2071 514 2116; x_wconf 83' lang='lat' dir='ltr'><strong>es</strong></span> <span class='ocrx_word' id='word_1_66' title='bbox 534 2069 570 2114; x_wconf 88' lang='lat' dir='ltr'><strong>re</strong></span> <span class='ocrx_word' id='word_1_67' title='bbox 592 2045 757 2114; x_wconf 80' lang='lat' dir='ltr'><strong>intellecta</strong></span> <span class='ocrx_word' id='word_1_68' title='bbox 783 2069 848 2115; x_wconf 92' lang='lat' dir='ltr'><strong>non</strong></span> <span class='ocrx_word' id='word_1_69' title='bbox 869 2049 1033 2135; x_wconf 88' lang='lat' dir='ltr'><strong>potuimus</strong></span> <span class='ocrx_word' id='word_1_70' title='bbox 1062 2059 1129 2118; x_wconf 85' lang='lat' dir='ltr'><strong>trun</strong></span> <span class='ocrx_word' id='word_1_71' title='bbox 1149 2053 1222 2140; x_wconf 89' lang='lat' dir='ltr'><strong>pios</strong></span> <span class='ocrx_word' id='word_1_72' title='bbox 1243 2077 1284 2122; x_wconf 88' lang='lat' dir='ltr'><strong>ee</strong></span> <span class='ocrx_word' id='word_1_73' title='bbox 1303 2077 1394 2145; x_wconf 86' lang='lat' dir='ltr'><strong>pree·</strong></span> 
     </span>
     <span class='ocr_line' id='line_1_11' title="bbox 71 2150 1394 2248; baseline -0.014 -19"><span class='ocrx_word' id='word_1_74' title='bbox 71 2163 174 2231; x_wconf 79' lang='lat' dir='ltr'><strong>claros</strong></span> <span class='ocrx_word' id='word_1_75' title='bbox 206 2169 340 2228; x_wconf 81' lang='lat' dir='ltr'><strong>conatus</strong></span> <span class='ocrx_word' id='word_1_76' title='bbox 368 2178 451 2245; x_wconf 89' lang='lat' dir='ltr'><strong>quos</strong></span> <span class='ocrx_word' id='word_1_77' title='bbox 481 2151 614 2231; x_wconf 84' lang='lat' dir='ltr'><strong>edhibet</strong></span> <span class='ocrx_word' id='word_1_78' title='bbox 634 2150 690 2219; x_wconf 69' lang='lat'><strong>8⁸¹¹</strong></span> <span class='ocrx_word' id='word_1_79' title='bbox 723 2152 794 2218; x_wconf 82' lang='lat' dir='ltr'><strong>eius</strong></span> <span class='ocrx_word' id='word_1_80' title='bbox 816 2153 849 2217; x_wconf 91' lang='lat' dir='ltr'><strong>in</strong></span> <span class='ocrx_word' id='word_1_81' title='bbox 870 2152 1006 2240; x_wconf 81' lang='lat' dir='ltr'><strong>negoeio</strong></span> <span class='ocrx_word' id='word_1_82' title='bbox 1035 2153 1271 2225; x_wconf 76' lang='lat' dir='ltr'><strong>reformationis</strong></span> <span class='ocrx_word' id='word_1_83' title='bbox 1300 2161 1394 2248; x_wconf 58' lang='grc' dir='ltr'><strong>μή.</strong></span> 
     </span>
     <span class='ocr_line' id='line_1_12' title="bbox 70 2254 1394 2350; baseline -0.002 -18"><span class='ocrx_word' id='word_1_84' title='bbox 70 2267 185 2334; x_wconf 87' lang='lat' dir='ltr'><strong>riendo</strong></span> <span class='ocrx_word' id='word_1_85' title='bbox 213 2287 278 2331; x_wconf 90' lang='lat' dir='ltr'><strong>non</strong></span> <span class='ocrx_word' id='word_1_86' title='bbox 299 2263 470 2350; x_wconf 89' lang='lat' dir='ltr'><strong>plurimum</strong></span> <span class='ocrx_word' id='word_1_87' title='bbox 494 2254 720 2324; x_wconf 86' lang='lat' dir='ltr'><strong>eemmendare</strong></span> <span class='ocrx_word' id='word_1_88' title='bbox 740 2256 932 2344; x_wconf 84' lang='lat' dir='ltr'><strong>magnisque</strong></span> <span class='ocrx_word' id='word_1_89' title='bbox 954 2266 992 2322; x_wconf 92' lang='lat' dir='ltr'><strong>ut</strong></span> <span class='ocrx_word' id='word_1_90' title='bbox 1012 2279 1072 2344; x_wconf 84' lang='lat' dir='ltr'><strong>per</strong></span> <span class='ocrx_word' id='word_1_91' title='bbox 1094 2269 1143 2328; x_wconf 86' lang='lat' dir='ltr'><strong>est</strong></span> <span class='ocrx_word' id='word_1_92' title='bbox 1163 2259 1314 2329; x_wconf 84' lang='lat' dir='ltr'><strong>laudibus</strong></span> <span class='ocrx_word' id='word_1_93' title='bbox 1336 2286 1394 2330; x_wconf 85' lang='lat' dir='ltr'><strong>ex·</strong></span> 
     </span>
     <span class='ocr_line' id='line_1_13' title="bbox 69 2357 1392 2456; baseline -0.002 -21"><span class='ocrx_word' id='word_1_94' title='bbox 69 2369 190 2453; x_wconf 83' lang='lat' dir='ltr'><strong>tollere,</strong></span> <span class='ocrx_word' id='word_1_95' title='bbox 225 2367 303 2456; x_wconf 86' lang='lat' dir='ltr'><strong>quia</strong></span> <span class='ocrx_word' id='word_1_96' title='bbox 329 2363 588 2432; x_wconf 85' lang='lat' dir='ltr'><strong>reformationem</strong></span> <span class='ocrx_word' id='word_1_97' title='bbox 614 2358 825 2448; x_wconf 87' lang='lat' dir='ltr'><strong>usqueadeo</strong></span> <span class='ocrx_word' id='word_1_98' title='bbox 855 2357 1070 2426; x_wconf 69' lang='lat' dir='ltr'><strong>neeessariam</strong></span> <span class='ocrx_word' id='word_1_99' title='bbox 1097 2385 1169 2430; x_wconf 89' lang='lat' dir='ltr'><strong>esse</strong></span> <span class='ocrx_word' id='word_1_100' title='bbox 1190 2363 1392 2452; x_wconf 86' lang='lat' dir='ltr'><strong>arbitramur,</strong></span> 
     </span>
     <span class='ocr_line' id='line_1_14' title="bbox 68 2463 1392 2562; baseline -0.002 -24"><span class='ocrx_word' id='word_1_101' title='bbox 68 2484 101 2538; x_wconf 87' lang='lat' dir='ltr'><strong>ut</strong></span> <span class='ocrx_word' id='word_1_102' title='bbox 120 2473 223 2562; x_wconf 86' lang='lat' dir='ltr'><strong>plane</strong></span> <span class='ocrx_word' id='word_1_103' title='bbox 245 2469 414 2537; x_wconf 80' lang='lat' dir='ltr'><strong>credemus</strong></span> <span class='ocrx_word' id='word_1_104' title='bbox 436 2465 560 2554; x_wconf 81' lang='lat' dir='ltr'><strong>absque</strong></span> <span class='ocrx_word' id='word_1_105' title='bbox 582 2484 622 2530; x_wconf 85' lang='lat' dir='ltr'><strong>es</strong></span> <span class='ocrx_word' id='word_1_106' title='bbox 643 2465 800 2530; x_wconf 80' lang='lat' dir='ltr'><strong>unitatem</strong></span> <span class='ocrx_word' id='word_1_107' title='bbox 820 2472 853 2528; x_wconf 89' lang='lat' dir='ltr'><strong>et</strong></span> <span class='ocrx_word' id='word_1_108' title='bbox 874 2464 1015 2550; x_wconf 88' lang='lat' dir='ltr'><strong>quietem</strong></span> <span class='ocrx_word' id='word_1_109' title='bbox 1037 2463 1193 2532; x_wconf 82' lang='lat' dir='ltr'><strong>eeclesiae</strong></span> <span class='ocrx_word' id='word_1_110' title='bbox 1206 2471 1392 2557; x_wconf 75' lang='lat' dir='ltr'><strong>recuperari</strong></span> 
     </span>
     <span class='ocr_line' id='line_1_15' title="bbox 18 2597 316 2643; baseline -0.017 -1"><span class='ocrx_word' id='word_1_111' title='bbox 18 2639 19 2642; x_wconf 74' lang='grc'>,</span> <span class='ocrx_word' id='word_1_112' title='bbox 68 2599 120 2642; x_wconf 78' lang='lat' dir='ltr'><strong>vix</strong></span> <span class='ocrx_word' id='word_1_113' title='bbox 168 2597 243 2643; x_wconf 88' lang='lat' dir='ltr'><strong>osse</strong></span> <span class='ocrx_word' id='word_1_114' title='bbox 259 2625 266 2640; x_wconf 94' lang='lat'><em>.</em></span> <span class='ocrx_word' id='word_1_115' title='bbox 284 2622 316 2640; x_wconf 90' lang='lat'><strong>..</strong></span> 
     </span>
    </p>

    <p class='ocr_par' dir='ltr' id='par_1_5' title="bbox 71 2601 1392 4002">
     <span class='ocr_line' id='line_1_16' title="bbox 142 2601 1390 2764; baseline -0.001 -18"><span class='ocrx_word' id='word_1_116' title='bbox 142 2601 233 2747; x_wconf 87' lang='lat' dir='ltr'><strong>pSed</strong></span> <span class='ocrx_word' id='word_1_117' title='bbox 256 2673 473 2764; x_wconf 81' lang='lat' dir='ltr'><strong>cogitantibus</strong></span> <span class='ocrx_word' id='word_1_118' title='bbox 494 2670 587 2738; x_wconf 89' lang='lat' dir='ltr'><strong>nobis</strong></span> <span class='ocrx_word' id='word_1_119' title='bbox 609 2669 707 2760; x_wconf 89' lang='lat' dir='ltr'><strong>paulo</strong></span> <span class='ocrx_word' id='word_1_120' title='bbox 728 2671 910 2738; x_wconf 75' lang='lat' dir='ltr'><strong>eommstius</strong></span> <span class='ocrx_word' id='word_1_121' title='bbox 931 2670 971 2736; x_wconf 90' lang='lat' dir='ltr'><strong>de</strong></span> <span class='ocrx_word' id='word_1_122' title='bbox 993 2671 1093 2739; x_wconf 88' lang='lat' dir='ltr'><strong>altero</strong></span> <span class='ocrx_word' id='word_1_123' title='bbox 1116 2671 1167 2740; x_wconf 55' lang='lat' dir='ltr'><strong>Si·</strong></span> <span class='ocrx_word' id='word_1_124' title='bbox 1180 2672 1214 2741; x_wconf 84' lang='lat' dir='ltr'><strong>S.</strong></span> <span class='ocrx_word' id='word_1_125' title='bbox 1235 2677 1390 2764; x_wconf 72' lang='lat' dir='ltr'><strong>munito,</strong></span> 
     </span>
     <span class='ocr_line' id='line_1_17' title="bbox 71 2773 1392 2864; baseline 0.003 -18"><span class='ocrx_word' id='word_1_126' title='bbox 71 2783 234 2850; x_wconf 87' lang='lat' dir='ltr'><strong>minuendi</strong></span> <span class='ocrx_word' id='word_1_127' title='bbox 255 2779 378 2847; x_wconf 83' lang='lat' dir='ltr'><strong>seilicet</strong></span> <span class='ocrx_word' id='word_1_128' title='bbox 406 2786 438 2843; x_wconf 92' lang='lat' dir='ltr'><strong>et</strong></span> <span class='ocrx_word' id='word_1_129' title='bbox 459 2774 617 2842; x_wconf 90' lang='lat' dir='ltr'><strong>limitandi</strong></span> <span class='ocrx_word' id='word_1_130' title='bbox 638 2773 808 2842; x_wconf 84' lang='lat' dir='ltr'><strong>feoultstes</strong></span> <span class='ocrx_word' id='word_1_131' title='bbox 830 2774 956 2841; x_wconf 71' lang='lat' dir='ltr'><strong>nunmis</strong></span> <span class='ocrx_word' id='word_1_132' title='bbox 983 2777 1169 2864; x_wconf 75' lang='lat' dir='ltr'><strong>apostolicis</strong></span> <span class='ocrx_word' id='word_1_133' title='bbox 1190 2777 1348 2849; x_wconf 70' lang='lat' dir='ltr'><strong>haetenus</strong></span> <span class='ocrx_word' id='word_1_134' title='bbox 1370 2807 1392 2850; x_wconf 90' lang='lat' dir='ltr'><strong>a</strong></span> 
     </span>
     <span class='ocr_line' id='line_1_18' title="bbox 73 2875 1389 2973; baseline 0.005 -27"><span class='ocrx_word' id='word_1_135' title='bbox 73 2886 200 2952; x_wconf 88' lang='lat' dir='ltr'><strong>summis</strong></span> <span class='ocrx_word' id='word_1_136' title='bbox 214 2881 421 2973; x_wconf 83' lang='lat' dir='ltr'><strong>pontificibus</strong></span> <span class='ocrx_word' id='word_1_137' title='bbox 438 2875 571 2947; x_wconf 85' lang='lat' dir='ltr'><strong>eoneedi</strong></span> <span class='ocrx_word' id='word_1_138' title='bbox 585 2877 707 2962; x_wconf 83' lang='lat' dir='ltr'><strong>solitas,</strong></span> <span class='ocrx_word' id='word_1_139' title='bbox 727 2880 866 2945; x_wconf 79' lang='lat' dir='ltr'><strong>occurrit</strong></span> <span class='ocrx_word' id='word_1_140' title='bbox 881 2879 1020 2967; x_wconf 55' lang='lat' dir='ltr'><strong>insignis*</strong></span> <span class='ocrx_word' id='word_1_141' title='bbox 1031 2880 1191 2968; x_wconf 81' lang='lat' dir='ltr'><strong>queedsm</strong></span> <span class='ocrx_word' id='word_1_142' title='bbox 1206 2881 1389 2952; x_wconf 76' lang='lat' dir='ltr'><strong>difficultas.</strong></span> 
     </span>
     <span class='ocr_line' id='line_1_19' title="bbox 72 2980 1389 3072; baseline 0.003 -19"><span class='ocrx_word' id='word_1_143' title='bbox 72 2991 293 3055; x_wconf 80' lang='lat' dir='ltr'><strong>consuevimus</strong></span> <span class='ocrx_word' id='word_1_144' title='bbox 316 2988 411 3053; x_wconf 70' lang='lat' dir='ltr'><strong>enim&#39;</strong></span> <span class='ocrx_word' id='word_1_145' title='bbox 424 2993 456 3050; x_wconf 90' lang='lat' dir='ltr'><strong>et</strong></span> <span class='ocrx_word' id='word_1_146' title='bbox 477 3005 537 3049; x_wconf 91' lang='lat' dir='ltr'><strong>nos</strong></span> <span class='ocrx_word' id='word_1_147' title='bbox 559 2982 600 3049; x_wconf 90' lang='lat' dir='ltr'><strong>de</strong></span> <span class='ocrx_word' id='word_1_148' title='bbox 622 2980 806 3049; x_wconf 88' lang='lat' dir='ltr'><strong>huiusmodi</strong></span> <span class='ocrx_word' id='word_1_149' title='bbox 827 2981 934 3068; x_wconf 84' lang='lat' dir='ltr'><strong>rebus,</strong></span> <span class='ocrx_word' id='word_1_150' title='bbox 957 2984 985 3049; x_wconf 89' lang='lat' dir='ltr'><strong>si</strong></span> <span class='ocrx_word' id='word_1_151' title='bbox 1007 2983 1137 3072; x_wconf 83' lang='lat' dir='ltr'><strong>quendo</strong></span> <span class='ocrx_word' id='word_1_152' title='bbox 1158 2985 1201 3052; x_wconf 89' lang='lat' dir='ltr'><strong>ed</strong></span> <span class='ocrx_word' id='word_1_153' title='bbox 1222 3010 1282 3054; x_wconf 91' lang='lat' dir='ltr'><strong>nos</strong></span> <span class='ocrx_word' id='word_1_154' title='bbox 1303 2987 1389 3057; x_wconf 89' lang='lat' dir='ltr'><strong>defe-</strong></span> 
     </span>
     <span class='ocr_line' id='line_1_20' title="bbox 73 3084 1389 3178; baseline 0.001 -19"><span class='ocrx_word' id='word_1_155' title='bbox 73 3103 188 3172; x_wconf 78' lang='lat' dir='ltr'><strong>rantur,</strong></span> <span class='ocrx_word' id='word_1_156' title='bbox 211 3091 382 3178; x_wconf 80' lang='lat' dir='ltr'><strong>diiigenter</strong></span> <span class='ocrx_word' id='word_1_157' title='bbox 404 3088 556 3176; x_wconf 85' lang='lat' dir='ltr'><strong>eogitere,</strong></span> <span class='ocrx_word' id='word_1_158' title='bbox 584 3107 649 3153; x_wconf 91' lang='lat' dir='ltr'><strong>non</strong></span> <span class='ocrx_word' id='word_1_159' title='bbox 671 3107 709 3152; x_wconf 90' lang='lat' dir='ltr'><strong>eo</strong></span> <span class='ocrx_word' id='word_1_160' title='bbox 732 3084 863 3174; x_wconf 90' lang='lat' dir='ltr'><strong>quidem</strong></span> <span class='ocrx_word' id='word_1_161' title='bbox 884 3087 991 3154; x_wconf 88' lang='lat' dir='ltr'><strong>animo</strong></span> <span class='ocrx_word' id='word_1_162' title='bbox 1014 3086 1100 3176; x_wconf 89' lang='lat' dir='ltr'><strong>quod</strong></span> <span class='ocrx_word' id='word_1_163' title='bbox 1122 3087 1257 3156; x_wconf 90' lang='lat' dir='ltr'><strong>velimus</strong></span> <span class='ocrx_word' id='word_1_164' title='bbox 1280 3091 1389 3160; x_wconf 86' lang='lat' dir='ltr'><strong>obser·</strong></span> 
     </span>
     <span class='ocr_line' id='line_1_21' title="bbox 71 3187 1389 3280; baseline 0 -24"><span class='ocrx_word' id='word_1_165' title='bbox 71 3215 142 3262; x_wconf 84' lang='lat' dir='ltr'><strong>vare</strong></span> <span class='ocrx_word' id='word_1_166' title='bbox 165 3215 277 3262; x_wconf 88' lang='lat' dir='ltr'><strong>omnes</strong></span> <span class='ocrx_word' id='word_1_167' title='bbox 299 3192 349 3260; x_wconf 61' lang='lat' dir='ltr'><strong>S*</strong></span> <span class='ocrx_word' id='word_1_168' title='bbox 371 3191 414 3258; x_wconf 92' lang='lat' dir='ltr'><strong>D.</strong></span> <span class='ocrx_word' id='word_1_169' title='bbox 428 3191 469 3257; x_wconf 83' lang='lat' dir='ltr'><strong>N.</strong></span> <span class='ocrx_word' id='word_1_170' title='bbox 490 3193 643 3275; x_wconf 79' lang='lat' dir='ltr'><strong>sedenos,</strong></span> <span class='ocrx_word' id='word_1_171' title='bbox 665 3198 704 3255; x_wconf 90' lang='lat' dir='ltr'><strong>nt</strong></span> <span class='ocrx_word' id='word_1_172' title='bbox 723 3189 752 3254; x_wconf 92' lang='lat' dir='ltr'><strong>si</strong></span> <span class='ocrx_word' id='word_1_173' title='bbox 773 3187 851 3276; x_wconf 91' lang='lat' dir='ltr'><strong>quid</strong></span> <span class='ocrx_word' id='word_1_174' title='bbox 872 3188 966 3256; x_wconf 89' lang='lat' dir='ltr'><strong>uobis</strong></span> <span class='ocrx_word' id='word_1_175' title='bbox 986 3190 1092 3258; x_wconf 90' lang='lat' dir='ltr'><strong>minus</strong></span> <span class='ocrx_word' id='word_1_176' title='bbox 1114 3192 1266 3280; x_wconf 76' lang='lat' dir='ltr'><strong>plaeeret,</strong></span> <span class='ocrx_word' id='word_1_177' title='bbox 1287 3194 1389 3266; x_wconf 70' lang='lat' dir='ltr'><strong>habe-</strong></span> 
     </span>
     <span class='ocr_line' id='line_1_22' title="bbox 72 3293 1389 3387; baseline 0.005 -24"><span class='ocrx_word' id='word_1_178' title='bbox 72 3319 171 3366; x_wconf 87' lang='lat' dir='ltr'><strong>remus</strong></span> <span class='ocrx_word' id='word_1_179' title='bbox 201 3297 290 3387; x_wconf 90' lang='lat' dir='ltr'><strong>qnod</strong></span> <span class='ocrx_word' id='word_1_180' title='bbox 309 3305 496 3364; x_wconf 76' lang='lat' dir='ltr'><strong>notaremus</strong></span> <span class='ocrx_word' id='word_1_181' title='bbox 516 3303 573 3362; x_wconf 84' lang='lat' dir='ltr'><strong>eut</strong></span> <span class='ocrx_word' id='word_1_182' title='bbox 593 3293 881 3381; x_wconf 78' lang='lat' dir='ltr'><strong>perstringeremus</strong></span> <span class='ocrx_word' id='word_1_183' title='bbox 902 3293 955 3360; x_wconf 89' lang='lat' dir='ltr'><strong>vel</strong></span> <span class='ocrx_word' id='word_1_184' title='bbox 977 3295 1075 3360; x_wconf 85' lang='lat' dir='ltr'><strong>etium</strong></span> <span class='ocrx_word' id='word_1_185' title='bbox 1103 3295 1143 3362; x_wconf 68' lang='lat'><strong>8²¹</strong></span> <span class='ocrx_word' id='word_1_186' title='bbox 1170 3299 1237 3364; x_wconf 91' lang='lat' dir='ltr'><strong>eius</strong></span> <span class='ocrx_word' id='word_1_187' title='bbox 1258 3301 1389 3370; x_wconf 87' lang='lat' dir='ltr'><strong>modum</strong></span> 
     </span>
     <span class='ocr_line' id='line_1_23' title="bbox 72 3395 1387 3490; baseline 0.008 -28"><span class='ocrx_word' id='word_1_188' title='bbox 72 3399 134 3468; x_wconf 87' lang='lat' dir='ltr'><strong>sive</strong></span> <span class='ocrx_word' id='word_1_189' title='bbox 155 3401 261 3490; x_wconf 75' lang='lat' dir='ltr'><strong>legem</strong></span> <span class='ocrx_word' id='word_1_190' title='bbox 282 3398 574 3487; x_wconf 76' lang='lat' dir='ltr'><strong>praescribersmus</strong></span> <span class='ocrx_word' id='word_1_191' title='bbox 598 3396 745 3486; x_wconf 77' lang='lat' dir='ltr'><strong>adeoque</strong></span> <span class='ocrx_word' id='word_1_192' title='bbox 766 3395 882 3464; x_wconf 80' lang='lat' dir='ltr'><strong>falcem</strong></span> <span class='ocrx_word' id='word_1_193' title='bbox 907 3398 942 3464; x_wconf 92' lang='lat' dir='ltr'><strong>in</strong></span> <span class='ocrx_word' id='word_1_194' title='bbox 963 3397 1101 3464; x_wconf 89' lang='lat' dir='ltr'><strong>alienam</strong></span> <span class='ocrx_word' id='word_1_195' title='bbox 1122 3423 1263 3470; x_wconf 85' lang='lat' dir='ltr'><strong>messem</strong></span> <span class='ocrx_word' id='word_1_196' title='bbox 1282 3405 1387 3472; x_wconf 90' lang='lat' dir='ltr'><strong>mitte·</strong></span> 
     </span>
     <span class='ocr_line' id='line_1_24' title="bbox 72 3499 1388 3589; baseline 0.008 -22"><span class='ocrx_word' id='word_1_197' title='bbox 72 3525 190 3588; x_wconf 83' lang='lat' dir='ltr'><strong>remns3</strong></span> <span class='ocrx_word' id='word_1_198' title='bbox 214 3503 274 3570; x_wconf 89' lang='lat' dir='ltr'><strong>sed</strong></span> <span class='ocrx_word' id='word_1_199' title='bbox 294 3513 419 3568; x_wconf 83' lang='lat' dir='ltr'><strong>tentum</strong></span> <span class='ocrx_word' id='word_1_200' title='bbox 439 3511 478 3566; x_wconf 89' lang='lat' dir='ltr'><strong>ut</strong></span> <span class='ocrx_word' id='word_1_201' title='bbox 499 3499 538 3567; x_wconf 61' lang='lat' dir='ltr'><strong>St</strong></span> <span class='ocrx_word' id='word_1_202' title='bbox 559 3499 591 3567; x_wconf 89' lang='lat' dir='ltr'><strong>S.</strong></span> <span class='ocrx_word' id='word_1_203' title='bbox 613 3501 647 3566; x_wconf 92' lang='lat' dir='ltr'><strong>in</strong></span> <span class='ocrx_word' id='word_1_204' title='bbox 669 3500 880 3589; x_wconf 70' lang='lat' dir='ltr'><strong>provehentis</strong></span> <span class='ocrx_word' id='word_1_205' title='bbox 901 3510 933 3567; x_wconf 91' lang='lat' dir='ltr'><strong>et</strong></span> <span class='ocrx_word' id='word_1_206' title='bbox 946 3501 1144 3589; x_wconf 80' lang='lat' dir='ltr'><strong>perficienda</strong></span> <span class='ocrx_word' id='word_1_207' title='bbox 1163 3505 1388 3577; x_wconf 76' lang='lat' dir='ltr'><strong>reformatione</strong></span> 
     </span>
     <span class='ocr_line' id='line_1_25' title="bbox 73 3603 1385 3695; baseline 0.006 -22"><span class='ocrx_word' id='word_1_208' title='bbox 73 3607 200 3690; x_wconf 82' lang='lat' dir='ltr'><strong>perinde</strong></span> <span class='ocrx_word' id='word_1_209' title='bbox 214 3629 254 3673; x_wconf 83' lang='lat' dir='ltr'><strong>ee</strong></span> <span class='ocrx_word' id='word_1_210' title='bbox 268 3605 339 3674; x_wconf 88' lang='lat' dir='ltr'><strong>eliis</strong></span> <span class='ocrx_word' id='word_1_211' title='bbox 359 3607 394 3670; x_wconf 90' lang='lat' dir='ltr'><strong>in</strong></span> <span class='ocrx_word' id='word_1_212' title='bbox 411 3604 510 3670; x_wconf 88' lang='lat' dir='ltr'><strong>rebus</strong></span> <span class='ocrx_word' id='word_1_213' title='bbox 532 3603 589 3672; x_wconf 91' lang='lat' dir='ltr'><strong>ubi</strong></span> <span class='ocrx_word' id='word_1_214' title='bbox 610 3625 743 3672; x_wconf 86' lang='lat' dir='ltr'><strong>neeesse</strong></span> <span class='ocrx_word' id='word_1_215' title='bbox 764 3604 848 3672; x_wconf 88' lang='lat' dir='ltr'><strong>foret</strong></span> <span class='ocrx_word' id='word_1_216' title='bbox 868 3605 987 3673; x_wconf 88' lang='lat' dir='ltr'><strong>bonam</strong></span> <span class='ocrx_word' id='word_1_217' title='bbox 1002 3624 1134 3694; x_wconf 85' lang='lat' dir='ltr'><strong>operam</strong></span> <span class='ocrx_word' id='word_1_218' title='bbox 1148 3619 1385 3695; x_wconf 87' lang='lat' dir='ltr'><strong>preestsremus</strong></span> 
     </span>
     <span class='ocr_line' id='line_1_26' title="bbox 73 3707 1386 3798; baseline 0.011 -27"><span class='ocrx_word' id='word_1_219' title='bbox 73 3730 127 3775; x_wconf 86' lang='lat' dir='ltr'><strong>nse</strong></span> <span class='ocrx_word' id='word_1_220' title='bbox 147 3711 274 3798; x_wconf 77' lang='lat' dir='ltr'><strong>uspiam</strong></span> <span class='ocrx_word' id='word_1_221' title='bbox 297 3711 327 3774; x_wconf 87' lang='lat' dir='ltr'><strong>ei</strong></span> <span class='ocrx_word' id='word_1_222' title='bbox 348 3707 455 3774; x_wconf 87' lang='lat' dir='ltr'><strong>studio</strong></span> <span class='ocrx_word' id='word_1_223' title='bbox 485 3717 517 3773; x_wconf 90' lang='lat' dir='ltr'><strong>et</strong></span> <span class='ocrx_word' id='word_1_224' title='bbox 539 3707 695 3796; x_wconf 87' lang='lat' dir='ltr'><strong>obsequio</strong></span> <span class='ocrx_word' id='word_1_225' title='bbox 717 3717 826 3774; x_wconf 89' lang='lat' dir='ltr'><strong>nostro</strong></span> <span class='ocrx_word' id='word_1_226' title='bbox 848 3708 939 3776; x_wconf 88' lang='lat' dir='ltr'><strong>filiali</strong></span> <span class='ocrx_word' id='word_1_227' title='bbox 961 3709 1075 3778; x_wconf 88' lang='lat' dir='ltr'><strong>deesse</strong></span> <span class='ocrx_word' id='word_1_228' title='bbox 1096 3711 1288 3782; x_wconf 86' lang='lat' dir='ltr'><strong>videremur.</strong></span> <span class='ocrx_word' id='word_1_229' title='bbox 1320 3739 1386 3786; x_wconf 92' lang='lat' dir='ltr'><strong>non</strong></span> 
     </span>
     <span class='ocr_line' id='line_1_27' title="bbox 73 3809 1386 3903; baseline 0.01 -27"><span class='ocrx_word' id='word_1_230' title='bbox 73 3810 282 3882; x_wconf 82' lang='lat' dir='ltr'><strong>dubitavimus</strong></span> <span class='ocrx_word' id='word_1_231' title='bbox 296 3809 508 3900; x_wconf 58' lang='lat' dir='ltr'><strong>praedest·</strong></span> <span class='ocrx_word' id='word_1_232' title='bbox 520 3812 589 3878; x_wconf 88' lang='lat' dir='ltr'><strong>eius</strong></span> <span class='ocrx_word' id='word_1_233' title='bbox 612 3810 653 3880; x_wconf 95' lang='lat' dir='ltr'><strong>de</strong></span> <span class='ocrx_word' id='word_1_234' title='bbox 674 3809 730 3878; x_wconf 88' lang='lat' dir='ltr'><strong>illa</strong></span> <span class='ocrx_word' id='word_1_235' title='bbox 742 3833 825 3900; x_wconf 84' lang='lat' dir='ltr'><strong>quse</strong></span> <span class='ocrx_word' id='word_1_236' title='bbox 846 3811 940 3880; x_wconf 90' lang='lat' dir='ltr'><strong>nobis</strong></span> <span class='ocrx_word' id='word_1_237' title='bbox 961 3814 995 3878; x_wconf 92' lang='lat' dir='ltr'><strong>in</strong></span> <span class='ocrx_word' id='word_1_238' title='bbox 1016 3813 1079 3881; x_wconf 87' lang='lat' dir='ltr'><strong>hoe</strong></span> <span class='ocrx_word' id='word_1_239' title='bbox 1099 3817 1235 3903; x_wconf 79' lang='lat' dir='ltr'><strong>negocio</strong></span> <span class='ocrx_word' id='word_1_240' title='bbox 1247 3823 1386 3889; x_wconf 78' lang='lat' dir='ltr'><strong>oeemrit</strong></span> 
     </span>
     <span class='ocr_line' id='line_1_28' title="bbox 74 3913 975 4002; baseline 0 -20"><span class='ocrx_word' id='word_1_241' title='bbox 74 3913 252 3994; x_wconf 77' lang='lat' dir='ltr'><strong>difficultate</strong></span> <span class='ocrx_word' id='word_1_242' title='bbox 273 3923 384 4002; x_wconf 87' lang='lat' dir='ltr'><strong>perte</strong></span> <span class='ocrx_word' id='word_1_243' title='bbox 405 3921 590 3982; x_wconf 84' lang='lat' dir='ltr'><strong>reverenter</strong></span> <span class='ocrx_word' id='word_1_244' title='bbox 611 3923 644 3980; x_wconf 90' lang='lat' dir='ltr'><strong>et</strong></span> <span class='ocrx_word' id='word_1_245' title='bbox 665 3914 807 3982; x_wconf 79' lang='lat' dir='ltr'><strong>officiose</strong></span> <span class='ocrx_word' id='word_1_246' title='bbox 828 3913 975 3984; x_wconf 81' lang='lat' dir='ltr'><strong>edocere</strong></span> 
     </span>
    </p>

    <p class='ocr_par' dir='ltr' id='par_1_6' title="bbox 74 4017 1387 4631">
     <span class='ocr_line' id='line_1_29' title="bbox 167 4017 1385 4112; baseline 0.007 -26"><span class='ocrx_word' id='word_1_247' title='bbox 167 4017 301 4086; x_wconf 87' lang='lat' dir='ltr'><strong>Videtur</strong></span> <span class='ocrx_word' id='word_1_248' title='bbox 328 4018 414 4084; x_wconf 91' lang='lat' dir='ltr'><strong>enim</strong></span> <span class='ocrx_word' id='word_1_249' title='bbox 439 4019 558 4085; x_wconf 78' lang='lat' dir='ltr'><strong>nuncio</strong></span> <span class='ocrx_word' id='word_1_250' title='bbox 589 4019 624 4084; x_wconf 91' lang='lat' dir='ltr'><strong>iu</strong></span> <span class='ocrx_word' id='word_1_251' title='bbox 646 4018 721 4086; x_wconf 83' lang='lat' dir='ltr'><strong>sule</strong></span> <span class='ocrx_word' id='word_1_252' title='bbox 750 4027 862 4087; x_wconf 88' lang='lat' dir='ltr'><strong>nostra</strong></span> <span class='ocrx_word' id='word_1_253' title='bbox 890 4019 926 4088; x_wconf 82' lang='lat' dir='ltr'><strong>O.</strong></span> <span class='ocrx_word' id='word_1_254' title='bbox 948 4022 1092 4112; x_wconf 84' lang='lat' dir='ltr'><strong>versanti</strong></span> <span class='ocrx_word' id='word_1_255' title='bbox 1113 4019 1283 4091; x_wconf 63' lang='lat' dir='ltr'><strong>faoulntes</strong></span> <span class='ocrx_word' id='word_1_256' title='bbox 1305 4028 1385 4096; x_wconf 88' lang='lat' dir='ltr'><strong>istas</strong></span> 
     </span>
     <span class='ocr_line' id='line_1_30' title="bbox 74 4121 1387 4216; baseline 0.006 -28"><span class='ocrx_word' id='word_1_257' title='bbox 74 4121 264 4190; x_wconf 72' lang='lat' dir='ltr'><strong>concedendi</strong></span> <span class='ocrx_word' id='word_1_258' title='bbox 286 4143 380 4189; x_wconf 89' lang='lat' dir='ltr'><strong>omne</strong></span> <span class='ocrx_word' id='word_1_259' title='bbox 402 4144 504 4208; x_wconf 83' lang='lat' dir='ltr'><strong>genus</strong></span> <span class='ocrx_word' id='word_1_260' title='bbox 525 4123 647 4209; x_wconf 72' lang='lat' dir='ltr'><strong>graues</strong></span> <span class='ocrx_word' id='word_1_261' title='bbox 670 4131 703 4188; x_wconf 91' lang='lat' dir='ltr'><strong>et</strong></span> <span class='ocrx_word' id='word_1_262' title='bbox 724 4122 979 4210; x_wconf 79' lang='lat' dir='ltr'><strong>dispensationes</strong></span> <span class='ocrx_word' id='word_1_263' title='bbox 1001 4124 1195 4212; x_wconf 87' lang='lat' dir='ltr'><strong>apostolieae</strong></span> <span class='ocrx_word' id='word_1_264' title='bbox 1224 4129 1293 4196; x_wconf 90' lang='lat' dir='ltr'><strong>sine</strong></span> <span class='ocrx_word' id='word_1_265' title='bbox 1314 4152 1387 4216; x_wconf 80' lang='lat' dir='ltr'><strong>gra·</strong></span> 
     </span>
     <span class='ocr_line' id='line_1_31' title="bbox 74 4223 1385 4318; baseline 0.008 -28"><span class='ocrx_word' id='word_1_266' title='bbox 74 4225 154 4295; x_wconf 86' lang='lat' dir='ltr'><strong>viere</strong></span> <span class='ocrx_word' id='word_1_267' title='bbox 175 4226 340 4313; x_wconf 75' lang='lat' dir='ltr'><strong>religionis</strong></span> <span class='ocrx_word' id='word_1_268' title='bbox 362 4223 541 4294; x_wconf 85' lang='lat' dir='ltr'><strong>oethnlieae</strong></span> <span class='ocrx_word' id='word_1_269' title='bbox 561 4227 684 4292; x_wconf 86' lang='lat' dir='ltr'><strong>ieeturs</strong></span> <span class='ocrx_word' id='word_1_270' title='bbox 705 4235 738 4292; x_wconf 89' lang='lat' dir='ltr'><strong>et</strong></span> <span class='ocrx_word' id='word_1_271' title='bbox 757 4225 933 4314; x_wconf 83' lang='lat' dir='ltr'><strong>vilipendis</strong></span> <span class='ocrx_word' id='word_1_272' title='bbox 961 4227 1047 4297; x_wconf 89' lang='lat' dir='ltr'><strong>sedis</strong></span> <span class='ocrx_word' id='word_1_273' title='bbox 1068 4228 1264 4318; x_wconf 80' lang='lat' dir='ltr'><strong>apostolicus</strong></span> <span class='ocrx_word' id='word_1_274' title='bbox 1285 4231 1385 4300; x_wconf 80' lang='lat' dir='ltr'><strong>adimi</strong></span> 
     </span>
     <span class='ocr_line' id='line_1_32' title="bbox 75 4330 1387 4422; baseline 0.008 -28"><span class='ocrx_word' id='word_1_275' title='bbox 75 4349 132 4396; x_wconf 88' lang='lat' dir='ltr'><strong>nou</strong></span> <span class='ocrx_word' id='word_1_276' title='bbox 157 4353 263 4418; x_wconf 90' lang='lat' dir='ltr'><strong>posse.</strong></span> <span class='ocrx_word' id='word_1_277' title='bbox 299 4330 451 4396; x_wconf 68' lang='lat' dir='ltr'><strong>nimirum</strong></span> <span class='ocrx_word' id='word_1_278' title='bbox 482 4351 548 4396; x_wconf 90' lang='lat' dir='ltr'><strong>non</strong></span> <span class='ocrx_word' id='word_1_279' title='bbox 575 4331 712 4418; x_wconf 83' lang='lat' dir='ltr'><strong>exiguus</strong></span> <span class='ocrx_word' id='word_1_280' title='bbox 745 4340 892 4418; x_wconf 88' lang='lat' dir='ltr'><strong>superest</strong></span> <span class='ocrx_word' id='word_1_281' title='bbox 924 4330 977 4399; x_wconf 91' lang='lat' dir='ltr'><strong>dei</strong></span> <span class='ocrx_word' id='word_1_282' title='bbox 1002 4331 1202 4422; x_wconf 73' lang='lat' dir='ltr'><strong>benignitate</strong></span> <span class='ocrx_word' id='word_1_283' title='bbox 1234 4359 1387 4408; x_wconf 87' lang='lat' dir='ltr'><strong>numerus</strong></span> 
     </span>
     <span class='ocr_line' id='line_1_33' title="bbox 76 4431 1386 4526; baseline 0.011 -30"><span class='ocrx_word' id='word_1_284' title='bbox 76 4433 190 4516; x_wconf 90' lang='lat' dir='ltr'><strong>piorum</strong></span> <span class='ocrx_word' id='word_1_285' title='bbox 227 4443 259 4500; x_wconf 91' lang='lat' dir='ltr'><strong>et</strong></span> <span class='ocrx_word' id='word_1_286' title='bbox 291 4431 520 4500; x_wconf 85' lang='lat' dir='ltr'><strong>eatholicorum</strong></span> <span class='ocrx_word' id='word_1_287' title='bbox 549 4433 714 4502; x_wconf 90' lang='lat' dir='ltr'><strong>hominum</strong></span> <span class='ocrx_word' id='word_1_288' title='bbox 740 4444 808 4502; x_wconf 86' lang='lat' dir='ltr'><strong>tem</strong></span> <span class='ocrx_word' id='word_1_289' title='bbox 840 4433 1033 4502; x_wconf 83' lang='lat' dir='ltr'><strong>seeulsrium</strong></span> <span class='ocrx_word' id='word_1_290' title='bbox 1066 4459 1164 4526; x_wconf 87' lang='lat' dir='ltr'><strong>quam</strong></span> <span class='ocrx_word' id='word_1_291' title='bbox 1194 4439 1386 4510; x_wconf 72' lang='lat' dir='ltr'><strong>ecelesiasti-</strong></span> 
     </span>
     <span class='ocr_line' id='line_1_34' title="bbox 77 4535 1387 4631; baseline 0.011 -31"><span class='ocrx_word' id='word_1_292' title='bbox 77 4555 175 4602; x_wconf 81' lang='lat' dir='ltr'><strong>corum</strong></span> <span class='ocrx_word' id='word_1_293' title='bbox 209 4539 330 4624; x_wconf 87' lang='lat' dir='ltr'><strong>passim</strong></span> <span class='ocrx_word' id='word_1_294' title='bbox 362 4559 422 4625; x_wconf 90' lang='lat' dir='ltr'><strong>per</strong></span> <span class='ocrx_word' id='word_1_295' title='bbox 453 4537 640 4604; x_wconf 88' lang='lat' dir='ltr'><strong>uuiversum</strong></span> <span class='ocrx_word' id='word_1_296' title='bbox 675 4535 709 4604; x_wconf 87' lang='lat' dir='ltr'><strong>S.</strong></span> <span class='ocrx_word' id='word_1_297' title='bbox 737 4538 775 4604; x_wconf 77' lang='lat' dir='ltr'><strong>rt</strong></span> <span class='ocrx_word' id='word_1_298' title='bbox 797 4538 972 4626; x_wconf 88' lang='lat' dir='ltr'><strong>imperium</strong></span> <span class='ocrx_word' id='word_1_299' title='bbox 1006 4561 1108 4628; x_wconf 78' lang='lat' dir='ltr'><strong>regnu</strong></span> <span class='ocrx_word' id='word_1_300' title='bbox 1143 4551 1174 4608; x_wconf 88' lang='lat' dir='ltr'><strong>et</strong></span> <span class='ocrx_word' id='word_1_301' title='bbox 1203 4547 1387 4631; x_wconf 82' lang='lat' dir='ltr'><strong>provincias</strong></span> 
     </span>
    </p>
   </div>
   <div class='ocr_carea' id='block_1_5' title="bbox 77 4639 1421 5156">
    <p class='ocr_par' dir='ltr' id='par_1_7' title="bbox 77 4639 1421 5156">
     <span class='ocr_line' id='line_1_35' title="bbox 77 4639 1387 4737; baseline 0.011 -34"><span class='ocrx_word' id='word_1_302' title='bbox 77 4649 200 4724; x_wconf 77' lang='lat' dir='ltr'><strong>rosnae,</strong></span> <span class='ocrx_word' id='word_1_303' title='bbox 229 4641 263 4706; x_wconf 94' lang='lat' dir='ltr'><strong>in</strong></span> <span class='ocrx_word' id='word_1_304' title='bbox 289 4641 329 4708; x_wconf 89' lang='lat' dir='ltr'><strong>iis</strong></span> <span class='ocrx_word' id='word_1_305' title='bbox 357 4641 453 4708; x_wconf 84' lang='lat' dir='ltr'><strong>stium</strong></span> <span class='ocrx_word' id='word_1_306' title='bbox 480 4639 560 4709; x_wconf 86' lang='lat' dir='ltr'><strong>loeis</strong></span> <span class='ocrx_word' id='word_1_307' title='bbox 587 4641 644 4708; x_wconf 93' lang='lat' dir='ltr'><strong>ubi</strong></span> <span class='ocrx_word' id='word_1_308' title='bbox 671 4639 814 4731; x_wconf 79' lang='lat' dir='ltr'><strong>alioquin</strong></span> <span class='ocrx_word' id='word_1_309' title='bbox 840 4642 953 4732; x_wconf 81' lang='lat' dir='ltr'><strong>religio</strong></span> <span class='ocrx_word' id='word_1_310' title='bbox 981 4643 1141 4712; x_wconf 73' lang='lat' dir='ltr'><strong>eetholim</strong></span> <span class='ocrx_word' id='word_1_311' title='bbox 1167 4645 1324 4737; x_wconf 75' lang='lat' dir='ltr'><strong>abrogata</strong></span> <span class='ocrx_word' id='word_1_312' title='bbox 1354 4661 1387 4718; x_wconf 89' lang='lat' dir='ltr'><strong>et</strong></span> 
     </span>
     <span class='ocr_line' id='line_1_36' title="bbox 78 4741 1421 4841; baseline 0.01 -34"><span class='ocrx_word' id='word_1_313' title='bbox 78 4741 137 4808; x_wconf 86' lang='lat' dir='ltr'><strong>eius</strong></span> <span class='ocrx_word' id='word_1_314' title='bbox 165 4742 236 4810; x_wconf 84' lang='lat' dir='ltr'><strong>loeo</strong></span> <span class='ocrx_word' id='word_1_315' title='bbox 271 4745 429 4810; x_wconf 79' lang='lat' dir='ltr'><strong>confessio</strong></span> <span class='ocrx_word' id='word_1_316' title='bbox 458 4743 652 4832; x_wconf 70' lang='lat' dir='ltr'><strong>unguens</strong></span> <span class='ocrx_word' id='word_1_317' title='bbox 677 4747 824 4814; x_wconf 80' lang='lat' dir='ltr'><strong>institute</strong></span> <span class='ocrx_word' id='word_1_318' title='bbox 850 4756 899 4813; x_wconf 89' lang='lat' dir='ltr'><strong>est</strong></span> <span class='ocrx_word' id='word_1_319' title='bbox 926 4747 980 4814; x_wconf 86' lang='lat' dir='ltr'><strong>vel</strong></span> <span class='ocrx_word' id='word_1_320' title='bbox 1011 4745 1095 4816; x_wconf 81' lang='lat' dir='ltr'><strong>eliae</strong></span> <span class='ocrx_word' id='word_1_321' title='bbox 1109 4759 1230 4822; x_wconf 61' lang='lat' dir='ltr'><strong>,essee</strong></span> <span class='ocrx_word' id='word_1_322' title='bbox 1264 4755 1385 4841; x_wconf 84' lang='lat' dir='ltr'><strong>vigent,</strong></span> <span class='ocrx_word' id='word_1_323' title='bbox 1419 4833 1421 4838; x_wconf 23' lang='grc' dir='ltr'>Ι</span> 
     </span>
     <span class='ocr_line' id='line_1_37' title="bbox 80 4845 1386 4945; baseline 0.011 -35"><span class='ocrx_word' id='word_1_324' title='bbox 80 4845 126 4930; x_wconf 90' lang='lat' dir='ltr'><strong>qui</strong></span> <span class='ocrx_word' id='word_1_325' title='bbox 155 4857 239 4912; x_wconf 88' lang='lat' dir='ltr'><strong>oerte</strong></span> <span class='ocrx_word' id='word_1_326' title='bbox 272 4848 300 4912; x_wconf 91' lang='lat' dir='ltr'><strong>si</strong></span> <span class='ocrx_word' id='word_1_327' title='bbox 332 4847 441 4936; x_wconf 83' lang='lat' dir='ltr'><strong>alique</strong></span> <span class='ocrx_word' id='word_1_328' title='bbox 472 4849 576 4933; x_wconf 77' lang='lat' dir='ltr'><strong>gratie</strong></span> <span class='ocrx_word' id='word_1_329' title='bbox 609 4856 641 4913; x_wconf 90' lang='lat' dir='ltr'><strong>et</strong></span> <span class='ocrx_word' id='word_1_330' title='bbox 673 4847 912 4936; x_wconf 83' lang='lat' dir='ltr'><strong>dispensatione</strong></span> <span class='ocrx_word' id='word_1_331' title='bbox 943 4852 1120 4940; x_wconf 76' lang='lat' dir='ltr'><strong>apostoliea</strong></span> <span class='ocrx_word' id='word_1_332' title='bbox 1153 4874 1233 4945; x_wconf 88' lang='lat' dir='ltr'><strong>opus</strong></span> <span class='ocrx_word' id='word_1_333' title='bbox 1266 4853 1386 4924; x_wconf 78' lang='lat' dir='ltr'><strong>hebent</strong></span> 
     </span>
     <span class='ocr_line' id='line_1_38' title="bbox 81 4948 1385 5042; baseline 0.013 -29"><span class='ocrx_word' id='word_1_334' title='bbox 81 4965 202 5038; x_wconf 69' lang='lat' dir='ltr'><strong>umque</strong></span> <span class='ocrx_word' id='word_1_335' title='bbox 223 4949 377 5017; x_wconf 75' lang='lat' dir='ltr'><strong>mediocri</strong></span> <span class='ocrx_word' id='word_1_336' title='bbox 394 4959 430 5015; x_wconf 85' lang='lat' dir='ltr'><strong>et</strong></span> <span class='ocrx_word' id='word_1_337' title='bbox 456 4948 617 5016; x_wconf 81' lang='lat' dir='ltr'><strong>tolerabili</strong></span> <span class='ocrx_word' id='word_1_338' title='bbox 631 4961 771 5041; x_wconf 87' lang='lat' dir='ltr'><strong>sumptu</strong></span> <span class='ocrx_word' id='word_1_339' title='bbox 791 4965 890 5042; x_wconf 85' lang='lat' dir='ltr'><strong>etque</strong></span> <span class='ocrx_word' id='word_1_340' title='bbox 911 4954 1022 5023; x_wconf 90' lang='lat' dir='ltr'><strong>labore</strong></span> <span class='ocrx_word' id='word_1_341' title='bbox 1051 4957 1218 5025; x_wconf 87' lang='lat' dir='ltr'><strong>anuneiis</strong></span> <span class='ocrx_word' id='word_1_342' title='bbox 1240 4958 1385 5030; x_wconf 88' lang='lat' dir='ltr'><strong>obtinere</strong></span> 
     </span>
     <span class='ocr_line' id='line_1_39' title="bbox 81 5051 1385 5156; baseline 0.013 -38"><span class='ocrx_word' id='word_1_343' title='bbox 81 5063 210 5140; x_wconf 85' lang='lat' dir='ltr'><strong>possunt,</strong></span> <span class='ocrx_word' id='word_1_344' title='bbox 223 5053 315 5121; x_wconf 87' lang='lat' dir='ltr'><strong>illam</strong></span> <span class='ocrx_word' id='word_1_345' title='bbox 321 5051 452 5121; x_wconf 82' lang='lat' dir='ltr'><strong>minime</strong></span> <span class='ocrx_word' id='word_1_346' title='bbox 465 5063 678 5143; x_wconf 79' lang='lat' dir='ltr'><strong>aspernentur</strong></span> <span class='ocrx_word' id='word_1_347' title='bbox 687 5079 793 5147; x_wconf 88' lang='lat' dir='ltr'><strong>neque</strong></span> <span class='ocrx_word' id='word_1_348' title='bbox 804 5059 1064 5149; x_wconf 88' lang='lat' dir='ltr'><strong>aspernsbuntur</strong></span> <span class='ocrx_word' id='word_1_349' title='bbox 1075 5061 1236 5154; x_wconf 73' lang='lat' dir='ltr'><strong>deinceps,</strong></span> <span class='ocrx_word' id='word_1_350' title='bbox 1252 5061 1385 5156; x_wconf 87' lang='lat' dir='ltr'><strong>propter</strong></span> 
     </span>
    </p>
   </div>
   <div class='ocr_carea' id='block_1_6' title="bbox 0 0 1741 5818">
    <p class='ocr_par' dir='ltr' id='par_1_8' title="bbox 0 0 1741 5818">
     <span class='ocr_line' id='line_1_40' title="bbox 0 0 1741 5818; baseline 0 0"><span class='ocrx_word' id='word_1_351' title='bbox 0 0 1741 5818; x_wconf 95' lang='lat' dir='ltr'><strong> </strong></span> 
     </span>
    </p>
   </div>
  </div>
 </body>
</html>
