3460 5826
385 685 481 722 renren
504 669 659 737 politisohsr
681 671 766 724 Netur
789 670 920 724 zwisolren
944 671 1004 722 dem
1028 671 1112 724 Reich
1130 671 1186 724 und
1202 671 1375 736 Frenlsreich,
1402 685 1432 724 so
1450 667 1592 722 hinderten
1611 671 1650 720 sie

385 757 454 809 doch
479 759 537 810 eine
555 758 733 822 Annltlsemng
756 759 887 810 swisclren
912 759 972 810 dem
989 760 1085 812 Kniser
1107 760 1161 812 und
1180 760 1241 812 dem
1259 758 1384 811 (lurdiml
1411 773 1456 810 um
1475 773 1505 809 so
1522 758 1649 821 weniger,

386 843 420 894 du
430 844 516 894 dieser
526 845 583 894 sich
597 846 673 910 jetut,
692 847 742 895 wis
759 847 911 896 Perdinnnd
929 849 1029 898 seluern
1047 847 1135 921 Boline
1149 847 1214 898 Ksrl
1231 863 1275 898 εει
1295 849 1327 898 19
1339 845 1459 898 Februnr
1475 843 1648 896 hocherireut

384 930 490 991 meldet‚
509 931 552 981 fiir
564 931 721 998 ermltchtigt
738 949 790 983 von
804 934 851 984 der
863 935 979 1002 Ktuigin
997 951 1050 985 von
1063 933 1221 986 Schottlend
1238 934 1293 984 und
1307 949 1360 984 von
1373 933 1421 984 der
1431 933 1648 998 Klinigiumutter

382 1035 435 1070 von
453 1017 615 1068 Frsnlrreich
633 1019 756 1082 erklitrte,
785 1021 828 1070 die
842 1017 1068 1088 Verhnudluugen
1086 1025 1153 1074 llber
1170 1024 1213 1075 dio
1232 1019 1413 1084 Vermithlnug
1426 1019 1504 1085 jener
1521 1020 1570 1068 mit
1589 1016 1648 1067 dem

382 1112 461 1164 Eruli.
480 1113 545 1163 Ksrl
563 1111 594 1174 (s.
606 1113 651 1163 Νι.
665 1110 724 1178 XC)
742 1115 841 1164 wieder
858 1113 1061 1168 nuisunehmen.
1078 1116 1134 1167 Der
1147 1113 1215 1166 Pleu
1232 1113 1298 1166 wird
1316 1113 1343 1164 in
1361 1111 1409 1161 der
1426 1106 1648 1174 correspondens

382 1198 430 1249 des
450 1197 588 1250 cardinale
606 1201 646 1250 bis
664 1203 691 1251 in
710 1201 760 1252 den
778 1202 930 1253 November
950 1205 1016 1254 1563
1034 1203 1150 1267 (Gallice
1167 1203 1188 1264 I,
1206 1218 1228 1254 s.
1247 1199 1378 1252 Bneholtn
1396 1199 1420 1258 8,
1440 1197 1500 1256 738)
1527 1193 1648 1246 vielfaclr

383 1285 507 1350 erwdlmt,
533 1287 602 1338 ohne
621 1286 667 1337 der
684 1283 914 1354 Verwirlslichnng
942 1289 1025 1340 nither
1042 1305 1075 1340 ιιι
1093 1289 1225 1340 lsommen.
1261 1284 1427 1338 Ernstlicher
1444 1283 1504 1334 sind
1523 1281 1648 1346 dugegen

381 1373 432 1422 seit
450 1373 497 1423 der
514 1373 749 1424 Zusnmmeulrunit
767 1374 795 1422 iu
812 1372 963 1426 Innsbruck
981 1377 1022 1427 bis
1034 1391 1093 1426 uum
1105 1374 1179 1426 'Pede
1191 1372 1357 1425 Fordinends
1375 1370 1508 1422 nwischen
1526 1367 1582 1418 ihm
1594 1365 1649 1416 und

381 1458 441 1510 (lem
459 1456 583 1511 esrdinsl
610 1461 677 1510 iiber
700 1459 743 1510 die
761 1460 943 1526 Vermdhlnug
967 1461 1014 1512 des
1031 1463 1065 1516 K.
1083 1461 1148 1514 Ksrl
1166 1461 1204 1512 IX
1230 1461 1285 1511 und
1303 1459 1391 1515 eeiner
1408 1457 1559 1508 Schwester
1575 1453 1647 1504 Μει-

380 1546 492 1611 gsreths
518 1547 565 1595 mit
588 1545 705 1598 Kindem
722 1547 898 1598 Maximilisns
925 1547 1181 1615 Unterhsudlungen
1204 1547 1345 1612 gepflogen
1368 1545 1476 1598 worden
1503 1541 1647 1608 (Bucholts

381 1633 405 1694 8,
425 1633 488 1695 7123
507 1634 531 1694 9,
551 1632 621 1692 734),
647 1632 749 1682 welche
767 1633 813 1682 der
830 1631 1044 1699 Versttndigung
1062 1635 1128 1685 tiber
1146 1633 1191 1684 die
1208 1632 1328 1696 Hsltung
1346 1631 1438 1682 beider
1455 1629 1645 1694 Regieruugen

380 1719 429 1770 suf
436 1719 497 1770 dem
506 1718 599 1769 Concil
609 1718 752 1769 lllrderlich
761 1735 883 1784 genesen
892 1719 959 1770 sind.
971 1748 1006 1760 -
1014 1719 1080 1770 Wss
1093 1718 1199 1770 endlich
1211 1718 1255 1768 die
1266 1719 1432 1782 Erdrteruug
1444 1715 1491 1766 der
1503 1715 1647 1766 Concilsu·

380 1805 581 1870 gelegenheiten
593 1806 621 1854 in
630 1804 779 1855 lunsbruok
789 1805 929 1864 substrillt
942 1822 972 1857 so
981 1805 1055 1858 hatte
1068 1805 1141 1858 diese
1150 1802 1282 1855 nstllrlich
1294 1803 1371 1854 einen
1383 1801 1514 1854 durchsus
1523 1807 1646 1852 remeu-

382 1891 470 1941 lichen
480 1890 634 1942 Chernlrter.
654 1890 753 1940 Weder
764 1890 889 1940 Grssinui
900 1889 959 1956 (Ep.
970 1891 1036 1956 Pog.
1043 1893 1067 1954 ³,
1078 1891 1140 1954 221)
1151 1890 1221 1942 noch
1231 1891 1352 1940 Visconti
1362 1888 1573 1950 (Belus-Mami
1583 1885 1646 1950 Le.)

379 1975 497 2028 konnten
509 1978 536 2026 in
554 1974 607 2026 elle
620 1974 801 2026 Gelreimnisse
820 1977 868 2027 der
879 1975 1063 2028 Conferensen
1076 1976 1238 2043 eindrlngen,
1257 1976 1325 2028 noch
1343 1974 1409 2027 wird
1427 1976 1474 2026 der
1484 1973 1646 2039 Lothringer

379 2062 461 2113 selbst
479 2061 615 2113 disselben
633 2061 685 2112 deu
697 2062 816 2128 Legsten
834 2061 947 2128 (Pellen-
966 2067 990 2126 2,
1009 2065 1071 2122 661)
1089 2063 1252 2128 vollstltudig
1265 2061 1378 2114 enthllllt
1389 2059 1483 2114 heheu.
1506 2059 1569 2111 Vou
1580 2059 1645 2110 Aul-

378 2148 559 2214 seichnungen
572 2148 636 2198 eber
652 2145 742 2198 finden
754 2147 811 2198 sich
823 2149 851 2198 in
864 2148 916 2200 den
926 2149 1036 2200 Wiener
1047 2149 1133 2202 Acten
1146 2148 1289 2214 (Romans)
1308 2147 1378 2200 ench
1390 2163 1441 2199 nur
1453 2148 1519 2198 swei
1531 2145 1643 2196 Sttielrs.

377 2235 434 2286 Dss
453 2236 511 2285 eine
531 2233 633 2284 enthdlt
650 2234 710 2284 eine
722 2231 897 2301 Schilderung
908 2235 956 2286 der
968 2234 1131 2287 kirchlichen
1150 2235 1285 2288 Znstdude
1302 2233 1494 2286 Frsukreichs:
1511 2231 1583 2284 usch
1598 2231 1645 2281 der

378 2319 533 2386 Einleitung
549 2334 604 2370 wer
622 2319 668 2370 der
686 2318 810 2370 Osrdinsl
827 2337 889 2372 vom
897 2322 993 2373 Ksiser
1010 2321 1123 2386 gebeteu
1139 2336 1195 2374 uss
1214 2337 1243 2372 er
1259 2321 1313 2372 ihm
1331 2321 1429 2372 bereits
1447 2316 1584 2370 mtindlich
1598 2318 1642 2368 be·

381 2407 478 2458 n’chtet
495 2406 577 2468 hatte,
603 2407 631 2455 in
649 2406 750 2456 diesem
767 2407 946 2459 Promemorie
962 2423 996 2458 su
1013 2406 1198 2464 wiederlsoleu.
1234 2409 1291 2458 Des
1308 2407 1390 2458 andro
1408 2404 1493 2456 Seeck
1510 2420 1565 2456 von
1584 2403 1642 2454 der·

379 2491 471 2544 selben
482 2491 562 2544 Hand
574 2491 749 2559 geschrieben
766 2493 838 2544 kann
856 2493 940 2544 sehon
957 2493 1069 2546 desbslb
1087 2494 1127 2546 uls
1144 2509 1197 2544 von
1210 2493 1269 2544 dem
1283 2490 1408 2544 Cerdinnl
1426 2491 1576 2544 emmend
1588 2489 1643 2541 und

378 2595 450 2631 mnes
472 2580 573 2630 seinem
590 2577 679 2630 Inbslt
702 2577 755 2629 und
779 2581 878 2632 seinem
901 2579 967 2631 Stilo
984 2579 1054 2632 nsch
1081 2580 1121 2632 sle
1139 2581 1231 2632 Dictst
1249 2578 1388 2631 desselben
1413 2577 1456 2630 nir
1474 2577 1527 2630 deu
1544 2577 1642 2628 Ksiser

377 2665 533 2717 bezeichnet
550 2665 663 2716 werden.
682 2666 720 2716 Es
734 2668 805 2732 trdgt
816 2665 905 2733 gleioh
918 2667 970 2718 deu
981 2669 1010 2718 in
1021 2667 1067 2722 Νι.
1080 2665 1223 2719 CCXXXV
1240 2665 1469 2718 enisuslthlenden
1487 2661 1640 2716 (lntsclsteu

375 2752 419 2802 die
431 2749 633 2816 Bessichnung:
652 2751 814 2804 tenebrose
830 2751 885 2802 und
902 2752 949 2804 hst
959 2752 1078 2804 offenbsr
1095 2754 1145 2803 nie
1163 2751 1236 2804 disse
1255 2751 1307 2804 deu
1324 2748 1566 2816 ntchstfolgenden
1583 2747 1634 2798 lte·

377 2837 526 2889 solutionen
546 2837 592 2888 des
610 2837 717 2890 Keisers
735 2853 768 2888 su
787 2836 894 2889 Gruude
912 2839 1031 2906 gelegen.
1055 2840 1112 2890 Der
1128 2839 1264 2892 Wortleut
1280 2840 1329 2890 ist:

444 2977 481 3030 Ut
498 2977 608 3030 libertos
620 2983 714 3030 sancte
726 2978 753 3029 in
766 2977 879 3030 concilio
897 2983 1025 3042 servetur,
1043 2979 1185 3031 videndum
1204 2984 1244 3030 est
1260 2994 1324 3030 uum
1342 2975 1442 3028 mederi
1456 2974 1588 3040 possimus
1599 2971 1638 3022 his

374 3064 569 3130 impedimentis
593 3079 662 3130 qnae
686 3069 741 3116 tsrn
767 3069 889 3116 sanctum
912 3067 1047 3130 negotium
1070 3067 1254 3128 interturbent,
1277 3063 1404 3130 imprimis
1422 3065 1453 3110 ut
1470 3059 1637 3110 beatissimffi

375 3166 446 3216 pepe
456 3149 588 3215 relinqunt
599 3165 652 3201 non
664 3150 846 3202 tsutummodo
860 3149 967 3202 dicendi
984 3151 1095 3202 liberem
1113 3155 1280 3219 potestatem,
1298 3149 1344 3200 sed
1355 3148 1443 3214 ¹etism
1462 3143 1635 3206 decernendi,

374 3238 426 3288 hoc
445 3237 514 3288 euim
532 3236 587 3288 lere
604 3235 633 3285 fit
650 3243 688 3298 ut,
715 3238 739 3286 si
756 3237 785 3288 id
801 3253 856 3288 nou
874 3235 1049 3288 concludetur
1066 3236 1137 3304 quod
1154 3237 1255 3289 Romae
1274 3236 1412 3302 expetitur,
1430 3231 1458 3283 id
1475 3229 1520 3281 vel
1537 3229 1635 3280 indeci-

374 3339 432 3376 sum
455 3326 562 3374 menest
584 3322 627 3374 vel
650 3324 677 3374 in
700 3323 773 3374 uliud
795 3328 899 3390 tempus
916 3322 1021 3390 longius
1039 3323 1214 3389 protrahetur,
1241 3329 1272 3374 ut
1289 3321 1396 3374 tsndem
1414 3320 1470 3370 eius
1487 3317 1527 3368 rei
1546 3330 1636 3366 omnes

372 3426 421 3462 nos
440 3410 528 3474 cepist
546 3409 654 3461 oblivio.
671 3409 818 3460 secundum
836 3415 877 3460 est
893 3415 986 3462 utune
995 3411 1078 3472 ustio,
1096 3425 1191 3476 nempe
1200 3409 1244 3462 vel
1258 3407 1436 3474 Nespoliteus
1444 3404 1488 3454 vel
1500 3403 1635 3454 &mense

374 3496 489 3558 ditionis,
513 3510 582 3561 quse
605 3499 645 3548 tot
663 3495 744 3546 hebet
766 3496 905 3562 episcopos
923 3500 988 3561 quot
1015 3497 1069 3548 elin
1085 3511 1167 3564 regns
1185 3500 1212 3547 et
1230 3495 1346 3546 dominia
1362 3491 1505 3558 plebanos,
1528 3503 1582 3538 non
1598 3488 1635 3537 its

372 3582 488 3648 reliquos
507 3582 623 3632 omnium
642 3581 814 3634 ecclesiarum
832 3598 880 3647 per
892 3583 1044 3634 universnm
1059 3584 1149 3635 orbem
1168 3583 1308 3649 episcopos
1326 3593 1434 3630 numero
1452 3591 1506 3626 non
1519 3572 1634 3641 pondere

371 3672 486 3734 superet,
502 3671 532 3718 ut
549 3665 588 3718 illi
605 3666 686 3718 liceat
704 3669 792 3719 omnis
808 3667 937 3733 impedire
957 3675 984 3718 et
999 3667 1058 3720 sole
1074 3667 1135 3734 plns
1153 3684 1201 3720 suo
1215 3682 1346 3719 consensu
1363 3679 1442 3731 posse
1461 3675 1540 3728 qnam
1555 3660 1632 3709 noted

373 3768 472 3806 omnes.
507 3754 586 3805 tertio
603 3752 665 3804 loco
683 3753 788 3804 videtur
804 3755 849 3804 vix
867 3753 929 3806 ferri
946 3771 1024 3820 posse
1044 3755 1116 3823 quod
1134 3755 1184 3808 soli
1201 3755 1282 3822 legati
1308 3747 1475 3818 proponendi
1492 3747 1544 3798 sibl
1562 3751 1633 3796 ⁸1¹1&

372 3842 476 3891 ritatem
493 3839 637 3890 vendicent
659 3853 711 3890 nec
730 3840 855 3906 cuiquem
879 3857 911 3891 ex
929 3842 1077 3907 principum
1096 3843 1245 3895 oratoribus
1270 3839 1299 3892 id
1314 3839 1396 3891 licere
1421 3834 1573 3886 existiment
1590 3834 1633 3882 aul

373 3926 421 3977 ulli
439 3941 472 3975 ex
491 3925 630 3990 episcopis.
666 3931 788 3990 quartum
806 3930 833 3977 et
850 3926 971 3977 ultimum
989 3927 1118 3993 estquod
1136 3945 1202 3979 unus
1215 3932 1318 3978 tentum
1330 3923 1448 3976 noterius
1459 3923 1525 3970 vote
1537 3919 1632 3984 exeipit

373 4013 448 4064 cuius
465 4012 518 4061 inm
536 4009 601 4060 fides
619 4013 817 4076 suspectissime
834 4027 931 4078 magus
948 4013 1050 4065 retione
1068 4013 1140 4079 spud
1157 4015 1242 4066 bonos
1261 4017 1309 4074 est,
1327 4026 1379 4062 nee
1397 4019 1512 4072 seqnnm
1529 4004 1630 4055 videtur
1727 4015 1728 4020 ’

373 4115 431 4149 esse
448 4101 478 4146 nt
491 4097 530 4158 sb
544 4111 576 4148 eo
590 4112 680 4148 omnes
698 4097 839 4163 pendeant
858 4100 948 4165 itaque
965 4114 1013 4165 per
1029 4102 1150 4151 ustiones
1169 4099 1252 4168 aliqui
1271 4097 1351 4166 deligi
1369 4095 1468 4146 debent
1484 4094 1512 4140 Ol
1523 4089 1630 4140 dimi!

370 4185 437 4238 locis
455 4181 556 4246 sedere,
574 4187 605 4234 ut
617 4181 731 4235 fideliter
748 4186 834 4236 omnis
853 4186 988 4250 excipient
1003 4201 1073 4252 quse
1092 4191 1119 4238 et
1136 4191 1228 4252 postes
1245 4187 1353 4252 publice
1361 4187 1493 4251 legantur,
1511 4180 1543 4226 ul
1561 4181 1630 4228 “fl-²

371 4263 507 4319 conclusio
526 4269 587 4320 elici
605 4271 697 4334 possit.
733 4271 755 4320 si
773 4271 832 4336 quis
850 4285 914 4321 vero
936 4285 1012 4322 eme
1031 4277 1169 4337 quaereret
1185 4271 1249 4338 qnid
1267 4273 1340 4328 lecto
1358 4290 1428 4328 nuno
1448 4293 1516 4344 opus
1534 4280 1578 4343 sit,
1595 4295 1633 4330 re·
1727 4261 1728 4314 Ῠ

369 4353 495 4418 spondeo,
514 4355 535 4405 si
555 4370 588 4406 ee
604 4358 649 4406 vin
661 4360 701 4406 est
712 4355 934 4422 progrediendum
951 4372 1005 4424 que
1022 4360 1147 4424 cepimus,
1166 4358 1311 4424 optandum
1328 4363 1412 4428 magis
1429 4367 1470 4414 est
1481 4379 1563 4430 quem
1576 4380 1631 4430 spe

369 4436 484 4522 rendum
503 4439 616 4492 feliciter
641 4445 668 4492 et
684 4441 785 4492 utiliter
807 4441 908 4507 aliquid
925 4458 1003 4508 posse
1022 4444 1175 4508 succedere,
1199 4445 1247 4496 sed
1264 4445 1344 4497 video
1362 4451 1466 4498 tuntum
1483 4451 1563 4502 nobis
1581 4449 1631 4502 dno
1727 4493 1728 4514 ,

368 4539 505 4588 superesse
523 4526 641 4577 remedie
659 4540 728 4593 qnse
745 4527 887 4591 improbari
910 4529 1083 4593 nonpossint
1108 4536 1135 4580 et
1151 4529 1217 4581 nihil
1234 4533 1334 4596 possint
1350 4533 1487 4586 turbarum
1506 4537 1629 4588 excitus.
1727 4517 1728 4574 l

367 4625 449 4661 unum
468 4616 507 4661 est
524 4615 555 4662 nt
573 4628 605 4663 ex
622 4611 753 4677 Hispanis
772 4611 860 4664 Gallie
879 4617 959 4682 etque
977 4615 1040 4665 item
1059 4631 1092 4666 ex
1111 4613 1253 4668 Germanis
1271 4619 1293 4668 si
1310 4615 1367 4669 fieri
1385 4620 1483 4684 poterit
1502 4627 1628 4688 quotquot
1727 4605 1728 4644 l

367 4710 415 4759 per
432 4700 547 4747 nentem
565 4701 592 4748 et
609 4697 789 4749 valetudinem
807 4697 835 4750 id
851 4705 987 4766 praestare
1005 4705 1128 4766 poterunt
1145 4701 1299 4754 Tridentum
1317 4703 1455 4756 mittentur
1474 4707 1592 4773 episcopi
1603 4711 1627 4756 et

366 4782 478 4833 abbates
502 4797 569 4847 quos
586 4787 685 4835 vocent
712 4783 744 4835 de
762 4787 848 4848 mitre,
875 4791 905 4836 ut
922 4785 1016 4837 saltem
1043 4785 1160 4853 reliquae
1177 4791 1329 4853 provinciae
1354 4795 1382 4841 et
1398 4793 1522 4843 ustiones
1549 4791 1625 4842 noos

367 4882 475 4918 numero
492 4867 608 4931 vincent,
627 4869 731 4920 etismsi
749 4870 801 4920 hoc
819 4884 898 4935 quem
918 4869 1026 4922 difficile
1044 4875 1071 4922 et
1087 4871 1213 4938 longioris
1232 4887 1289 4924 esse
1306 4891 1397 4927 morse
1416 4891 1495 4943 quum
1514 4893 1556 4928 res
1573 4879 1623 4943 ipss
1726 4837 1728 4922 l

368 4949 517 5017 expostulet
539 4951 667 5020 intelligo.
698 4958 779 5018 atque
801 4954 865 5004 item
892 4959 922 5006 ut
940 4957 1057 5006 oratores
1083 4955 1110 5005 in
1134 4961 1340 5023 congregatione
1358 4961 1475 5026 generali
1504 4961 1620 5012 mundata
1727 4951 1728 5010 l

366 5049 473 5086 snorum
490 5036 638 5102 principum
656 5041 806 5104 proponent
822 5039 850 5089 et
867 5043 897 5089 ut
907 5039 940 5090 iis
951 5037 1142 5106 respondeatur
1158 5023 1410 5109 intercedentium
1427 5048 1499 5098 enim
1511 5051 1617 5098 orstoree
1727 5023 1728 5082 l
