3498 5818
1354 519 1413 584 22!

95 701 247 789 Hispania
275 712 309 770 et
338 702 466 789 Gallia,
503 713 600 794 prout
635 703 676 770 de
711 705 846 772 caeteris
881 727 1011 794 quoque
1046 705 1192 794 pluribus
1230 665 1415 773 nationibus

21 839 22 882 g
94 805 285 892 reipublicae
306 807 413 874 Cium
438 804 572 874 dubium
593 816 641 873 est
664 806 743 897 quid
762 809 795 873 in
816 807 877 874 hac
898 817 993 896 parte
1021 808 1165 876 facturae
1187 811 1266 894 sint,
1293 809 1360 876 Sam
1383 809 1416 876 S.

21 903 22 966 i
95 911 232 996 cogitare
246 933 353 998 posse,
378 934 491 998 parum
506 912 658 980 momenti
674 910 716 976 ad
731 934 799 978 rem
813 911 897 976 benc
918 909 1094 1000 gerendam
1110 911 1289 998 allaturum,
1315 915 1341 979 si
1357 937 1417 980 nos
1537 957 1539 962 ·

21 1057 22 1104 ,
96 1011 149 1078 soli
171 1038 232 1102 per
250 1024 379 1080 nostros
401 1025 543 1081 oratores
564 1016 598 1079 in
620 1013 756 1080 concilio
771 1037 1041 1103 compararemus.
1057 1039 1171 1082 verum
1185 1016 1315 1104 quando
1330 1027 1417 1084 certe

21 1155 22 1170 ι
96 1119 267 1184 constiterit
282 1111 323 1184 de
338 1117 475 1184 aliarum
489 1119 656 1185 nationum
671 1116 823 1202 adventu,
846 1128 974 1183 nostros
994 1127 1148 1204 oratores,
1173 1129 1209 1185 ut
1223 1121 1279 1208 qui
1293 1122 1326 1185 in
1341 1144 1414 1208 prc-

93 1221 206 1308 pinquo
221 1231 305 1305 sunt,
327 1222 421 1287 facile
438 1231 470 1288 et
486 1221 654 1288 commode
668 1243 763 1309 posse
778 1211 840 1288 iter
856 1224 904 1288 sic
923 1223 1096 1308 instituere,
1120 1234 1156 1289 ut
1169 1225 1202 1288 in
1216 1234 1361 1311 tempore
1377 1247 1416 1291 eo

94 1326 286 1408 perveniant.
304 1333 467 1414 utcunque
482 1336 590 1392 tamen
605 1323 686 1392 haec
701 1326 809 1392 omnia
825 1347 860 1390 se
874 1323 1026 1406 habeant,
1042 1349 1102 1392 nos
1117 1327 1151 1392 in
1166 1351 1206 1395 ea
1221 1330 1416 1416 cogitatione

95 1437 123 1489 et
150 1450 228 1494 cura
257 1431 399 1514 versari,
434 1438 470 1495 ut
500 1439 644 1496 oratores
672 1426 719 1494 illi
751 1437 908 1517 quantum
935 1428 1005 1496 fieri
1033 1431 1152 1516 p'oterit
1179 1431 1415 1520 profectionem

93 1539 255 1598 maturent.

188 1633 261 1702 Hoc
283 1644 391 1701 autem
405 1634 476 1702 lcco
492 1659 557 1705 non
572 1658 743 1724 possumus
764 1645 797 1702 te
818 1635 933 1722 celare,
960 1635 1071 1704 literas
1093 1647 1167 1706 tuas
1183 1640 1217 1704 in
1231 1637 1293 1706 lroc
1309 1642 1415 1728 capite

94 1735 231 1802 nonnihil
259 1737 464 1805 obscuritatis
490 1738 626 1826 habere,
653 1761 759 1829 neque
786 1741 872 1806 enim
897 1742 974 1806 satis
996 1743 1217 1830 percepimus,
1245 1765 1287 1806 an
1313 1766 1352 1808 ea
1374 1743 1416 1807 sit

95 1860 180 1904 mens
199 1840 252 1907 8⁰²¹
271 1841 314 1906 D.
330 1841 370 1908 N.
392 1842 480 1931 quod
506 1843 611 1909 acrius
637 1865 695 1909 nos
717 1842 760 1908 ad
781 1842 1020 1931 expeditionem
1044 1853 1205 1912 oratorum
1230 1854 1414 1911 nostrorum

92 1964 199 2029 urgere
231 1942 311 2011 velit
338 1955 371 2011 et
397 1969 474 2012 num
502 1970 616 2014 revera
645 1948 755 2035 cupiat
782 1947 889 2034 ipsum
912 1947 1082 2014 concilium
1103 1950 1256 2037 prosequi
1277 1971 1338 2014 nec
1360 1973 1411 2016 ne.

92 2055 182 2134 atque
204 2046 326 2114 idcirco
350 2049 409 2116 tibi
430 2048 571 2136 benigue
593 2051 797 2136 iniungimus,
821 2049 848 2113 si
870 2049 994 2116 interea
1015 2052 1168 2139 temporis
1191 2053 1333 2118 animum
1355 2051 1408 2117 8ιίι

92 2146 121 2212 S.
142 2149 256 2218 clarius
278 2154 502 2241 perspexisses
526 2177 623 2241 quam
646 2177 688 2220 ex
709 2153 809 2219 literis
824 2153 887 2218 tuis
906 2151 1075 2241 colligitur,
1100 2165 1136 2221 ut
1150 2153 1184 2220 id
1198 2155 1292 2222 nobis
1308 2153 1411 2242 primo

92 2275 210 2342 quoqne
242 2267 388 2344 ternpore
417 2257 616 2343 perscribas3
652 2259 702 2322 sin
729 2257 850 2340 minus,
873 2267 909 2322 ut
941 2258 1047 2323 adhuc
1076 2247 1163 2324 omni
1189 2281 1256 2349 ¹qua
1283 2261 1412 2326 noveris

92 2357 239 2423 modestia
262 2367 295 2425 et
317 2357 508 2425 dexteritate
531 2357 583 2425 8⁸¹·
607 2357 639 2426 S.
661 2367 800 2426 mentem
824 2370 857 2426 et
877 2361 1076 2429 veluntatem
1098 2372 1254 2430 actutum
1270 2362 1411 2452 denique

93 2455 247 2527 buiusrei
271 2472 390 2528 statum
412 2463 546 2551 etquid
573 2462 649 2529 inde
678 2461 873 2551 sperandum
901 2463 955 2531 vel
983 2464 1223 2556 expectandum
1250 2466 1407 2551 videatur,
1511 2511 1513 2514 -
1631 2534 1637 2558 ,

94 2584 180 2648 quarn
200 2567 405 2632 exactissime
428 2566 536 2654 quoad
558 2569 627 2634 eius
655 2590 798 2655 unquam
827 2568 897 2634 fieri
928 2578 1036 2658 potest
1058 2570 1253 2656 investigare
1277 2579 1309 2636 et
1333 2591 1406 2657 cog·

94 2687 214 2735 noscere
235 2669 377 2736 studeas.
400 2672 434 2735 in
454 2668 587 2760 reliquis
616 2671 774 2759 capitibus
803 2670 968 2738 literarum
1000 2681 1127 2742 tuarum
1149 2673 1408 2740 informationem
1460 2687 1464 2694 '

95 2777 122 2832 et
142 2770 336 2859 diligentiam
369 2783 458 2840 tuam
480 2773 628 2842 clementi
657 2785 689 2841 et
710 2785 802 2862 grato
825 2777 932 2841 animo
955 2777 1141 2865 accipimus.
1170 2779 1203 2844 in
1224 2777 1411 2867 praemissis

94 2894 160 2940 vero
180 2878 351 2964 exequeris
372 2875 585 2964 benegratam
606 2887 640 2944 et
661 2900 849 2966 expressam
871 2876 1071 2946 voluntatem
1093 2891 1247 2948 nostram.

183 2977 306 3046 Datum
329 2979 474 3047 Viennae
498 2979 550 3047 die
574 2979 614 3047 12
636 2979 835 3066 Septembris
859 2981 952 3050 1561.

227 3169 265 3220 Im
282 3169 391 3220 Wiener
409 3169 541 3238 Concept:
561 3171 595 3222 10
612 3169 772 3238 September.
791 3197 821 3210 -
841 3169 902 3222 Wie
918 3171 987 3223 Areo
1006 3187 1048 3224 arn
1066 3175 1100 3226 m
1117 3169 1189 3239 Sept.
1206 3171 1317 3237 meldas,
1340 3173 1412 3225 hatte

157 3253 202 3304 dar·
217 3255 298 3322 Paprt
315 3253 397 3308 sebon
415 3255 465 3307 auf
484 3257 527 3308 die
554 3261 640 3308 ersten
663 3255 867 3323 Vorstellungen
889 3256 936 3308 htn
962 3257 1124 3326 auigegeben
1151 3259 1202 3311 dan
1222 3261 1336 3310 Prtnsen
1358 3273 1412 3310 ron

155 3339 348 3408 Siabsubiirgen
366 3357 426 3394 sum
445 3341 539 3394 Cerci!
556 3341 721 3398 masuiaden.
757 3343 821 3396 ann
839 3343 982 3398 vorlstatec
1001 3345 1115 3398 Absatae
1129 3347 1183 3412 rgl.
1195 3345 1235 3398 Iis
1245 3347 1307 3398 Plat
1317 3350 1343 3414 4,
1356 3347 1406 3402 721

156 3425 205 3476 und
221 3427 259 3478 Le
277 3427 431 3480 Labouranr
450 3434 473 3490 1,
491 3429 551 3486 763.

632 3873 854 3960 ΟΧΧΧΙΙ.

381 4093 577 4188 Prospero
605 4092 743 4169 d’Arcc
771 4114 818 4168 an
852 4094 925 4169 den
958 4094 1108 4187 Κιὶιοις

519 4248 608 4314 Rom,
626 4248 660 4302 27
679 4247 872 4314 September
893 4248 966 4302 1561.

404 4453 539 4508 Bernaba.
564 4453 710 4529 Odoinah
732 4455 762 4510 ia
779 4462 869 4529 tcrqc:
891 4459 932 4512 15
957 4455 1077 4512 October.

179 4631 307 4713 Quanto
330 4630 394 4697 alla
414 4643 500 4699 tersa
526 4643 617 4722 parte
645 4633 729 4700 dove
756 4658 834 4724 pare
863 4633 927 4702 alla
948 4633 1004 4700 Μ’·
1025 4635 1066 4701 V.
1090 4632 1182 4701 ch'io
1213 4636 1262 4701 sia
1290 4657 1404 4703 oscuro

91 4726 116 4793 in
140 4732 242 4819 quello
277 4732 370 4801 cb’io
398 4737 504 4802 scrivc
535 4738 568 4802 in
596 4759 691 4804 nome
721 4735 754 4802 di
777 4737 810 4804 S.
833 4737 886 4824 δ”,
910 4737 1123 4804 doveram·
1144 4739 1184 4806 V.
1208 4762 1319 4828 sapere
1343 4737 1403 4804 che

92 4835 203 4918 quando
226 4835 259 4904 S.
283 4835 332 4904 δ’·
353 4839 397 4903 mi
420 4849 590 4905 commette
611 4839 645 4905 di
667 4842 807 4908 scrivere
830 4841 1044 4922 alcunacosa
1064 4841 1128 4907 alla
1149 4839 1206 4906 Μ’·
1226 4842 1266 4908 V.
1289 4844 1322 4906 in
1345 4865 1402 4908 suo

92 4956 186 5024 nome,
217 4937 311 5006 ch’io
341 4941 544 5008 m'affatichc
575 4943 608 5008 in
637 4952 755 5033 quanto
783 4945 829 5010 mi
859 4968 877 5012 e
904 4944 1058 5035 possibile
1080 4943 1113 5010 di
1135 4954 1268 5011 mettere
1289 4945 1320 5010 le
1341 4944 1402 5010 for·
1525 4993 1528 4998 -

92 5037 153 5104 usli
172 5043 281 5131 parole
303 5043 337 5109 di
360 5043 392 5111 S.
416 5043 461 5112 S‘·
485 5055 518 5112 et
538 5069 604 5113 non
626 5069 663 5113 ce
685 5049 846 5136 aggiongo
869 5072 946 5115 cosa
966 5046 1018 5113 del
1040 5049 1113 5126 mio,
1136 5048 1163 5111 si
1179 5071 1269 5114 come
1284 5071 1403 5114 ancora
