3498 5818
1371 487 1433 550 2⁴⁵

104 670 232 759 quidem
256 669 357 758 relegi
381 679 574 759 conceptam
601 670 821 736 instructionis
843 670 1015 736 formulam
1037 669 1171 759 eiusque
1194 679 1346 737 contenta
1368 695 1432 738 om·

102 775 152 838 nia
175 784 210 840 et
232 773 361 859 singula
382 776 429 840 ita
450 783 575 840 mature
597 771 774 860 prudenter
797 784 829 840 et
850 784 1002 840 accurate
1017 785 1155 862 pensata
1169 784 1202 841 et
1216 773 1334 840 librata
1349 795 1434 840 com·

102 878 179 962 peri,
203 886 241 943 ut
263 875 360 964 plane
382 877 462 942 nihil
483 897 617 965 prorsus
638 875 692 942 vel
708 875 894 942 addendum
908 876 962 942 vel
976 876 1115 963 amplius
1132 877 1434 944 contravertendum

103 988 261 1044 occurrat.
285 977 446 1066 siquidem
468 980 553 1045 enim
576 1001 628 1044 res
651 978 736 1046 serio
758 991 883 1066 agatur,
906 1003 973 1046 non
994 1001 1077 1066 opus
1101 981 1143 1045 sit
1156 979 1285 1067 prolixa
1299 979 1442 1046 instruc?

101 1081 197 1166 tione,
222 1085 274 1146 sin
296 1083 412 1165 minus,
435 1105 496 1150 nec
517 1083 605 1149 mille
628 1081 889 1150 membranarum
911 1083 1100 1150 mandatum
1122 1082 1258 1148 multum
1280 1082 1435 1169 prodesse

103 1194 209 1270 queat.
244 1185 317 1272 quis
349 1193 457 1250 autem
485 1185 597 1252 credat
617 1187 797 1252 Romanam
824 1188 946 1252 curiam
969 1210 989 1251 a
1013 1208 1078 1276 qna
1099 1186 1182 1252 aliae
1205 1207 1316 1252 omnes
1339 1189 1436 1253 totius

103 1287 315 1354 occidentalis
345 1286 433 1353 orbis
465 1288 622 1356 ecclesiae
653 1289 853 1376 dependent,
884 1292 968 1358 serio
1000 1301 1033 1358 et
1062 1315 1104 1358 ex
1131 1291 1238 1356 animo
1267 1288 1437 1356 concilium

103 1401 212 1476 petere
236 1389 290 1456 vel
313 1413 438 1478 urgere,
463 1395 554 1458 cuius
578 1395 722 1460 actiones
745 1415 856 1460 omnes
879 1416 1044 1462 sacrorum
1068 1393 1279 1461 conciliorum
1294 1392 1437 1458 saluber·

102 1495 192 1560 rimis
216 1493 500 1561 constitutionibus
524 1519 567 1562 ex
590 1496 748 1563 diametro
771 1495 1008 1564 adversentur?
1032 1499 1104 1586 quis
1120 1497 1259 1584 denique
1275 1506 1384 1581 speret
1398 1495 1436 1562 R.

104 1599 228 1662 curiam
255 1597 341 1662 ferre
368 1619 466 1684 posse
492 1597 767 1681 reformationem,
797 1621 881 1686 quae
908 1600 1079 1666 ecclesiam
1102 1601 1170 1666 sine
1193 1599 1280 1666 omni
1302 1620 1385 1683 ruga
1407 1608 1439 1662 et

104 1700 235 1766 macula
256 1723 330 1766 esse
352 1711 538 1768 constanter
560 1701 717 1787 affirmat,
748 1725 873 1770 errores
901 1727 978 1770 vero
1006 1702 1059 1769 vel
1082 1703 1203 1770 abusus
1228 1725 1286 1768 seu
1309 1723 1438 1788 corrup-

104 1803 185 1869 telas
208 1812 268 1868 aut
291 1803 537 1891 superstitiones
559 1807 688 1891 uspiam
703 1806 842 1872 existere
857 1805 1020 1872 mordicus
1034 1805 1218 1893 pernegat?
1242 1827 1316 1870 eum
1329 1814 1439 1870 tamen

105 1907 391 1972 christianissimus
405 1905 461 1971 ille
474 1905 601 1973 Gerson
618 1909 715 1973 etiam
738 1929 796 1976 suo
818 1918 963 1995 tempore
986 1919 1182 1996 conquestus
1205 1909 1247 1973 sit
1269 1908 1438 1975 ecclesiam

105 2020 207 2076 totam
230 2007 392 2076 brutalem
416 2017 450 2074 et
473 2008 636 2076 carnalem
659 2011 779 2078 factam
801 2021 834 2078 et
848 2011 928 2076 nihil
943 2012 1011 2078 fere
1027 2014 1206 2099 sapientem
1222 2011 1262 2076 de
1277 2011 1339 2076 hiis
1355 2033 1439 2098 quae

106 2112 157 2178 dei
187 2121 265 2178 sunt
292 2135 371 2198 erga
399 2112 537 2178 salutem
567 2114 747 2180 animarum
776 2139 842 2181 non
869 2134 912 2180 ex
940 2137 975 2181 se
1002 2115 1134 2203 quidem
1156 2113 1215 2180 sed
1237 2113 1439 2179 abutentium

106 2217 204 2299 vitio,
230 2215 372 2282 suadens
393 2225 439 2293 ut,
463 2216 490 2280 si
511 2239 577 2282 non
599 2215 642 2282 ad
663 2217 893 2305 apostolorum,
917 2218 1032 2286 saltem
1054 2219 1098 2284 ad
1120 2216 1276 2305 Sylvestri
1301 2227 1333 2282 et
1355 2216 1438 2282 Gre-

111 2320 194 2404 gorii
217 2329 366 2405 tempora
388 2317 528 2385 ecclesia
549 2318 747 2386 reformetur.

211 2421 321 2487 Unum
344 2421 459 2487 saltem
483 2431 580 2511 atque
604 2423 740 2488 alterum
763 2432 813 2489 est
835 2422 876 2489 de
899 2422 1016 2512 quibus
1040 2423 1127 2489 oiroa
1147 2422 1391 2488 instructionem
1399 2419 1440 2488 S.

108 2525 184 2590 Mu·
206 2525 249 2590 V.
272 2523 435 2590 humiliter
464 2525 701 2593 admonendam
730 2526 825 2611 duxi,
854 2549 971 2615 nempe
997 2525 1162 2614 possibile,
1186 2527 1282 2592 immo
1306 2535 1338 2591 et
1358 2526 1441 2590 veri-

109 2629 212 2694 simile
243 2649 315 2694 esse
343 2627 423 2694 alios
457 2651 550 2715 reges
579 2628 789 2694 mandatariis
823 2631 890 2695 suis
923 2631 1169 2710 commissuros,
1199 2638 1234 2692 nt
1260 2627 1292 2694 S.
1315 2627 1376 2694 Mo.
1399 2628 1440 2692 V.

110 2741 255 2799 oratores
278 2732 473 2799 conveniant
496 2741 595 2820 atque
618 2736 652 2799 in
674 2730 823 2798 omnibus
846 2732 1088 2800 occurrentibus
1103 2741 1248 2798 mutuam
1261 2733 1440 2820 intelligen-

110 2836 187 2900 tiam
210 2835 355 2901 offerant.
380 2856 480 2923 quare
505 2857 571 2901 non
593 2835 809 2924 improbarem
833 2834 865 2902 S.
888 2836 965 2901 M‘⁸¹¹²
985 2835 1024 2900 V.
1047 2837 1081 2900 in
1104 2857 1178 2900 eum
1201 2859 1312 2903 casum
1335 2846 1438 2902 orato-

110 2939 199 3004 ribus
222 2939 291 3004 suis
320 2939 442 3026 pariter
469 2939 658 3004 mandatum
687 2939 765 3005 dare
794 2961 891 3026 posse
919 2948 956 3004 ut
982 2939 1126 3006 vicissim
1155 2938 1218 3004 illis
1248 2938 1280 3004 S.
1308 2937 1369 3002 Mo.
1401 2938 1440 3002 V.

111 3042 240 3108 nomino
269 3063 398 3108 omnem
424 3051 558 3108 mutuae
585 3041 831 3109 benevolentiae
859 3041 1228 3129 correspondentiaeque
1250 3041 1439 3128 promptitu-

112 3143 220 3210 dinem
250 3143 392 3212 referant
419 3169 519 3233 seque
550 3143 613 3212 hoc
640 3147 673 3210 in
700 3145 861 3210 mandatis
889 3143 1009 3210 habere
1032 3144 1230 3210 confirment.
1260 3143 1376 3210 deinde
1399 3167 1441 3209 an

112 3269 174 3312 non
198 3247 232 3312 S.
256 3247 323 3312 ΜΨ
350 3246 392 3312 V.
417 3245 598 3315 oratoribus
621 3248 688 3312 suis
712 3270 812 3313 unum
833 3245 886 3314 vel
908 3246 1028 3334 plures,
1051 3269 1116 3312 non
1139 3256 1248 3312 tamen
1262 3245 1357 3310 nimis
1372 3267 1443 3332 per-

112 3352 237 3416 tinaces
258 3372 319 3416 nec
343 3349 580 3438 superciliosos,
603 3359 639 3414 ut
653 3349 844 3437 plerumque
861 3371 932 3415 esse
949 3348 1061 3431 solent,
1084 3347 1252 3435 theologos
1267 3348 1445 3433 adiungere

112 3453 209 3538 velit,
234 3475 370 3542 quorum
401 3477 502 3541 opera
530 3462 562 3518 et
584 3452 720 3519 concilio
743 3454 778 3518 in
799 3450 897 3518 rebus
918 3451 1147 3518 ecclesiasticis
1169 3461 1335 3538 tamquam
1358 3473 1445 3515 ama·

112 3556 291 3622 nuensibus
313 3579 372 3643 pro
395 3565 541 3644 tempore
563 3555 611 3622 uti
633 3565 775 3644 possent,
801 3551 931 3642 quando
953 3553 1069 3620 horum
1084 3555 1117 3618 in
1132 3554 1342 3620 instructione
1356 3551 1445 3618 nulla

112 3660 147 3723 fit
170 3659 301 3726 mentio.
410 3664 415 3673 ’

215 3762 317 3826 Porro
340 3761 427 3847 quod
447 3761 480 3827 S.
503 3761 571 3828 Ma.
593 3762 633 3826 V.
656 3783 763 3828 meum
792 3761 969 3828 clementer
995 3760 1130 3846 requirit
1158 3759 1323 3840 indicium,
1348 3781 1391 3822 an
1414 3767 1447 3823 et

114 3873 276 3951 quatenns
309 3864 494 3930 reformatio
522 3866 556 3930 in
585 3864 722 3931 concilio
750 3862 898 3951 urgenda
927 3863 985 3943 sit,
1021 3863 1063 3928 ad
1091 3862 1181 3952 quod
1212 3862 1370 3927 submisse
1397 3883 1445 3926 re-

115 3965 277 4053 spondeo:
302 3989 402 4054 quum
426 3968 534 4034 omnia
558 3967 695 4034 concilia
706 3965 872 4056 generalia
885 3966 1076 4054 regulariter
1090 3974 1222 4053 propter
1237 3961 1447 4050 extirpandas

114 4069 245 4136 hereses
272 4092 334 4136 nec
366 4093 432 4136 non
459 4071 721 4138 reformationem
745 4069 902 4136 ecclesiae
925 4067 979 4136 dei
1001 4070 1034 4132 in
1057 4069 1164 4155 capite
1186 4078 1218 4132 et
1238 4069 1272 4132 in
1293 4065 1447 4132 membris

117 4172 329 4238 nonnionem
352 4181 385 4238 et
406 4195 521 4259 pacem
544 4173 628 4240 inter
651 4173 843 4239 christianos
866 4173 1029 4258 principes
1052 4169 1310 4238 constituendam
1333 4177 1366 4236 et
1392 4169 1446 4235 ali·

118 4275 248 4361 qnando
271 4275 370 4340 etiam
391 4298 451 4362 pro
474 4276 682 4363 expeditione
705 4284 818 4341 contra
840 4275 984 4342 infideles
999 4273 1219 4361 promovenda
1234 4271 1447 4353 celebrentur,

117 4387 215 4466 atquo
243 4377 325 4444 adeo
353 4401 480 4444 morum
508 4378 709 4460 reformatio,
738 4379 809 4442 sine
838 4400 903 4464 qua
928 4377 1093 4464 lapsorum
1115 4375 1260 4442 reductio
1282 4397 1448 4462 nunquam

117 4480 278 4567 speranda
299 4503 360 4546 nec
382 4481 603 4568 expectanda,
632 4479 761 4546 concilii
789 4501 865 4566 pars
897 4481 940 4545 sit
966 4479 1155 4568 principalis
1179 4481 1267 4544 etin
1288 4477 1378 4544 bulla
1401 4479 1447 4544 in·

120 4583 269 4648 dictionis
288 4585 468 4670 praesentis
484 4582 614 4648 concilii
628 4584 662 4648 ni
676 4582 771 4648 fallor
786 4581 915 4648 disertis
929 4580 1038 4649 verbis
1060 4604 1224 4669 expressa,
1247 4603 1448 4668 consequens

119 4695 167 4752 est
190 4685 327 4751 eandem
348 4708 408 4772 per
430 4685 462 4750 S.
487 4685 547 4750 Mo.
569 4686 610 4752 V.
641 4695 783 4752 oratores
813 4695 845 4752 et
867 4685 980 4752 crebro
1003 4696 1036 4752 et
1057 4686 1141 4752 serio
1163 4683 1344 4770 urgendam
1366 4703 1447 4764 esse,

120 4811 224 4875 neque
247 4812 289 4854 ex
311 4787 374 4854 hac
404 4811 440 4854 re
467 4788 521 4854 vel
548 4810 708 4853 summum
735 4787 921 4876 pontificem
949 4787 1002 4853 vel
1033 4810 1229 4876 quemquam
1260 4785 1359 4852 alium
1393 4786 1447 4871 qui

123 4890 279 4956 ecclesiae
303 4891 355 4956 dei
378 4890 461 4956 bene
485 4890 665 4957 consultum
689 4889 768 4955 velit
789 4891 858 4958 iure
880 4890 999 4958 offendi
1019 4913 1115 4978 posse
1135 4899 1192 4956 aut
1205 4887 1332 4972 debere,
1355 4887 1452 4952 sicuti

122 4993 310 5060 stallorum
336 5017 451 5080 regum
479 5016 518 5060 ac
545 4993 727 5080 principum
756 4993 994 5061 commissarios
1017 4994 1138 5079 pariter
1159 4992 1301 5060 facturos
1323 4990 1449 5076 hocque
