3498 5818
309 535 371 600 aas
459 627 461 631 Ι

309 727 351 792 sit
372 750 432 794 nos
461 725 546 794 solos
574 727 608 793 in
637 724 774 794 coneilio
806 749 1003 813 comparere.
1031 735 1244 816 posteaquam
1274 737 1381 795 autem
1408 752 1494 796 nunc
1523 729 1590 797 δ”·
1618 729 1654 796 S.

307 840 373 896 tem
395 853 453 917 per
474 833 625 899 nuncium
656 855 748 900 suum
778 856 874 920 quam
906 843 939 898 te
971 835 1076 920 ipsum
1109 856 1168 900 nos
1201 853 1316 920 urgere
1347 836 1460 921 incipit
1488 835 1650 923 facitque

308 957 398 1022 spem
420 934 500 1002 allos
522 959 650 1024 quoque
672 947 825 1004 vennuoe
853 947 886 1002 et
913 937 1101 1024 propediem
1129 937 1276 1003 Tridenti
1304 938 1486 1021 adfuturos,
1518 937 1650 1004 sedulo

308 1037 456 1125 equidem
478 1039 662 1106 curabimus
688 1062 729 1106 ue
752 1039 807 1106 8²⁸·
827 1041 895 1106 eius
918 1039 971 1106 vel
993 1041 1026 1106 in
1047 1040 1119 1106 h‘ae'
1133 1064 1168 1106 re
1189 1041 1242 1106 rel
1257 1042 1291 1106 in
1306 1040 1378 1106 eliis
1397 1041 1540 1107 officium
1560 1042 1653 1106 chri·

308 1144 402 1208 atiani
435 1154 467 1208 et
500 1142 649 1209 catholici
683 1145 886 1230 imperatoris
923 1166 963 1210 ac
990 1145 1145 1231 principia
1173 1146 1206 1209 in
1235 1143 1327 1210 nobie
1349 1145 1503 1232 requirat.
1529 1167 1654 1232 quam-

310 1244 420 1312 obrem
441 1244 500 1312 tibi
521 1245 662 1333 benigne
684 1248 878 1333 iniungimus
905 1258 941 1314 ut
962 1247 1025 1314 8¹⁸¹
1047 1250 1115 1314 eiua
1137 1247 1179 1314 de
1200 1247 1262 1315 hoc
1283 1257 1392 1314 nostro
1412 1249 1563 1316 instituto
1589 1272 1656 1336 per

310 1351 511 1416 occasionem
532 1361 718 1416 reverenter
738 1350 899 1418 informes.

409 1453 509 1522 Porro
534 1456 743 1542 cognovimus
766 1477 898 1522 causam
921 1455 1126 1522 obscuritatis
1156 1478 1254 1543 quam
1282 1454 1464 1522 habuerunt
1492 1478 1534 1520 ca
1560 1478 1654 1544 qnae

310 1555 404 1622 nobis
426 1559 517 1623 iussu
539 1557 587 1624 So·
610 1556 642 1624 S.
666 1559 852 1646 scripseras,
872 1573 904 1623 et
924 1556 1019 1624 facile
1042 1559 1201 1624 eredimus
1223 1560 1359 1624 remita
1379 1569 1416 1625 ut
1437 1557 1495 1624 tibi
1509 1558 1655 1624 videtur

312 1681 348 1725 ee
362 1659 492 1746 habere,
515 1661 657 1729 voluisse
680 1663 831 1728 nimirum
847 1660 911 1727 See
927 1663 996 1728 eiue
1018 1662 1111 1727 tectis
1133 1661 1242 1728 verbis
1265 1663 1406 1728 animum
1429 1673 1583 1728 nestrum
1608 1663 1653 1726 de

310 1762 472 1830 mittendis
501 1765 543 1832 ad
573 1763 744 1832 concilium
775 1764 954 1830 oratoribus
982 1763 1168 1852 explorare,
1199 1788 1263 1831 non
1291 1775 1413 1832 attento
1448 1765 1538 1854 quod
1569 1788 1650 1831 eum

310 1876 385 1932 ante
408 1869 537 1955 saepius
560 1879 592 1934 et
614 1864 653 1934 S²¹
676 1870 744 1934 eius
774 1867 874 1933 literis
903 1879 936 1935 et
964 1865 1072 1954 legato
1103 1891 1143 1934 ac
1170 1868 1297 1934 nunciis
1319 1867 1369 1935 Se.
1391 1867 1424 1935 S.
1452 1871 1531 1935 viva
1562 1893 1651 1936 voce

309 1973 539 2057 aperuerimus.

414 2075 511 2157 Quod
534 2085 640 2141 autem
664 2075 706 2141 ad
727 2074 812 2142 hanc
834 2098 966 2142 causam
993 2077 1077 2163 petis
1107 2084 1143 2140 ut
1170 2097 1383 2163 quaecunque
1410 2099 1471 2164 per
1497 2086 1532 2142 te
1558 2077 1648 2142 ordi·

312 2178 402 2243 narie
425 2178 519 2244 isthic
542 2201 615 2244 cum
638 2177 681 2244 8²⁶
708 2179 776 2243 eius
798 2178 968 2245 tractanda
988 2167 1211 2256 habuerimus,
1239 2179 1292 2245 hic
1315 2181 1412 2246 etiam
1437 2204 1510 2246 cum
1533 2177 1590 2246 δ”·
1615 2178 1648 2244 S.

196 2270 224 2314 ³
309 2283 427 2368 nuncio
452 2282 669 2360 conferamus,
699 2305 765 2348 non
794 2291 843 2348 est
872 2279 959 2370 quod
986 2281 1049 2348 hoc
1070 2285 1199 2350 nomine
1223 2285 1395 2371 quicquam
1423 2281 1646 2350 solicitudinis

311 2386 431 2470 capias,
455 2386 501 2449 ita
522 2407 662 2473 namque
684 2384 778 2452 nobis
800 2394 972 2472 perspecta
994 2395 1043 2451 eet
1064 2393 1120 2450 tua
1142 2386 1325 2474 integritas,
1357 2395 1392 2452 ut
1418 2385 1477 2452 tibi
1506 2410 1578 2452 non
1603 2388 1647 2451 sit

309 2486 521 2554 dubitandum
543 2489 622 2576 quin
642 2487 751 2555 verbis
779 2489 844 2555 tuis
874 2510 1001 2576 semper
1026 2487 1123 2554 fidem
1145 2487 1285 2555 habituri
1308 2489 1423 2570 simus,
1447 2491 1580 2556 etiamsi
1603 2489 1645 2556 8¹¹

313 2591 383 2656 eius
406 2589 579 2680 aliquando
603 2590 791 2658 exciderent
813 2615 897 2681 quae
919 2591 979 2659 tibi
1001 2593 1044 2659 ed
1064 2615 1124 2658 nos
1147 2591 1318 2658 scribenda
1339 2590 1611 2660 demandavit...

448 2765 496 2816 Ich
514 2767 650 2818 vermuthe
669 2767 730 2820 daea
748 2765 796 2818 das
814 2771 881 2818 erate
903 2765 994 2828 sruck,
1013 2769 1040 2818 in
1049 2767 1133 2834 Folge
1152 2765 1198 2818 dee
1210 2765 1369 2817 Eintreffens
1387 2783 1438 2817 ven
1450 2765 1494 2818 Νι.
1508 2765 1647 2828 cxxxii,

382 2851 455 2902 nicht
472 2852 591 2918 expedirt
608 2854 715 2904 worden
731 2854 772 2907 iat.
808 2853 878 2904 Arce
897 2849 1015 2904 areatat
1030 2855 1120 2920 ‘opiter
1137 2852 1207 2904 auch
1223 2867 1274 2903 nur
1292 2852 1343 2902 den
1359 2851 1493 2918 Empfang
1511 2853 1562 2903 der
1570 2851 1644 2903 Wei-

381 2953 449 3006 aung
465 2955 525 2990 rom
543 2941 577 2990 20
595 2939 720 2991 October.
738 2965 773 2976 ·-
790 2938 880 2990 Uaber
897 2939 940 2990 die
958 2939 1185 3006 Verbereitungen
1202 2953 1250 2989 aur
1267 2937 1455 3005 Besehiclaung
1472 2938 1520 2988 des
1532 2937 1645 2990 Ooncils

383 3025 521 3076 eutnebme
538 3025 582 3076 ich
600 3025 652 3077 den
669 3025 778 3078 Wiener
794 3013 880 3077 Aete'n
905 3025 1055 3092 folgenden
1084 3026 1134 3078 Am
1148 3027 1188 3078 -14
1204 3023 1324 3076 October
1340 3023 1429 3076 warde
1447 3029 1525 3076 unter
1542 3024 1647 3075 andern

383 3110 431 3160 der
446 3111 606 3164 Erabiachot
621 3128 674 3164 von
691 3110 821 3179 Salaburg
846 3127 908 3164 rom
930 3112 1025 3164 Kaisar
1048 3110 1227 3178 anigeiordert
1253 3109 1310 3164 sich
1333 3109 1403 3162 nach
1426 3110 1517 3162 'Prient
1541 3127 1576 3162 au
1600 3111 1644 3160 be·

383 3196 467 3263 geben
485 3196 550 3248 oder
568 3199 725 3264 wenigatens
743 3199 817 3248 aeine
834 3196 989 3264 Suffragane
1008 3197 1113 3250 dorthin
1130 3213 1163 3248 au
1182 3197 1288 3250 aeuden.
1325 3196 1400 3247 Nach
1412 3196 1560 3248 Eintretien
1574 3197 1646 3246 eines

384 3283 550 3348 pipatlichen
562 3283 660 3335 Breves
680 3301 742 3336 vom
756 3285 786 3335 13
799 3283 956 3344 December,
974 3283 1001 3333 in
1017 3284 1076 3334 dem
1088 3283 1152 3334 Pius
1169 3283 1283 3336 meldete
1301 3281 1362 3333 deas
1380 3297 1409 3332 er
1425 3279 1478 3333 alle
1496 3281 1643 3332 deutschen

386 3368 509 3420 Biachltfe
528 3369 651 3420 multila
669 3357 951 3437 gemahnthabennd
971 3368 1022 3420 den
1038 3371 1134 3420 Kaisar
1156 3368 1218 3432 bat,
1243 3367 1376 3420 dieaelben
1399 3367 1469 3420 auch
1493 3367 1644 3418 seinerseits
1736 3367 1737 3370 ’

386 3457 570 3518 anautreiben,
588 3455 649 3506 liesa
667 3455 724 3506 sich
743 3454 806 3506 Seld
827 3469 875 3506 aus
899 3455 946 3505 der
968 3455 1188 3506 Relchamatrthel
1211 3457 1289 3506 einen
1308 3455 1415 3521 Aumug
1437 3452 1503 3506 aller
1520 3453 1644 3504 Pritlaten

385 3541 506 3594 machon.
546 3539 672 3608 hugleich
699 3541 771 3608 legte
798 3541 845 3593 der
866 3541 980 3592 Nuntius
1005 3543 1047 3592 ein
1065 3541 1248 3594 Veraaiehniss
1274 3541 1322 3592 der
1342 3539 1562 3592 Einaoladendan
1588 3553 1642 3589 ror.

382 3627 453 3680 Ahar
470 3627 518 3680 auf
534 3628 585 3679 deu
602 3627 709 3694 Auaaug
725 3629 760 3680 iat
777 3626 848 3678 dana
863 3626 908 3678 bei
925 3626 1014 3678 vielen
1031 3627 1134 3678 Names
1151 3627 1279 3690 hamerici,
1297 3625 1414 3678 weahalb
1433 3625 1476 3676 die
1487 3623 1642 3689 nundum

388 3714 462 3766 nicht
480 3712 597 3782 eriolgen
613 3713 685 3764 kann
703 3713 767 3766 oder
786 3712 909 3780 ert'olglos
926 3714 983 3764 sein
1000 3713 1078 3763 wird:
1097 3729 1125 3764 ea
1143 3712 1208 3764 wird
1229 3729 1251 3768 a.
1264 3713 1294 3764 B.
1306 3718 1400 3780 geeagt
1416 3713 1461 3762 bei
1478 3711 1643 3777 Magdeburg

384 3805 471 3863 vacat,
490 3801 533 3852 bei
552 3799 687 3866 Salaburg,
705 3799 839 3866 Freiaing‚
857 3799 976 3862 Worms,
994 3799 1133 3863 Beaancon
1150 3815 1203 3852 non
1221 3805 1261 3850 est
1279 3801 1306 3849 in
1323 3800 1422 3860 sacris,
1441 3799 1485 3850 bei
1502 3797 1641 3860 Bamberg,
1736 3823 1737 3840 r

383 3885 476 3952 Speier
493 3901 519 3936 u.
538 3901 561 3938 a
580 3891 642 3937 sunt
660 3890 775 3936 extremo
794 3885 867 3937 senio
893 3883 1016 3938 contecti
1051 3883 1113 3936 Und
1134 3899 1164 3936 so
1189 3883 1292 3936 acheint
1317 3883 1364 3935 dae
1383 3881 1639 3935 Olrcnlarachraiban
1736 3865 1737 3926 l

386 3973 432 4024 des
450 3973 556 4024 Kaiaera
573 3987 635 4023 vom
653 3971 671 4024 t
688 3971 790 4023 Juuuar
808 3974 873 4022 1⁶62
892 3969 1033 4033 (Bucholta
1045 3972 1070 4034 8,
1088 3971 1150 4038 415)
1170 3971 1240 4023 doeh
1257 3985 1307 4022 nur
1330 3969 1377 4022 der
1399 3971 1556 4037 geringeran
1574 3964 1637 4019 zahl

382 4058 554 4125 augeaebickt
571 4075 604 4110 an
621 4059 687 4110 sain.
708 4083 739 4096 ···
756 4059 824 4108 Dem
842 4057 936 4108 Kaisar
953 4055 1025 4108 ward
1043 4071 1072 4108 ea
1089 4057 1150 4110 sehr
1166 4057 1268 4110 achwer
1284 4057 1328 4108 fiir
1345 4056 1402 4108 sich
1414 4055 1497 4109 solbat
1507 4057 1639 4108 Veterator

384 4145 434 4198 aui
449 4145 508 4196 dem
527 4143 620 4198 Concil
638 4161 672 4196 au
689 4143 787 4197 finden.
821 4142 874 4194 Die
891 4144 1003 4194 Mttnner
1020 4143 1108 4196 denen
1124 4159 1153 4194 er
1172 4143 1218 4196 der
1235 4143 1319 4196 Roihe
1341 4143 1410 4196 nach
1433 4143 1484 4196 den
1502 4141 1638 4194 Oratores·

383 4237 478 4298 postea
494 4233 586 4292 anbot¹
603 4231 739 4282 etrttubten
758 4229 815 4280 sich
833 4229 885 4280 laet
901 4227 962 4292 alle,
979 4228 1040 4280 weil
1058 4230 1096 4280 aie
1114 4230 1171 4281 aicb
1184 4232 1271 4297 wonig
1282 4228 1376 4296 Erfolg
1392 4228 1569 4296 veraprachen
1586 4222 1636 4276 und

383 4315 442 4367 weil
460 4319 498 4368 aie
515 4333 560 4368 um
578 4317 652 4368 ihren
663 4315 803 4368 Unterhalt
820 4315 927 4382 beaorgt
944 4331 1040 4380 waren,
1059 4315 1095 4367 da
1112 4315 1155 4368 die
1168 4315 1355 4383 Beseldungen
1368 4315 1457 4382 hnapp
1470 4325 1635 4394 mgemessen

382 4402 437 4454 und
454 4400 660 4470 unregelmtssig
676 4399 834 4470 auageaahlt
851 4399 885 4452 ab
902 4402 1009 4454 werden
1023 4399 1155 4472 'pilegten
1190 4401 1283 4453 Zuerat
1304 4417 1359 4453 war
1382 4399 1425 4452 die
1443 4399 1544 4452 Wtirda
1569 4397 1635 4448 eines

384 4493 470 4540 ersten
493 4489 600 4541 Oratore
624 4489 684 4540 dem
708 4487 1008 4545 oberestemeiahlachen
1032 4488 1187 4540 Statthaltar
1209 4489 1236 4540 in
1258 4487 1406 4540 Innsbruclr
1428 4486 1495 4554 Jdrg
1518 4484 1583 4538 orat
1605 4493 1635 4530 ¹11

382 4574 556 4627 Heltieuatain
579 4574 727 4643 augadacht
750 4574 850 4640 (Briase
869 4590 930 4626 vom
947 4575 1021 4626 Mira
1038 4575 1080 4626 bis
1097 4575 1152 4626 Mai
1171 4577 1236 4626 leel
1254 4576 1283 4626 in
1300 4574 1353 4625 den
1369 4573 1476 4624 Wiener
1497 4571 1550 4624 und
1567 4570 1635 4621 Inna·

382 4661 497 4714 brucker
514 4661 700 4725 Concilacten3
718 4661 787 4712 daau
803 4661 848 4713 Νι.
864 4661 969 4728 cvm).
1005 4661 1087 4714 Danu
1104 4660 1193 4712 wnrde
1211 4663 1262 4712 seit
1279 4660 1339 4711 dem
1356 4659 1413 4712 Juli
1429 4659 1477 4710 mit
1495 4657 1554 4710 dem
1570 4651 1629 4708 Hei-

382 4747 557 4800 lrammerrath
574 4747 661 4801 Freih.
681 4746 788 4800 Nicolas
805 4763 858 4799 ven
876 4745 1024 4798 Pollweiler
1041 4749 1068 4797 in
1085 4743 1242 4798 Weilerthal
1260 4744 1423 4808 verbandelt,
1442 4743 1556 4795 welcher
1573 4740 1631 4790 abar

382 4849 425 4884 am
444 4835 476 4885 13
494 4833 644 4886 December
662 4831 787 4897 erhlltrte‚
813 4833 873 4885 dass
892 4850 920 4884 er
943 4831 1244 4884 Famiuenverhtlmisse
1267 4831 1359 4882 halber
1381 4831 1455 4882 nicht
1476 4846 1524 4881 ror
1541 4829 1627 4880 Oetam

383 4920 452 4972 nach
475 4919 566 4970 Trient
588 4919 673 4986 gehen
696 4919 791 4974 kenne.
833 4919 984 4971 Ferdinand
1002 4919 1082 4970 nahm
1108 4917 1229 4970 dennech
1258 4933 1300 4968 am
1323 4919 1356 4968 2⁷
1380 4919 1447 4968 Dec.
1471 4917 1514 4967 die
1536 4915 1630 4975 Zmage

385 5005 547 5057 Pollweilere
564 5021 606 5068 an,
624 5002 754 5072 gedachte
777 5007 843 5058 aber
863 5005 993 5074 vorlaafig
1017 5006 1093 5057 einen
1116 5005 1216 5056 andem
1241 5003 1392 5056 weltlichen
1414 5002 1511 5054 Orator
1536 5016 1566 5051 au
1592 4998 1629 5074 bt·

383 5091 485 5144 stallan¹
522 5091 572 5142 Die
590 5089 691 5146 damula
708 5091 889 5158 autgaaetaten
908 5091 1043 5160 concepte
1062 5090 1110 5144 der
1126 5091 1287 5146 lcatmctlon
1299 5089 1393 5144 sslhren
1404 5088 1473 5142 auch
1485 5087 1553 5140 noch
1566 5077 1627 5135 l’oll·
