3512 5838
364 477 427 544 tte

368 669 483 754 minus,
507 666 550 736 ad
571 670 863 761 praesentationem
887 667 1022 736 aliorum
1036 666 1127 736 fieret
1147 690 1346 758 progressus.
1370 669 1424 756 qni
1447 691 1516 734 mos
1539 677 1574 734 ut
1594 664 1678 732 nobis

364 773 502 840 refertm
522 777 664 864 antiquis
687 775 832 843 conciliis
854 798 919 842 non
941 774 1002 840 fuit
1024 775 1215 862 incognitus.
1238 795 1350 840 verum
1366 773 1518 860 quoniam
1532 772 1613 862 proh
1627 773 1675 839 do

362 874 412 942 lor
433 875 629 946 Germanica
649 880 736 947 natio
761 880 811 946 cui
834 901 892 945 nos
915 900 1104 966 praesumus
1126 879 1160 942 in
1181 877 1244 944 hoc
1262 875 1397 943 concilio
1422 878 1515 964 quasi
1539 878 1623 944 omni
1643 899 1680 941 ex

363 990 456 1068 parte
478 981 594 1069 deficit,
623 983 718 1051 facile
739 983 883 1050 iudicare
905 981 1040 1068 potestis
1061 1005 1120 1048 nes
1135 1005 1195 1070 pro
1216 991 1328 1048 nostra
1353 1000 1492 1068 persona
1519 1001 1584 1045 non
1605 979 1679 1044 adeo

365 1083 500 1151 sollicite
522 1083 672 1154 laborare
694 1108 790 1175 posse
812 1109 871 1172 pro
894 1107 933 1151 ea
953 1108 998 1166 re,
1033 1107 1117 1173 quae
1139 1108 1205 1152 non
1226 1084 1329 1150 solum
1357 1083 1437 1149 nihil
1459 1082 1614 1170 praesidii
1633 1105 1680 1148 no·

362 1186 413 1253 bis
435 1186 561 1254 adferre
583 1198 702 1277 posset,
725 1211 836 1256 verum
859 1189 956 1255 etiam
979 1210 1061 1276 qnae
1085 1210 1157 1254 cum
1180 1188 1288 1276 aliquo
1305 1187 1463 1254 dedecore
1478 1195 1590 1253 nostro
1606 1195 1681 1251 esset

364 1292 545 1358 coniuncta.
580 1292 736 1382 quidquid
758 1302 866 1359 nmen
887 1314 945 1360 vos
973 1313 1039 1358 una
1065 1313 1140 1357 eum
1162 1289 1266 1358 Gallis
1289 1290 1415 1358 efficere
1442 1290 1476 1355 in
1503 1289 1568 1356 hae
1599 1299 1680 1377 parte

366 1396 521 1482 poteritis,
544 1405 580 1462 ut
602 1396 713 1463 debita
734 1396 912 1484 aequalitas
942 1394 1063 1483 ubique
1091 1405 1237 1462 servetur
1264 1417 1346 1460 neve
1369 1392 1439 1460 sola
1465 1393 1583 1460 Italica
1604 1395 1680 1458 natio

363 1497 567 1566 multitudine
589 1500 815 1586 suffragiorum
838 1521 897 1566 nos
920 1518 1030 1565 omnes
1052 1498 1135 1566 adeo
1156 1499 1277 1588 passim
1300 1515 1453 1584 superare
1475 1507 1626 1580 conetur,
1653 1495 1680 1562 id

366 1604 632 1679 oratoresnoetri
655 1625 698 1669 ex
720 1603 872 1669 mandato
894 1611 1004 1670 nostro
1026 1625 1090 1670 non
1125 1601 1229 1669 solum
1261 1623 1326 1668 non
1359 1599 1544 1688 impedient,
1579 1621 1680 1666 verum

363 1707 459 1772 etiam
482 1716 638 1795 qnantum
660 1709 693 1772 in
715 1709 794 1794 ipsis
816 1717 865 1774 est
887 1707 1057 1793 diligenter
1077 1705 1340 1793 praemonebant.

498 1897 529 1948 ln
546 1895 598 1948 den
616 1895 788 1948 Concilacten
804 1894 922 1949 belindet
938 1895 995 1947 sich
1013 1894 1082 1948 noch
1095 1897 1138 1946 ein
1157 1894 1361 1962 sigenhtndiqer
1378 1895 1453 1947 Briet
1468 1894 1516 1948 des
1536 1893 1634 1948 (Μαι
1651 1909 1677 1946 an

431 1983 482 2034 deu
499 1984 532 2034 Κ.
550 1983 713 2034 Maximillae
729 1999 790 2035 vom
808 1984 841 2035 27
851 1982 914 2046 iuli,
933 1983 960 2033 in
978 1981 1037 2032 dem
1056 1997 1085 2034 er
1102 1982 1197 2034 dassen
1210 1981 1394 2050 Verwendung
1405 1983 1432 2032 in
1444 1982 1586 2048 Ampruch
1598 1984 1679 2034 nimnt

430 2068 512 2120 demit
528 2069 586 2121 sich
605 2068 651 2120 der
667 2071 762 2120 Kaisar
783 2068 825 2120 fur
848 2068 988 2120 emstlichs
1010 2069 1185 2136 Fortsetsuag
1208 2067 1254 2120 des
1279 2067 1384 2120 concils
1402 2070 1573 2134 ausspreche.
1605 2067 1678 2119 Aetn-

430 2155 518 2208 liehen
535 2155 635 2208 luhalts
657 2155 761 2207 werden
779 2155 823 2207 die
840 2155 927 2207 Bn'efe
946 2152 992 2207 des
1011 2155 1109 2213 (iraten
1133 2171 1167 2208 sn
1186 2155 1237 2206 deu
1255 2155 1349 2206 Kaisar
1372 2171 1492 2221 genesen
1511 2157 1570 2206 sein
1593 2153 1677 2204 welche
1721 2187 1722 2196 ι

430 2242 487 2293 hier
503 2243 678 2294 beantwortet
694 2241 807 2294 werden
838 2242 903 2293 Wus
920 2242 998 2294 Luna
1016 2241 1116 2293 damnis
1139 2241 1286 2304 amtrehte,
1312 2239 1362 2293 rtet
1386 2241 1549 2293 numentiieir
1572 2243 1600 2290 in
1623 2239 1677 2289 lion
1721 2249 1722 2252 ’

431 2343 521 2396 grosse
537 2329 745 2397 Missstimmunq
767 2328 875 2393 berver,
902 2327 956 2379 und
979 2329 1042 2379 Pius
1064 2327 1179 2379 verunt
1199 2327 1388 2380 instesendsre
1410 2327 1463 2378 den
1481 2318 1630 2392 Vorrctirg
1645 2326 1677 2374 dir
1721 2309 1722 2392 J

429 2415 614 2468 censensu
631 2414 769 2466 neaeman
787 2414 943 2467 ansanum
961 2413 1002 2466 sn
1019 2415 1077 2465 erne
1095 2413 1141 2464 aa
1159 2413 1185 2466 r.
1204 2413 1293 2466 seru
1317 2413 1371 2465 unu
1395 2413 1443 2466 aa
1460 2412 1574 2466 conon
1589 2416 1677 2462 nen-
1721 2399 1722 2464 3

430 2501 491 2568 diga
508 2501 682 2570 Zumuthung.
701 2501 801 2568 (Briele
820 2501 867 2553 des
884 2499 983 2554 Graleu
1000 2500 1069 2552 Areo
1087 2515 1148 2552 vom
1166 2499 1200 2550 28
1217 2499 1274 2552 Juli
1291 2499 1346 2552 und
1368 2501 1504 2568 languet
1522 2501 1550 2550 in
1570 2493 1619 2550 den
1634 2497 1675 2548 Re·
1721 2479 1722 2566 l

430 2602 522 2652 mann
540 2587 677 2654 nonngsr
696 2591 718 2651 ι,
737 2590 795 2639 ιιι.
814 2590 877 2652 een
896 2587 934 2638 ne
953 2587 1014 2638 rin
1031 2589 1055 2650 a,
1076 2587 1138 2646 ιιο;
1158 2585 1222 2636 ran.
1242 2589 1265 2648 n,
1284 2585 1605 2650 eoo-s11.esr-sau)
1721 2569 1722 2638 l

499 2693 546 2743 Ich
564 2693 626 2759 llige
643 2691 700 2742 hier
717 2691 760 2742 die
778 2693 901 2742 waiteren
918 2690 1061 2743 Schreiben
1080 2691 1126 2741 des
1144 2691 1251 2742 Kaisers
1269 2705 1317 2742 ans
1335 2690 1425 2742 diesen
1442 2690 1538 2756 Tagen
1557 2688 1673 2750 hiennio
1721 2730 1722 2738 ,

431 2779 517 2830 deuon
534 2778 604 2829 allen
623 2777 758 2829 diuselben
771 2775 840 2841 jetzt
857 2793 890 2828 an
910 2777 954 2828 ihu
965 2777 1184 2828 herantretenden
1197 2775 1300 2844 Fragen
1311 2775 1475 2843 besproeheu
1488 2773 1602 2825 werden.
1619 2773 1674 2822 Dan

431 2865 460 2916 C.
479 2881 532 2916 von
549 2863 712 2930 Lothringen
730 2864 819 2914 wurde
838 2879 879 2914 am
899 2865 931 2914 30
949 2863 1004 2914 Juli
1024 2863 1153 2930 (concept
1170 2865 1196 2914 in
1215 2861 1245 2914 0.
1263 2864 1304 2924 Δ.)
1323 2867 1510 2929 genntwortet:
1612 2857 1635 2910 S.
1650 2857 1674 2907 C.

430 2951 491 3001 Mu·
504 2989 509 3002 .
523 2987 550 3002 ..
569 2950 699 3001 benevole
716 2949 847 3000 intellexit
864 2964 932 3014 quae
951 2950 1017 3000 RN·
1038 2951 1071 3002 D.
1086 2947 1115 3002 0.
1129 2949 1163 3001 de
1180 2949 1368 3016 Lethariugia.
1383 2985 1410 3000 ..
1428 2947 1472 2999 Me
1484 2947 1512 3000 S.
1526 2947 1557 2999 0.
1576 2946 1675 3011 depree-

430 3037 499 3088 senti
516 3051 602 3088 rerum
620 3036 801 3088 conciliarium
819 3041 890 3088 statu
907 3038 989 3102 primo
1008 3053 1054 3102 per
1072 3038 1225 3104 episcopum
1238 3035 1447 3088 Chanadieusem
1465 3034 1673 3087 benerolsenun·

432 3124 512 3174 cievit
534 3127 560 3172 et
584 3127 677 3188 postea
700 3123 779 3172 etiam
802 3137 849 3188 per
872 3129 1000 3174 oratorem
1028 3125 1096 3190 regis
1124 3123 1203 3174 Chr⁸¹¹
1227 3123 1302 3174 Rm¹¹¹²¹
1327 3124 1479 3188 episcopum
1504 3121 1672 3173 Redonemen

431 3206 572 3274 significari
590 3209 693 3260 curarit
705 3245 711 3258 .
725 3246 752 3260 ..
771 3207 869 3259 accidit
887 3213 975 3259 autem
993 3207 1036 3259 Ml
1048 3209 1074 3260 S.
1094 3209 1123 3262 O.
1142 3208 1362 3268 molestissimum,
1382 3208 1452 3258 ΒΜ
1465 3209 1498 3258 D.
1513 3208 1545 3258 N.
1562 3207 1604 3257 vel
1619 3204 1673 3255 alios

432 3309 601 3361 quoacunque
619 3297 756 3359 tantopere
774 3294 881 3345 studere
901 3295 1014 3346 concilio
1033 3310 1111 3360 quam
1131 3295 1267 3346 celerrime
1285 3293 1412 3357 finiendo,
1430 3299 1460 3345 ut
1479 3296 1561 3345 etiam
1581 3308 1626 3359 per
1644 3291 1673 3339 iu·
1721 3277 1722 3320 l

432 3380 546 3432 directas
564 3381 621 3432 vias
640 3385 665 3430 et
683 3381 773 3432 nascio
791 3377 887 3446 quibus
905 3381 1004 3432 artibus
1021 3381 1048 3430 id
1067 3381 1193 3447 consequi
1211 3383 1376 3433 tentaverint.
1396 3379 1469 3431 dolet
1485 3385 1576 3431 autem
1593 3375 1635 3428 Μ’*
1653 3373 1674 3424 S·

431 3466 460 3520 G.
480 3468 596 3532 inprimis
614 3466 685 3532 quod
703 3467 730 3516 in
748 3467 827 3517 rebus
846 3465 942 3516 divinis
960 3471 1061 3517 tentum
1078 3467 1179 3532 pollere
1199 3466 1313 3517 debeant
1336 3466 1447 3517 consilia
1470 3466 1586 3517 humana
1601 3463 1674 3530 privs·

431 3558 512 3618 taque
529 3552 677 3616 commoda,
695 3557 725 3604 ut
741 3554 773 3603 iis
792 3552 837 3604 illa
855 3568 923 3618 qnae
935 3553 970 3604 ad
987 3554 1097 3619 gloriam
1115 3553 1159 3604 dei
1177 3559 1203 3604 et
1220 3553 1255 3605 ad
1273 3553 1384 3604 salutm
1407 3553 1543 3619 publicam
1560 3555 1673 3617 spectent

430 3640 529 3690 turbari
547 3645 574 3690 et
590 3639 709 3705 impediri
726 3654 835 3690 necesse
854 3641 971 3702 rituam
989 3656 1041 3705 quo
1059 3641 1142 3707 magde
1161 3639 1342 3703 contendimus
1365 3655 1412 3706 per
1435 3641 1522 3690 avios.
1538 3637 1616 3689 calles
1640 3650 1671 3685 sa·

430 3727 504 3791 sequi
523 3725 637 3776 humana
654 3729 743 3775 uestra
761 3726 887 3788 instituta,
906 3741 937 3775 so
956 3727 1040 3776 minus
1058 3728 1158 3792 petiae
1176 3728 1203 3777 in
1221 3726 1399 3792 spiritualibus
1421 3740 1439 3776 a
1465 3725 1516 3776 deo
1536 3723 1567 3776 Ο.
1585 3723 1617 3775 ll
1636 3737 1672 3770 [ιο-
1721 3779 1722 3788 ,

430 3811 472 3862 his
490 3817 551 3862 sunt
568 3809 740 3878 expectanda.
764 3827 812 3862 suu
830 3812 935 3877 quidem
955 3811 984 3862 C.
1002 3809 1062 3862 M⁸⁸¹
1081 3813 1206 3863 haelenae
1225 3815 1296 3863 omni
1314 3811 1401 3863 studio
1420 3811 1474 3879 egit
1496 3828 1532 3863 ne
1550 3809 1670 3862 concilium
1721 3809 1722 3814 ’

431 3898 516 3966 longis
533 3899 689 3966 ambagibus
707 3897 928 3964 dilationibusque
947 3899 1135 3963 extraheretur,
1153 3899 1201 3950 sed
1218 3905 1344 3965 qnantum
1367 3895 1424 3949 teri
1442 3903 1533 3964 posset
1551 3907 1669 3964 promore-

431 3990 502 4035 retur
519 3990 546 4034 st
563 3984 598 4034 ad
614 3984 693 4036 duem
716 3983 904 4047 deduceretur,
929 3984 1140 4050 quandoquidem
1165 3985 1333 4036 observatum
1358 3989 1399 4035 est
1422 3984 1571 4036 huiuamodi
1588 3993 1668 4032 nonu

431 4075 458 4122 et
476 4071 555 4138 longa
572 4071 718 4122 sessionum
736 4069 876 4121 intervalla
894 4071 951 4122 orbi
970 4069 1112 4122 christiano
1130 4086 1252 4138 magnum
1270 4071 1397 4138 praebere
1415 4070 1569 4122 scandalum
1585 4074 1610 4120 et
1623 4066 1667 4133 plu·

430 4159 523 4210 simum
540 4172 638 4208 nocere
656 4156 777 4207 ecclesiia
795 4170 863 4224 quae
881 4155 983 4208 tamdiu
1001 4155 1090 4208 debito
1110 4159 1294 4223 episcoporum
1312 4161 1339 4208 et
1362 4161 1495 4223 pastorum
1520 4171 1618 4209 suorum
1636 4167 1667 4200 ee·

431 4244 495 4296 latio
513 4257 604 4294 carere
623 4248 760 4310 coguntur,
777 4245 929 4310 praesertim
943 4260 1004 4294 cum
1021 4245 1070 4310 ipsi
1089 4245 1204 4311 episcopi
1223 4250 1250 4294 et
1260 4249 1378 4309 pastores
1390 4245 1446 4294 sine
1458 4243 1570 4294 utilitate
1580 4238 1666 4308 publica

431 4337 568 4397 tantopere
586 4329 697 4396 fatigare
715 4329 873 4382 viderentur.
892 4329 940 4381 sad
959 4329 1017 4379 Μὴ·
1037 4329 1064 4382 S.
1084 4329 1113 4381 0.
1132 4345 1185 4380 non
1203 4331 1240 4380 ita
1257 4330 1341 4380 voluit
1358 4331 1404 4380 ant
1420 4327 1523 4380 studuit
1534 4335 1665 4395 promouere

431 4433 597 4485 progressum
615 4415 722 4468 concilii
739 4421 769 4466 ut
786 4418 924 4483 praecipiti
944 4431 1021 4467 cursu
1044 4415 1077 4468 ad
1101 4415 1177 4467 finem
1197 4423 1344 4482 raperetur,
1368 4415 1415 4466 sed
1439 4414 1529 4468 debito
1551 4412 1622 4464 modo
1640 4419 1664 4456 te

432 4505 523 4556 ordine
541 4502 740 4566 absolveretur,
763 4517 816 4554 non
840 4505 911 4568 prius
934 4517 1012 4569 quam
1038 4505 1125 4554 omnia
1147 4517 1258 4569 quorum
1285 4517 1367 4554 eamn
1388 4501 1506 4568 modus
1523 4497 1665 4552 conradet

431 4595 592 4658 pertractata
609 4596 637 4642 et
654 4589 780 4642 conclusa
798 4589 922 4652 fuissent,
946 4589 1019 4640 nulla
1041 4605 1070 4641 re
1092 4591 1119 4640 in
1143 4589 1223 4641 dubio
1246 4588 1339 4640 relicta
1361 4587 1405 4639 vel
1427 4588 1531 4640 silentio
1548 4582 1665 4652 praeterite

431 4693 500 4747 quae
519 4676 722 4729 declarationem
743 4681 769 4726 at
781 4675 958 4728 definitionem
971 4678 1122 4744 requireret.
1140 4678 1198 4744 quis
1211 4677 1280 4728 enim
1292 4692 1344 4728 non
1357 4681 1476 4726 cerneret
1487 4679 1664 4741 praepropera¹¹²

433 4764 538 4815 concilii
557 4765 654 4814 exitrrm
671 4766 759 4830 potius
768 4765 931 4830 abruptionis
950 4767 977 4814 at
994 4763 1176 4815 dissolutionis
1193 4778 1272 4830 quarn
1290 4761 1465 4814 conclusionis
1482 4761 1591 4828 speciem
1606 4751 1662 4803 hebi·

432 4857 518 4900 turum
542 4864 575 4900 ae
599 4851 681 4900 satius
704 4851 819 4900 futurum
841 4849 922 4901 fuisse
946 4849 1017 4916 quod
1041 4850 1181 4901 concilium
1204 4865 1336 4916 nunquam
1358 4849 1450 4899 fuisset
1469 4851 1596 4913 coeptum,
1618 4851 1661 4886 tu·

432 4935 506 4986 nulia
523 4937 666 4986 necessitas
684 4940 785 4986 tautam
802 4935 995 4988 festinationem
1012 4943 1112 5002 urgeat.
1132 4941 1158 4986 et
1176 4939 1298 5002 quoniam
1322 4935 1392 4986 idem
1409 4935 1476 4985 13²·
1496 4935 1528 4985 D.
1545 4923 1660 4982 cardiml'fl

433 5021 547 5072 ostendit
564 5021 614 5072 sibi
632 5022 666 5072 ob
685 5022 753 5075 haue
772 5036 878 5076 mutarn
896 5037 912 5075 a
929 5037 1030 5075 sommo
1042 5021 1166 5089 pontifice
1184 5023 1302 5075 oblatm
1314 5037 1374 5074 esee
1385 5021 1544 5091 legationem
1554 5021 1579 5070 in
1591 5011 1660 5068 thlll
