3498 5818
331 676 392 740 erit
412 674 564 761 ponenda
585 695 684 761 opera
710 681 743 740 et
770 694 865 740 omne
895 671 1118 740 collocandum
1146 669 1287 738 sardium
1315 694 1357 738 ne
1370 679 1558 758 'propterea
1585 693 1663 738 con·

335 777 443 844 cilium
466 777 570 864 ipsum
593 777 740 864 protinus
763 775 889 862 absque
910 775 1018 841 fructu
1041 773 1247 841 dissolvatur.

433 879 478 946 Ει
499 881 533 944 in
555 880 666 966 primis
694 877 887 946 admonendi
911 887 1004 944 erunt
1031 887 1141 966 patres
1171 878 1206 942 in
1233 874 1323 942 illum
1354 886 1520 954 eventum,
1552 877 1582 942 ai
1611 877 1668 964 qui

332 983 396 1050 sint
417 981 543 1048 articuli
565 983 787 1048 sanctissimae
807 980 972 1067 religionis
1002 991 1131 1048 nocuae
1153 981 1232 1046 iuris
1254 979 1386 1065 positivi
1408 979 1441 1044 in
1463 979 1580 1066 quibus
1603 979 1668 1044 hoc

331 1085 519 1172 perturbato
541 1099 649 1150 rerum
671 1093 704 1150 et
724 1093 905 1170 temporum
926 1091 1012 1150 statu
1033 1085 1073 1148 iis
1097 1084 1153 1172 qui
1174 1105 1239 1148 nou
1262 1089 1337 1150 sunt
1363 1082 1397 1148 in
1417 1082 1483 1150 fids
1506 1080 1669 1146 catholica

333 1209 434 1274 usque
457 1187 539 1253 adeo
561 1189 646 1254 firmi
668 1196 724 1252 aut
745 1187 903 1273 profunde
926 1186 1027 1268 docti,
1056 1185 1181 1273 aliquid
1210 1187 1344 1252 concedi
1373 1193 1500 1273 posset,
1524 1182 1669 1270 quodid

330 1291 374 1356 ad
395 1289 622 1356 continendam
646 1313 685 1355 ac
708 1289 965 1356 conservandam
987 1289 1170 1376 imperitam
1191 1287 1320 1374 plebem
1343 1290 1377 1354 in
1399 1287 1488 1354 cultu
1501 1285 1668 1372 religionis

331 1392 509 1458 catholicae
533 1401 564 1458 et
586 1392 619 1458 in
643 1391 818 1480 disciplina
841 1390 1000 1480 catholica
1014 1390 1189 1478 plurimum
1204 1391 1401 1460 conduceret
1413 1401 1446 1456 et
1459 1411 1668 1477 nequaquam

332 1496 437 1562 omitti
458 1493 598 1561 deberet
633 1495 720 1582 quod
742 1504 851 1560 autem
871 1495 986 1560 attinet
1007 1494 1049 1560 ad
1072 1503 1196 1564 ceteros
1219 1493 1412 1560 christianae
1433 1503 1466 1562 et
1487 1493 1670 1560 catholicae

330 1597 495 1684 religionis
522 1607 652 1664 nostrae
674 1595 826 1664 articulos
850 1599 906 1684 qui
926 1597 1057 1664 stabiles
1089 1605 1122 1662 et
1148 1607 1304 1685 perpetuo
1332 1597 1416 1662 firmi
1445 1619 1516 1662 esse
1547 1595 1670 1662 debent

331 1723 393 1766 nec
414 1702 448 1766 iu
475 1698 573 1766 ullam
596 1709 719 1788 partem
741 1699 827 1766 flecti
857 1709 913 1766 aut
939 1700 1101 1767 moderari
1128 1701 1197 1766 sine
1220 1699 1330 1766 salutis
1352 1698 1497 1787 periculo
1518 1707 1667 1786 possunt,

330 1812 472 1869 oratores
494 1803 595 1869 nostri
618 1802 705 1889 apud
727 1812 835 1890 patres
857 1813 955 1888 agent
976 1805 1065 1868 utin
1089 1803 1160 1890 ipso
1188 1801 1326 1870 concilio
1358 1823 1475 1888 corpus
1502 1800 1669 1888 quoddam

331 1905 499 1972 doctrinae
522 1905 716 1972 christianae
737 1904 791 1972 vel
813 1906 984 1972 summarie
1006 1905 1060 1970 vel
1074 1905 1221 1992 plenarie
1235 1903 1289 1971 vel
1305 1914 1443 1992 utroque
1457 1903 1553 1971 modo
1569 1914 1669 1993 prout

331 2007 475 2094 patribus
498 2007 743 2076 consultissimis
765 2007 928 2075 videbitur
949 2017 1161 2094 componatur
1181 2018 1214 2074 et
1227 2007 1358 2096 publice
1371 2008 1405 2072 in
1419 2005 1525 2074 lucem
1541 2007 1667 2090 edatur,

334 2111 376 2176 ad
399 2111 485 2197 qnod
506 2111 657 2176 nimirum
679 2110 827 2177 doctores
847 2109 981 2198 parochi
1001 2113 1244 2178 concionatores
1264 2133 1303 2176 ac
1317 2111 1463 2197 magistri
1477 2120 1511 2176 et
1523 2119 1667 2176 rectores

332 2212 515 2280 scholarum
537 2213 571 2278 in
593 2212 673 2279 locis
695 2213 752 2280 ubi
774 2213 881 2280 adhuc
902 2212 1016 2299 religio
1045 2223 1155 2280 nostra
1186 2211 1346 2282 catholica
1376 2213 1466 2298 viget
1488 2211 1667 2278 existentes

334 2337 406 2382 sese
427 2314 639 2382 accomodare
662 2316 754 2402 eique
783 2315 818 2380 in
840 2314 1036 2383 instituenda
1057 2314 1154 2402 plebe
1176 2324 1209 2382 et
1230 2317 1398 2382 iuventute
1420 2324 1486 2380 tam
1508 2336 1567 2401 pro
1591 2333 1665 2399 sug-

332 2429 427 2505 gestu
448 2427 481 2482 et
502 2420 534 2484 in
557 2417 760 2484 contionibus
783 2439 880 2504 quam
900 2418 935 2482 in
964 2415 1082 2483 scholis
1109 2426 1224 2484 contra
1251 2417 1455 2486 adversarios
1484 2415 1665 2482 catholicae

331 2520 496 2609 religionis
519 2531 552 2588 et
572 2521 745 2608 reprobata
766 2519 917 2606 dogmata
938 2521 1087 2586 insistere
1108 2529 1141 2587 et
1161 2521 1255 2586 inniti
1276 2529 1405 2608 queant

433 2625 510 2690 Pan’
533 2647 662 2712 quoque
685 2621 852 2710 diligentia
873 2622 1033 2690 cauabant
1053 2633 1197 2690 oratores
1221 2633 1253 2688 et
1274 2624 1487 2690 commissarii
1508 2622 1613 2688 nostri
1627 2631 1664 2688 ut

331 2735 380 2792 tot
400 2735 433 2792 et
453 2735 519 2792 tam
541 2726 689 2793 diversae
712 2735 821 2793 sectae
843 2728 877 2792 in
900 2747 979 2814 quas
1001 2725 1064 2792 boc
1086 2735 1230 2813 tempore
1252 2727 1444 2792 christiam
1467 2725 1554 2793 orbis
1567 2725 1662 2792 mise·

330 2829 468 2896 randum
489 2829 522 2894 in
545 2829 674 2896 modum
698 2829 878 2916 discerptus
893 2851 964 2894 esse
979 2829 1186 2916 dignoscitur,
1210 2828 1359 2896 omnibus
1374 2827 1557 2896 hominibus
1572 2839 1662 2916 pate

331 2933 410 2998 fiant
440 2953 479 2998 ac
502 2931 747 3018 cognoscendae
769 2939 999 3019 proponantur,
1022 2941 1056 2998 et
1076 2941 1113 2996 ut
1134 2931 1308 2998 christiano
1330 2929 1450 3019 populo
1473 2930 1664 2998 ostendatur

332 3037 428 3102 certis
450 3043 482 3100 et
503 3036 565 3122 piis
586 3033 764 3102 rationibus
786 3034 829 3100 ad
852 3033 979 3100 oculum
1002 3034 1080 3123 quid
1100 3035 1135 3100 in
1161 3057 1228 3102 una
1249 3055 1378 3122 quaque
1399 3043 1488 3102 secta
1509 3035 1589 3100 boni
1610 3033 1663 3101 vel

331 3137 408 3204 mali
434 3137 547 3218 lateat,
581 3137 659 3225 quid
690 3159 732 3203 cx
761 3159 800 3202 ea
826 3137 1047 3224 recipiendum
1075 3146 1108 3204 et
1135 3138 1213 3225 quid
1244 3147 1376 3204 econtra
1407 3136 1575 3204 vitandum
1608 3136 1663 3202 rei

331 3239 520 3325 fugiendum
541 3242 590 3325 sit,
613 3250 649 3305 ut
671 3240 806 3306 detectis
828 3241 952 3306 insidiis
975 3239 1110 3328 quilibet
1131 3241 1194 3308 sibi
1216 3263 1333 3308 cavere
1354 3239 1458 3308 discat
1478 3263 1520 3307 ne
1541 3261 1563 3306 a
1578 3263 1663 3308 com-

331 3344 483 3408 munione
497 3343 528 3410 S.
545 3344 657 3410 matris
680 3343 835 3409 ecclcsiae
860 3366 894 3408 se
916 3345 1023 3431 ipsum
1044 3343 1232 3430 imprudens
1254 3365 1294 3412 ac
1308 3353 1428 3410 temere
1444 3353 1581 3431 separet,
1598 3365 1662 3432 quo

330 3445 460 3512 nudem
494 3455 581 3512 certa
614 3455 646 3512 et
677 3446 770 3512 firma
802 3444 911 3533 aliqua
937 3446 1102 3512 doctrinae
1130 3447 1212 3514 ratio
1245 3447 1278 3510 in
1306 3455 1498 3534 perpetuum
1527 3455 1662 3512 constet.

330 3557 499 3638 praetcrea
519 3547 599 3614 illud
622 3549 719 3614 etiam
741 3571 807 3614 non
828 3551 944 3616 minori
967 3571 1047 3616 cura
1067 3573 1107 3617 ac
1128 3551 1234 3618 studio
1249 3550 1338 3638 apud
1351 3557 1460 3637 patres
1476 3551 1510 3616 in
1525 3548 1663 3616 concilio

332 3671 390 3738 per
410 3651 556 3739 prefatos
579 3661 722 3718 oratores
738 3674 777 3718 ac
792 3653 1028 3718 commissarios
1044 3662 1170 3720 nostros
1185 3653 1295 3740 urgeri
1308 3651 1467 3731 volumus,
1482 3661 1519 3718 ut
1532 3650 1664 3718 tollatur

331 3763 364 3820 et
385 3756 565 3840 corrigatur
581 3753 740 3842 quicquid
754 3755 787 3820 in
801 3755 1028 3822 traditionibus
1044 3757 1234 3824 ceremoniis
1248 3779 1288 3821 ac
1302 3755 1418 3822 ritibus
1433 3753 1662 3822 ecclesiasticis

330 3858 474 3944 irrepsit,
505 3857 592 3944 quod
613 3855 667 3924 vel
694 3859 952 3944 superstitiosum
978 3857 1099 3924 situel
1127 3857 1208 3924 alias
1240 3857 1303 3924 hoc
1333 3856 1519 3924 turbulento
1552 3855 1662 3922 seculo

329 3959 486 4047 populum
509 3960 663 4026 scandalo
685 3961 794 4046 potius
815 3960 961 4026 involvat
983 3982 1081 4048 quam
1104 3960 1261 4026 aedificet

432 4062 475 4128 Et
494 4065 685 4149 praesertim
706 4064 768 4150 ipsi
790 4073 934 4128 oratores
956 4072 988 4128 et
1010 4063 1220 4128 commissarii
1241 4064 1343 4128 nostri
1365 4085 1405 4128 ea
1426 4084 1492 4149 qua
1512 4062 1662 4128 noverint

330 4164 522 4230 dexteritate
543 4174 652 4251 patres
672 4166 706 4230 in
729 4164 865 4232 concilio
887 4165 1011 4232 futuros
1034 4165 1172 4232 subinde
1194 4165 1380 4248 monebunt,
1404 4163 1660 4253 quotiescunque

330 4265 454 4333 scilicet
475 4266 528 4332 vel
551 4268 678 4333 occasio
701 4291 736 4333 se
759 4266 912 4334 obtulerit
932 4266 986 4333 vel
1007 4269 1184 4334 necessitas
1207 4269 1355 4354 exegerit
1375 4267 1429 4334 vel
1450 4266 1573 4334 utilitas
1590 4289 1659 4334 sua

330 4371 416 4453 serit,
439 4371 674 4436 communicata
696 4371 793 4436 etiam
815 4393 850 4436 re
874 4393 947 4436 cum
970 4379 1149 4436 ceterorum
1176 4393 1290 4456 regum
1316 4393 1355 4436 ao
1383 4379 1608 4458 potentatuum
1630 4379 1660 4435 et

329 4471 471 4536 maxime
487 4470 576 4538 Serun
602 4473 727 4559 nepotis
747 4475 848 4539 nostri
870 4475 956 4558 regis
971 4471 1121 4538 catholici
1136 4473 1326 4555 oratoribus,
1343 4483 1380 4538 ut
1393 4473 1541 4540 omnibus
1556 4473 1659 4538 modis

329 4573 386 4638 fiat
411 4574 559 4660 rigorosa
588 4583 621 4640 ct
641 4576 799 4640 canonica
819 4575 1004 4640 reformatio
1027 4595 1152 4640 morum
1173 4576 1208 4642 in
1230 4583 1368 4664 utroque
1389 4575 1556 4642 bominum
1578 4585 1659 4642 statu

330 4685 364 4741 ct
384 4678 559 4763 praecipue
582 4675 800 4744 ecclesiastico
815 4685 969 4764 tanquam
986 4677 1141 4764 digniore,
1166 4679 1222 4766 qui
1246 4677 1423 4746 secularem
1445 4677 1597 4765 exemplo
1619 4677 1659 4744 ad

330 4778 564 4845 emendandam
593 4781 693 4844 vitam
723 4789 756 4846 et
786 4779 1029 4866 amplectendas
1056 4781 1194 4848 virtutes
1228 4782 1362 4848 incitare
1396 4791 1429 4847 et
1460 4781 1658 4848 inflammare

330 4879 435 4947 debet
470 4905 533 4968 qua
566 4882 694 4969 quidem
732 4882 959 4949 reformatione
987 4905 1061 4949 cum
1088 4883 1184 4950 Italia
1212 4893 1246 4950 et
1273 4885 1346 4971 ipsa
1365 4907 1495 4972 quoque
1516 4885 1659 4950 Romana

331 4983 421 5049 curia
442 4984 575 5072 perinde
597 5005 636 5050 ac
659 4984 835 5052 Germania
856 4996 890 5052 et
910 4983 1055 5073 reliquae
1076 4989 1223 5054 nationes
1245 4987 1440 5054 christianae
1465 4986 1658 5074 reipublicae
