3512 5838
347 675 394 744 dii
415 695 538 744 moram
565 673 732 758 excludat,
767 671 927 761 siqnidem
958 671 1141 738 huiusmodi
1168 667 1255 736 mala
1282 667 1370 736 haud
1391 666 1488 734 dubie
1502 689 1546 734 eo
1568 667 1675 754 magis

352 802 422 847 sese
444 778 654 844 insinuabunt
675 786 708 844 et
728 777 935 860 invalescent,
958 799 1021 864 quo
1046 775 1166 843 diutius
1189 774 1256 841 8¹²²·
1278 773 1320 839 D.
1341 773 1382 839 N.
1409 795 1450 840 aa
1469 794 1540 838 una
1562 771 1671 838 nobis

351 906 424 950 cum
446 891 592 949 avertere
615 891 648 947 et
668 878 859 967 propulsare
874 881 1059 962 cessaverit,
1082 902 1140 946 nos
1156 888 1192 944 ut
1206 877 1416 944 christianum
1431 886 1463 942 et
1479 873 1677 941 catholicum

351 988 578 1074 imperatorem
600 1007 641 1049 ac
662 1006 771 1070 regem
794 1006 852 1071 pro
876 983 972 1048 officii
1000 984 1101 1048 nostri
1133 981 1242 1048 debito
1271 1002 1332 1047 nec
1358 980 1502 1067 potuisse
1533 999 1600 1042 nec
1624 977 1677 1044 de-

351 1091 460 1157 buisse
486 1087 739 1176 praetermittere
769 1088 846 1172 quin
869 1085 933 1150 8²⁸¹*
956 1087 1025 1150 eius
1055 1084 1307 1171 impendentium
1342 1081 1563 1172 periculorum
1590 1103 1679 1148 reve·

350 1203 456 1260 renter
479 1191 722 1258 admoneremus
745 1188 838 1254 etde
860 1189 923 1254 hec
942 1190 1077 1273 negocio
1106 1187 1194 1275 quod
1214 1210 1279 1252 non
1301 1198 1349 1252 est
1370 1209 1490 1252 novum
1512 1199 1549 1252 et
1571 1211 1594 1252 a
1616 1210 1676 1274 quo

351 1319 416 1364 non
436 1294 586 1362 videntur
607 1294 704 1358 etiam
726 1292 826 1358 fuisse
849 1291 945 1357 alieni
967 1290 1016 1357 δ”·
1040 1313 1118 1356 suae
1139 1291 1415 1378 praedecessores,
1438 1313 1511 1356 curn
1543 1289 1591 1355 8¹·
1613 1292 1679 1355 eius

352 1422 410 1487 per
431 1409 463 1465 te
484 1419 595 1464 nereus
618 1419 796 1481 ageremus,
817 1419 882 1462 non
904 1396 1051 1463 obstante
1074 1395 1161 1482 quod
1184 1393 1238 1460 δ”·
1260 1396 1328 1462 eius
1355 1395 1434 1460 illud
1463 1394 1608 1460 antehac
1636 1394 1676 1458 ad

352 1501 474 1589 legatos
498 1523 571 1566 suos
594 1501 628 1564 in
650 1499 786 1566 coneilio
808 1500 982 1584 remiserit;
1005 1509 1055 1565 est
1077 1501 1161 1565 enim
1183 1498 1247 1566 tale
1268 1499 1438 1586 negocium
1462 1494 1554 1587 quod
1569 1505 1677 1562 nostro

352 1605 471 1672 iudicio
493 1627 557 1670 non
579 1603 622 1668 ad
644 1603 771 1669 concilii
787 1602 1094 1679 determinationem,
1115 1601 1174 1669 sed
1189 1602 1231 1667 ad
1246 1602 1475 1690 benignitatem
1490 1611 1524 1666 et
1539 1603 1676 1686 gratiam

353 1708 402 1775 8²²·
424 1707 457 1774 Β.
480 1709 626 1794 pertinet.
650 1715 747 1793 atque
769 1705 890 1772 idcirco
913 1728 972 1772 nos
994 1705 1057 1771 8¹⁶·
1076 1707 1145 1772 eius
1167 1727 1290 1771 summo
1313 1705 1419 1772 studio
1442 1707 1677 1796 impensissime

351 1835 468 1898 rogare
490 1820 548 1876 ut.
565 1857 596 1875 ..
631 1808 780 1898 dignetur
807 1809 953 1896 praefate
982 1809 1226 1897 archiepiscopo
1255 1810 1409 1897 Pragensi
1436 1813 1577 1899 eiusque
1607 1831 1675 1874 suc·

354 1914 535 1984 sessoribus
558 1914 626 1979 sive
647 1933 707 2001 per
728 1913 858 1978 modum
880 1911 1128 1999 dispensationis
1152 1915 1220 1978 sive
1234 1936 1293 1999 per
1308 1915 1548 1980 conniventiam
1564 1923 1675 2000 etper·
1729 1949 1730 1972 ι

352 2019 535 2086 missionem
565 2018 705 2102 gratiose
733 2015 910 2082 concedere
937 2017 1070 2102 petitam
1099 2015 1237 2082 antehac
1263 2016 1450 2084 facultatem
1478 2019 1585 2083 sacris
1619 2017 1672 2080 ini·

353 2120 453 2188 tiandi
475 2128 507 2186 et
529 2119 698 2186 ordinandi
720 2142 778 2204 per
799 2141 834 2184 se
856 2119 943 2205 ipsos
967 2118 1018 2184 vel
1041 2119 1261 2205 suffraganeos
1283 2142 1358 2186 suos
1379 2123 1413 2186 in
1439 2143 1545 2208 regno
1568 2129 1671 2186 nostro

353 2224 527 2292 Bobemiae
550 2233 583 2288 et
603 2223 739 2288 annexis
762 2245 801 2287 ao
823 2223 1004 2288 coniunctis
1027 2224 1056 2288 ei
1077 2225 1267 2308 provinciis,
1296 2233 1411 2310 utputa
1431 2224 1602 2306 Moravia,
1631 2220 1672 2286 Si·

353 2329 433 2394 lesia
455 2338 487 2394 et
509 2328 653 2404 Lusatia,
670 2323 853 2390 sacerdotes
877 2349 957 2414 quos
979 2335 1097 2392 vocant
1119 2325 1299 2392 Onlixtinos
1315 2375 1322 2391 .
1338 2375 1370 2394 ..

456 2430 563 2512 Quam
586 2451 663 2494 sane
684 2429 871 2494 laoultatem
894 2431 920 2494 si
942 2428 997 2494 8⁸⁸¹
1020 2451 1080 2496 sua
1103 2429 1188 2495 dicto
1215 2430 1458 2518 archiepiscopo
1487 2440 1522 2496 et
1553 2449 1671 2494 succee

353 2535 480 2602 aeribus
502 2535 570 2600 eius
603 2533 754 2600 eltemtro
781 2535 998 2621 suprascripto
1026 2533 1124 2601 modo
1153 2537 1419 2601 concesserit...
1448 2555 1509 2599 nos
1547 2532 1586 2599 8⁸¹
1609 2533 1669 2597 cias

353 2659 544 2726 persuasum
576 2659 647 2706 csse
674 2637 772 2714 velle,
806 2636 892 2724 quod
919 2637 953 2702 id
981 2638 1124 2704 futurum
1146 2639 1186 2704 sit
1214 2659 1294 2724 opus
1318 2638 1366 2704 ΒΨ
1388 2661 1466 2704 snae
1489 2647 1524 2704 et
1546 2645 1670 2702 senene

355 2739 550 2828 apostolicae
572 2739 657 2806 sedis
680 2738 890 2826 amplitudine
919 2739 1141 2827 dignissimum
1170 2765 1208 2806 ac
1234 2765 1335 2828 regno
1364 2751 1471 2810 nosne
1500 2741 1669 2807 Bohemiac

355 2845 554 2931 caeterisque
577 2845 713 2910 annexis
734 2845 909 2929 provinciis
937 2847 1208 2931 supranominatis
1235 2869 1299 2912 nou
1327 2847 1430 2910 minus
1457 2843 1667 2910 necessarium

355 2969 452 3036 quam
473 2947 552 3012 utile
572 2968 612 3012 ac
634 2945 884 3014 commodum..
901 2995 909 3010 .
933 2948 981 3010 sin
1005 2958 1112 3013 autem
1135 2947 1190 3014 8²⁵·
1206 2951 1275 3016 eius
1290 2948 1379 3014 hisce
1392 2948 1546 3036 precibus
1561 2946 1667 3012 nostris

354 3074 419 3118 non
441 3051 664 3116 emeritense
686 3049 905 3133 annuendum,
933 3050 966 3116 id
993 3050 1081 3137 quod
1107 3053 1236 3117 minime
1264 3061 1487 3139 expectemus,
1510 3063 1590 3116 tnnc
1610 3047 1666 3113 8⁸⁸⁰

355 3156 425 3220 eius
446 3155 575 3240 reipsa
596 3161 801 3242 experturam
823 3175 940 3242 magno
963 3176 1036 3220 cum
1058 3155 1215 3222 ecclesiae
1245 3155 1421 3222 catholicae
1450 3153 1620 3242 dispendio
1638 3157 1665 3216 et

354 3260 480 3347 piorum
502 3261 642 3326 omnium
665 3257 790 3336 dolore,
820 3257 905 3346 quod
928 3257 1082 3324 Calixtini
1110 3259 1246 3346 posthac
1276 3260 1460 3326 sacerdotes
1488 3281 1567 3324 suos
1593 3277 1666 3322 cous·

355 3363 509 3430 mercium
537 3385 610 3428 cum
639 3362 679 3428 iis
701 3363 757 3449 qui
777 3364 904 3448 penitus
928 3371 1005 3427 sunt
1026 3365 1156 3428 sectarii
1177 3365 1258 3429 inire
1279 3365 1441 3452 patientur
1468 3373 1501 3428 et
1521 3360 1665 3451 paulatim

355 3467 390 3531 in
411 3465 481 3531 aliis
504 3488 633 3554 quoque
656 3464 799 3532 articulis
821 3465 863 3531 ab
894 3463 1031 3532 ecclesia
1058 3466 1217 3533 catholica
1239 3467 1409 3534 dissentire
1429 3466 1584 3553 incipient
1606 3473 1664 3528 ten·

357 3568 495 3656 demque
516 3568 613 3656 plene
636 3568 792 3651 deficient,
815 3568 871 3634 alii
893 3592 969 3636 vero
993 3569 1210 3636 miserandum
1231 3571 1266 3635 in
1289 3569 1419 3636 modum
1434 3572 1521 3635 omni
1544 3585 1663 3657 prorsus

357 3673 536 3738 sacerdotio
559 3681 591 3740 et
613 3672 703 3740 cultu
724 3671 833 3738 divino
857 3683 1002 3740 carentes
1018 3673 1087 3738 sine
1102 3676 1310 3740 sacramentis
1326 3673 1483 3740 decedent
1498 3683 1532 3738 et
1547 3673 1662 3738 demum
1729 3683 1730 3700 ¹

356 3775 485 3842 sublata
498 3777 532 3842 in
547 3777 730 3844 universum
745 3775 900 3862 religione
924 3775 1096 3842 christiana
1117 3779 1326 3864 paganismus
1340 3777 1570 3861 introducetur,
1585 3774 1662 3841 cuius

357 3879 435 3946 mali
450 3927 457 3944 .
475 3927 481 3944 .
497 3926 505 3944 .
528 3879 624 3967 culpe
645 3879 739 3946 nobie
761 3890 848 3946 certe
870 3880 1001 3946 attribui
1021 3903 1087 3946 non
1108 3883 1226 3966 poterit
1241 3929 1250 3945 .
1265 3927 1273 3944 .
1289 3932 1298 3946 .

492 4087 551 4156 Vgl.
570 4086 698 4140 Bucbolta
715 4089 740 4152 8,
760 4089 822 4149 lt8;
841 4087 1000 4140 Userwenlsa
1017 4091 1042 4152 2,
1060 4089 1118 4141 381.
1137 4089 1193 4140 Scit
1210 4089 1270 4140 dere
1287 4087 1432 4141 Eintreffen
1450 4088 1536 4142 dieser
1549 4089 1658 4148 Weisurg

362 4241 366 4248 1
423 4189 466 4225 arn
486 4175 517 4226 14
534 4175 636 4242 August
652 4175 775 4226 benntctc
793 4175 862 4226 Arce
881 4173 946 4238 jede
963 4173 1082 4226 Audiens
1106 4177 1149 4226 bei
1168 4175 1230 4226 Pius
1254 4175 1308 4226 und
1334 4176 1394 4228 dem
1417 4177 1448 4228 C.
1470 4177 1608 4228 Borromso
1624 4186 1657 4222 un

426 4259 468 4311 die
487 4257 572 4311 Sache
590 4277 624 4312 nu
643 4262 787 4312 betreiben.
805 4261 867 4312 Erat
885 4263 955 4313 hiess
974 4278 1009 4325 es,
1028 4277 1089 4312 man
1106 4267 1194 4312 mitsse
1211 4279 1246 4312 nn
1265 4264 1345 4313 breve
1363 4263 1430 4313 fatto
1443 4264 1471 4313 in
1491 4262 1548 4314 tale
1567 4257 1657 4310 metens

426 4345 453 4397 d
468 4358 585 4398 vescovo
605 4345 746 4398 Grechctto
765 4347 863 4399 cuchen
883 4347 946 4400 oder
963 4365 1016 4399 von
1034 4348 1131 4398 diesem
1148 4349 1271 4399 kommen
1289 4348 1383 4412 lasseu,
1402 4347 1451 4400 ebe
1467 4365 1530 4400 man
1542 4351 1596 4401 eine
1607 4345 1657 4394 Bul·

426 4431 572 4500 scheidtrng
587 4429 681 4483 trelien
697 4432 792 4485 kenne.
810 4433 924 4486 Endlicb
942 4433 1030 4484 vurde
1047 4431 1170 4501 fulgenda
1183 4435 1446 4500 Antwort(Arco,18
1459 4435 1542 4503 Sept)
1560 4429 1655 4486 ertbflillf

427 4518 531 4581 Quarto
542 4520 575 4572 at
592 4521 698 4586 negotio
717 4519 751 4570 dc
769 4520 893 4572 Galcstini
911 4519 937 4572 S.
957 4520 996 4570 8¹⁸
1011 4523 1044 4571 ω’
1054 4521 1089 4572 ha
1107 4521 1179 4572 detto
1198 4523 1247 4573 she
1264 4521 1290 4572 le
1306 4537 1377 4588 pare,
1396 4523 1548 4590 cbequema
1565 4514 1655 4574 cerasii

425 4607 567 4674 congicnta
585 4622 635 4658 con
652 4607 740 4674 quella
757 4606 828 4658 della
845 4609 1028 4660 commmitone
1045 4610 1094 4660 sub
1111 4615 1221 4674 armus
1239 4611 1336 4674 specie,
1365 4615 1391 4660 et
1419 4609 1467 4660 cha
1496 4612 1519 4660 si
1545 4603 1652 4676 potrebbe

427 4691 539 4744 differire
556 4691 609 4744 fino
628 4692 678 4744 else
696 4694 718 4743 si
736 4693 826 4744 risolvi
844 4694 939 4759 quella,
957 4693 984 4744 la
1001 4693 1078 4760 quale
1096 4694 1174 4745 vuele
1193 4693 1339 4745 concedere
1357 4711 1431 4746 come
1449 4695 1476 4744 fu
1492 4706 1608 4746 concessa
1621 4683 1653 4738 nel

427 4778 538 4830 concilio
557 4779 715 4842 Basiliense;
741 4779 788 4830 che
807 4779 1001 4831 l’arcivescovo
1020 4779 1046 4829 di
1065 4781 1150 4846 Praga
1176 4796 1192 4830 e
1218 4783 1244 4830 in
1262 4782 1357 4832 Trento
1380 4781 1406 4831 al
1430 4783 1583 4833 concilicet
1603 4775 1652 4830 cher
1729 4847 1730 4852 Ἰ

427 4864 600 4916 s'accadesse
625 4865 674 4916 che
699 4864 808 4917 derosae
836 4867 947 4932 partire,
985 4867 1204 4918 commcttcrebbe
1227 4866 1273 4917 alli
1301 4867 1380 4934 legati
1405 4869 1454 4919 che
1483 4868 1609 4920 vedessiuo
1632 4855 1651 4906 di

427 4951 555 5002 sodisfare
573 4966 590 5002 a
607 4951 638 5003 V.
657 4951 721 5004 iifl.
752 4953 778 5004 io
802 4953 871 5004 redo
894 4951 1051 5004 nondimeno
1076 4951 1125 5002 cbe
1150 4967 1225 5004 ceros
1245 4953 1271 5003 di
1287 4955 1443 5021 prolongare
1461 4963 1552 5022 questo
1569 4948 1650 5020 negotia

428 5045 526 5105 quanto
544 5053 605 5106 pao.
