3460 5826
1358 510 1419 575 tlt
1487 539 1490 548 ⁴

83 697 160 762 dem
187 699 260 763 lieri
284 694 370 787 quod
391 695 448 762 alii
469 698 577 762 varias
594 718 669 762 suas
687 699 931 784 imaginationes
948 705 980 764 et
994 699 1161 784 opiniones
1176 719 1235 764 seu
1249 705 1286 762 ut
1300 707 1419 765 vocant

84 801 261 867 discursus
281 823 370 869 more
384 803 489 890 gentis
512 799 643 868 Italicae
663 799 815 868 derebus
837 799 902 866 illis
925 802 1125 889 scripserint3
1148 801 1207 868 sed
1221 803 1421 890 experientia

81 915 224 971 constat
237 905 317 971 tales
333 905 497 971 discursus
508 927 740 992 saepenumero
756 915 822 971 toto
845 907 932 994 quod
952 907 1043 972 aiunt
1065 905 1157 972 coelo
1179 907 1262 972 arei
1283 905 1420 971 veritate

79 1009 256 1092 aberrare,
274 1032 374 1097 quare
388 1031 453 1076 non
468 1019 518 1075 est
533 1009 619 1098 quod
634 1010 695 1075 hiis
711 1031 794 1098 quae
810 1011 865 1075 alii
879 1010 1023 1077 scribunt
1034 1009 1130 1076 valde
1143 1011 1418 1076 commoveamini.

78 1121 263 1197 praeterea
285 1112 439 1200 singulari
461 1112 553 1179 nobis
576 1111 687 1179 dolore
710 1114 817 1179 affecit
839 1114 927 1202 quod
948 1113 1040 1180 vobis
1057 1135 1076 1180 a
1091 1113 1152 1178 1³⁰⁰
1171 1111 1335 1179 cardinale
1358 1113 1418 1177 Lo·

76 1217 275 1304 tharingiae
301 1225 425 1285 secreto
449 1219 719 1284 communicatum
740 1217 840 1284 fuisse
863 1216 1040 1302 ostenditis,
1072 1217 1143 1283 RQ·
1165 1215 1346 1283 cardinales
1374 1217 1418 1284 le·

76 1330 185 1407 gatos
209 1323 329 1388 veritos
344 1345 386 1388 ne
399 1320 508 1408 plures
530 1339 573 1388 ex
585 1321 732 1410 patribus
747 1324 971 1392 auctoritatam
993 1330 1026 1389 et
1047 1323 1238 1388 sententiam
1259 1319 1311 1386 pe.
1330 1319 1418 1386 illius

3 1489 5 1510 ,
76 1426 160 1490 R¹¹¹⁸⁸
190 1435 376 1513 sequantur,
409 1435 542 1493 conatos
564 1449 636 1492 esse
657 1426 704 1491 illi
725 1426 925 1501 familiariter
947 1425 1144 1513 persuadere
1166 1433 1202 1491 ut
1223 1426 1256 1490 in
1279 1423 1418 1490 Galliam

76 1528 223 1614 rediret,
246 1530 323 1618 qnia
344 1529 407 1598 hec
428 1528 587 1597 dictorum
609 1529 789 1618 legatorum
810 1532 990 1598 institutum
1012 1553 1051 1597 eo
1066 1530 1169 1596 tendit
1190 1538 1227 1595 ut
1248 1550 1342 1596 nemo
1364 1527 1417 1595 de·

76 1635 205 1722 inceps
228 1632 329 1700 libere
352 1636 541 1702 sententiam
563 1657 653 1700 suam
676 1632 783 1699 dicere
806 1631 934 1700 audeat.

194 1737 326 1804 Deinde
361 1761 426 1805 non
455 1759 625 1826 possumus
653 1738 730 1802 satis
762 1737 871 1802 mirari
899 1737 987 1825 qued
1018 1736 1156 1803 scribitis
1186 1735 1281 1802 isthic
1299 1701 1423 1823 'palam'
1527 1800 1528 1803 ,
1584 1773 1587 1780 ,

78 1843 292 1910 mrcnmferri
320 1866 379 1912 nos
411 1844 534 1910 Romae
568 1842 695 1910 concilii
725 1843 967 1928 suspensionem
995 1864 1182 1928 procurare,
1214 1864 1286 1907 cum
1316 1862 1357 1906 ne
1384 1841 1417 1905 in

78 1957 233 2014 mentem
256 1947 388 2037 quidem
409 1948 503 2015 nobis
525 1945 588 2014 tale
612 1948 778 2036 quippiam
799 1949 931 2028 venerit,
956 1945 1014 2012 sed
1035 1945 1191 2013 hactenus
1209 1968 1416 2034 progressum

79 2051 223 2118 concilii
245 2051 392 2119 omnibus
414 2051 519 2119 modis
540 2050 795 2140 promovendum
818 2053 1053 2141 susceperimus
1075 2049 1218 2141 nihilque
1240 2054 1343 2140 magis
1364 2073 1416 2116 cu·

78 2157 221 2241 piamus
244 2163 280 2221 ut
301 2155 445 2242 synodus
466 2157 528 2222 ista
549 2157 610 2222 rite
632 2155 857 2244 progrediatur
880 2165 912 2222 et
934 2155 1065 2222 tandem
1088 2178 1184 2242 quem
1207 2177 1317 2222 omnes
1338 2155 1417 2222 boni

77 2257 280 2326 desiderant
306 2261 428 2326 exitum
451 2268 676 2350 consequatur,
705 2269 830 2326 tantum
858 2260 951 2326 abest
973 2259 1060 2348 quod
1084 2262 1151 2326 eius
1174 2261 1416 2346 suspensionem

79 2362 315 2430 desideremus
344 2374 401 2430 aut
421 2387 595 2452 procurare
617 2364 833 2431 intendamus.
863 2366 1015 2452 quocirca
1037 2362 1130 2430 vohis
1152 2362 1292 2450 benigne
1314 2364 1416 2430 iniun-

3 2472 4 2498 l
77 2469 197 2556 gimns
220 2476 257 2534 ut
277 2467 362 2534 hanc
383 2467 500 2536 falsam
521 2467 640 2534 famam
663 2469 811 2535 omnibus
833 2468 937 2535 modis
960 2467 1083 2534 diluere
1105 2476 1137 2536 et
1160 2491 1202 2534 ex
1224 2469 1339 2534 animis
1361 2466 1417 2534 ho-

4 2589 5 2595 ’
77 2575 213 2640 minum
237 2571 375 2639 evellere
397 2571 554 2638 studeatis
576 2581 786 2662 nestmmque
808 2571 947 2638 studium
977 2595 1040 2660 quo
1063 2580 1209 2639 tenemur
1230 2595 1295 2639 non
1317 2572 1415 2662 impe-

3 2667 4 2708 *
78 2675 201 2744 diendi
223 2675 278 2743 vel
300 2675 517 2765 suspendendi
539 2675 711 2744 concilium
734 2687 917 2744 constanter
938 2675 1111 2743 affirmetis.

194 2780 293 2862 Quod
324 2803 421 2868 porro
446 2782 601 2868 quaeritis
623 2803 666 2848 an
687 2803 747 2848 vos
769 2803 842 2848 cum
865 2781 1046 2848 oratoribus
1073 2781 1160 2868 regis
1183 2779 1275 2848 chr*
1301 2805 1415 2870 propo·

80 2885 202 2950 situris
232 2893 307 2971 post
328 2906 451 2972 paucos
480 2884 549 2952 dies
572 2883 695 2974 aliquid
725 2885 764 2952 de
786 2883 1014 2953 reformatione
1041 2895 1074 2954 et
1098 2883 1248 2973 petituris
1281 2886 1414 2952 calicem

82 2989 290 3075 coniungere
313 2987 459 3056 debeatis
480 3011 542 3054 nec
563 3011 613 3074 ne,
643 2986 852 3056 recordamur
874 3012 934 3058 vos
956 2999 1052 3058 antea
1075 2993 1204 3079 saepius
1227 2991 1415 3057 informatos

82 3092 201 3178 finisse,
225 3091 343 3180 quihus
362 3093 395 3156 in
409 3091 507 3158 rebus
531 3101 563 3159 et
574 3114 638 3180 que
660 3102 756 3181 pacto
779 3115 838 3160 vos
854 3094 927 3160 cum
942 3095 1020 3181 ipsis
1036 3096 1231 3181 coniungere
1246 3094 1414 3161 deberetis.

81 3219 122 3262 eo
149 3196 253 3284 igitur
283 3197 354 3282 ipso
377 3195 473 3262 modo
497 3194 647 3262 velumus
669 3196 757 3285 quod
779 3220 866 3264 nunc
888 3221 1018 3288 quoque
1039 3195 1103 3263 illis
1126 3198 1292 3282 assistatis,
1321 3222 1413 3287 prae·

3 3387 4 3390 Ἴ
82 3302 201 3368 sertim
224 3297 282 3366 ubi
305 3299 370 3366 tale
393 3300 558 3389 quippiam
581 3299 623 3367 de
644 3301 870 3368 reformatione
885 3303 1081 3389 proposituri
1098 3311 1214 3387 essent,
1238 3301 1414 3391 quodcum

3 3405 4 3411 ’
82 3403 236 3471 articulis
258 3406 292 3470 in
313 3401 396 3470 libro
418 3407 527 3471 nostro
551 3401 721 3492 descriptis
743 3415 909 3491 congruat.

193 3507 311 3589 Quoad
323 3506 471 3596 querelas
484 3506 658 3594 saepedicti
669 3507 726 3573 ΙΨ
736 3506 772 3574 0.
784 3507 1017 3596 Letharingiae
1032 3531 1113 3597 quaa
1129 3507 1217 3597 apud
1232 3532 1290 3576 vos
1301 3507 1415 3598 habuit

81 3611 125 3680 de
156 3611 213 3677 1³⁶⁰
236 3613 389 3698 episcope
411 3610 576 3678 Pharense
603 3612 721 3678 nuncio
744 3610 942 3699 apostolico,
971 3611 1059 3700 quod
1087 3613 1210 3680 scilicet
1230 3613 1299 3679 P‘'m
1322 3637 1413 3680 suam

81 3716 169 3782 R³¹¹¹²
193 3713 281 3804 apud
303 3712 380 3781 S¹¹¹¹¹¹¹¹
401 3714 443 3780 D.
458 3714 498 3780 N.
522 3724 554 3781 et
574 3737 634 3781 nes
656 3714 815 3782 immerito
832 3714 983 3782 detulisse
997 3716 1168 3801 diceretur,
1192 3719 1274 3784 scire
1289 3717 1414 3786 dehetis

81 3821 173 3888 idem
198 3819 287 3908 apud
315 3842 375 3886 nos
397 3819 519 3886 factum
541 3842 606 3886 non
628 3843 709 3904 esee,
738 3829 771 3887 ct
791 3822 937 3907 poteritis
959 3821 1022 3888 hoc
1050 3823 1080 3887 ei
1102 3821 1270 3890 commode
1293 3824 1412 3906 signill-

83 3947 164 3992 care
187 3923 379 3990 affirmando
401 3924 469 3988 ΡιοιΙΙ
493 3925 561 3990 eius
581 3923 662 3990 ΒΜ
679 3924 767 4010 apud
788 3947 848 3990 nos
869 3924 1041 4012 plurimum
1064 3926 1143 4010 fieri,
1167 3928 1213 3991 ita
1234 3937 1270 3992 ut
1292 3928 1321 3992 ei
1336 3949 1412 4014 quo·

87 4051 156 4118 quo
184 4027 256 4094 loce
279 4037 312 4094 et
331 4035 476 4115 tempore
498 4025 756 4094 benevolentiam
778 4039 921 4094 nostram
944 4026 1109 4095 declarare
1132 4030 1308 4116 cupiamus.
1341 4031 1414 4118 quis

84 4141 197 4198 autem
220 4128 349 4198 demum
371 4131 496 4198 futurus
520 4133 562 4197 sit
582 4131 729 4220 prolixae
751 4134 844 4198 istius
861 4131 901 4198 de
916 4132 1092 4199 residentia
1108 4135 1333 4221 episcoporum
1349 4133 1411 4199 dis-

84 4234 263 4322 putationis
287 4243 319 4300 ct
341 4233 558 4302 altercationis
580 4234 653 4300 linis
676 4243 708 4301 et
723 4234 852 4324 quande
874 4235 1070 4323 procedetur
1091 4236 1134 4302 ad
1156 4237 1327 4322 sessiones,
1353 4260 1412 4303 suo

85 4349 233 4426 tempore
256 4336 508 4424 expectabimus.

190 4442 391 4509 Postremum
412 4449 500 4508 recte
515 4439 636 4506 factum
652 4449 701 4506 est
715 4441 803 4529 quod
817 4465 876 4508 nos
893 4441 1085 4510 edocueritis
1101 4443 1141 4510 de
1156 4445 1195 4509 iis
1211 4467 1295 4532 quae
1309 4441 1413 4532 nuper

87 4544 359 4632 archiepiscopus
381 4544 577 4611 Rosanensis
607 4553 713 4610 tecum
740 4544 981 4635 archiepiscope
1002 4547 1174 4634 Pragensis
1205 4549 1271 4635 egit
1292 4547 1332 4614 da
1354 4547 1412 4616 ab·

89 4653 193 4717 sentia
215 4651 437 4736 episcoporum
452 4645 696 4713 Germanorum.
721 4650 809 4736 quod
832 4672 905 4716 cum
927 4673 993 4717 non
1009 4650 1158 4717 videatur
1173 4650 1410 4739 negligendum,

88 4756 238 4820 iussimus
267 4752 503 4839 quamprimum
534 4750 707 4818 admonere
737 4755 925 4841 episcopum
951 4753 1241 4820 Vratislaviensem
1267 4764 1304 4820 ut
1331 4757 1412 4821 citra

88 4879 216 4926 emnem
238 4877 361 4921 moram
383 4853 489 4921 isthuc
511 4856 616 4920 mittat
634 4855 688 4942 qui
702 4856 769 4921 ΒΜ·
788 4855 905 4943 legatis
920 4863 952 4925 et
968 4855 1103 4926 concilio
1116 4879 1230 4924 causas
1245 4855 1409 4924 absentiae

88 4983 166 5028 suae
188 4957 305 5050 prebat
319 5008 327 5024 .
343 5005 373 5026 ..

648 5129 852 5146 ψ
