3512 5838
368 533 429 597 tut

502 717 552 772 Die
569 719 735 788 beiliegende
752 719 917 774 Insmuotion
933 721 979 772 ith-
995 721 1098 788 vargas
1114 721 1211 789 hnaiipit
1228 738 1264 774 an
1281 721 1375 774 dassen
1392 721 1519 776 Berichbs
1534 737 1594 774 vom
1614 727 1670 777 3-4

431 809 534 874 August
551 809 579 857 in
596 807 734 872 Dtllinger
753 811 775 872 1,
793 809 844 859 533
862 821 904 858 au.
921 809 978 858 Des
995 809 1103 858 Knisars
1115 808 1192 858 Briei
1205 810 1233 857 in
1240 809 1309 860 Boc.
1327 806 1398 860 ints.
1416 810 1440 873 9,
1453 810 1511 860 w.
1530 807 1669 875 lighiemsr

434 893 479 944 Nr.
498 893 628 944 cchxw
652 894 707 945 und
731 893 887 944 cccxxix
904 893 1117 960 Anmerknngen.
1148 891 1275 946 Offenbar
1297 894 1348 948 aui
1361 894 1453 946 (leand
1471 895 1544 945 aines
1560 894 1667 947 Baricbts

432 979 479 1030 des
496 979 594 1030 Grnfen
603 980 680 1032 Luna
697 981 763 1031 liber
781 981 826 1030 die
843 981 879 1030 im
895 979 958 1031 Juui
976 981 1152 1046 gepilogenea
1160 979 1385 1047 Verbudlnngffl
1402 979 1476 1032 hassa
1492 979 1669 1048 Plilippdem·

435 1063 526 1115 selben
544 1065 588 1116 dis
605 1081 692 1117 neuen
710 1066 873 1132 Weisungen
902 1064 1015 1128 ertheilt,
1043 1066 1143 1117 welche
1167 1081 1210 1117 am
1236 1069 1267 1117 17
1286 1065 1359 1131 Sept.
1385 1067 1411 1116 in
1438 1066 1531 1117 Trient
1557 1068 1669 1120 dutum

429 1151 482 1200 und
507 1150 608 1202 welche
631 1168 684 1203 von
699 1151 764 1203 Pall.
781 1153 832 1202 913
849 1153 885 1201 im
902 1151 1009 1218 hussaag
1032 1151 1191 1219 mitgethellt
1212 1150 1331 1204 werden:
1358 1169 1378 1204 s.
1397 1151 1443 1204 Νι.
1464 1151 1668 1205 cchxxxvm

921 1342 1122 1350 --.——-

874 1535 1184 1622 OCLXXXIV.

611 1751 690 1828 Der
718 1752 893 1831 cardinal
921 1755 1084 1832 Morene
1110 1777 1159 1832 an
1185 1758 1258 1832 deo
1288 1757 1436 1852 Kainon

767 1927 897 1992 Trient,
915 1927 954 1977 aa
972 1925 1169 1994 September
1188 1929 1278 1980 1563.

644 2105 823 2162 Coociluctera
849 2107 978 2179 original
982 2127 994 2177 ,·
1020 2109 1051 2162 in
1073 2113 1163 2181 torpa:
1185 2109 1228 2164 28
1249 2107 1409 2182 September.

461 2281 689 2372 Superioribus
722 2285 837 2351 diebus
870 2285 914 2352 ad
943 2285 1051 2352 literas
1084 2286 1121 2352 Ο.
1148 2283 1209 2350 Ml·
1231 2286 1272 2350 V.
1296 2307 1380 2372 quae
1414 2284 1491 2350 mihi
1523 2285 1670 2372 significa-

359 2384 440 2450 bant
460 2387 539 2475 quid
560 2389 632 2475 ipsa
655 2387 852 2454 declarasset
872 2387 1034 2474 agendum
1057 2409 1130 2454 cunr
1153 2409 1278 2453 summo
1308 2388 1460 2474 pontifice
1487 2390 1523 2452 in
1550 2390 1673 2475 negocio

361 2487 448 2554 seru
472 2489 529 2556 filii
552 2493 601 2556 sui
623 2491 843 2558 Romanorum
875 2493 962 2578 regis
995 2492 1147 2579 rescripsi
1179 2489 1337 2575 breviter,
1373 2514 1428 2557 me
1462 2490 1590 2557 scilicet
1621 2490 1676 2555 dili·
1736 2559 1737 2572 q

360 2601 472 2679 genter
501 2617 634 2660 causam
656 2592 743 2660 illam
772 2617 845 2659 cum
868 2590 912 2658 8¹⁹
936 2593 969 2659 S.
995 2603 1208 2660 tractatarum
1233 2613 1428 2681 sperareque
1456 2615 1527 2659 rem
1561 2617 1674 2661 omnem
1736 2597 1737 2656 l

358 2717 401 2760 ex
423 2699 582 2763 sententia
604 2719 837 2764 successuram.
872 2719 937 2762 non
965 2694 1098 2762 destitui
1129 2696 1245 2762 deinde
1276 2693 1362 2761 idem
1389 2698 1565 2784 negocium
1593 2696 1630 2764 S‘¹
1648 2695 1674 2762 S.

362 2800 595 2884 commendare,
619 2801 676 2867 sed
698 2800 794 2887 plane
816 2809 906 2864 tanta
928 2809 977 2864 est
998 2801 1100 2887 ipsius
1122 2799 1281 2886 pontilicis
1305 2801 1437 2865 maximi
1459 2800 1675 2866 benevolentia

358 2923 436 2986 erga
456 2901 531 2966 Mu*
551 2902 591 2969 V.
615 2903 901 2988 serenissimosque
924 2901 1007 2967 filios
1031 2913 1067 2968 ut
1089 2904 1196 2968 omnia
1224 2925 1307 2990 quae
1336 2904 1409 2990 ipsa
1434 2913 1546 2992 potest
1575 2927 1673 2970 eorum

359 3025 458 3070 causa
485 3004 622 3070 libenter
651 3027 777 3092 semper
804 3004 911 3071 faciat.
947 3004 1047 3071 habui
1074 3027 1161 3070 nunc
1190 3027 1356 3071 cursorem
1385 3029 1428 3072 ex
1450 3005 1545 3072 Urbe
1569 3010 1622 3094 qui
1641 3006 1675 3070 ad

357 3105 606 3190 Rdfflssnuncium
629 3106 827 3196 Delphinum
849 3107 1073 3194 proficiscitur.
1098 3129 1140 3173 ex
1163 3129 1201 3173 eo
1223 3107 1381 3193 intelliget
1395 3109 1462 3174 ΜΝ
1483 3109 1527 3175 V.
1540 3112 1575 3174 in
1591 3131 1676 3196 quam

358 3211 547 3276 sententiam
568 3212 693 3276 venerit
715 3209 770 3276 S'¹fl
793 3209 826 3276 S.
842 3220 940 3298 atque
953 3212 1010 3294 uti,
1034 3210 1228 3298 posthabitis
1244 3211 1422 3278 rationibus
1438 3213 1590 3279 omnibus
1604 3233 1675 3300 quae

357 3321 453 3380 antea
475 3315 577 3402 ipsius
600 3317 742 3381 animum
763 3315 1005 3402 perturbabant
1029 3337 1116 3379 nunc
1143 3313 1322 3381 rationibus
1351 3337 1371 3380 a
1391 3315 1449 3380 Ml⁰
1470 3315 1510 3381 V.
1537 3317 1675 3382 adductis

357 3438 441 3503 pene
464 3420 651 3506 aquieverit
675 3419 733 3484 sed
754 3419 830 3484 nolo
852 3419 923 3504 ipse
945 3418 1072 3504 negocii
1095 3415 1346 3505 explicationem
1368 3419 1522 3506 aggredi,
1547 3443 1618 3486 eam
1637 3431 1675 3483 to

356 3529 423 3585 tam
445 3521 500 3586 R‘¹⁰
518 3523 634 3588 nuncio
650 3522 809 3611 relinquo.
832 3521 895 3588 hoc
910 3532 1034 3588 tantum
1048 3523 1118 3609 ipse
1134 3519 1250 3604 dicam,
1274 3521 1431 3607 gratulari
1446 3545 1499 3588 me
1515 3547 1561 3590 ex
1578 3525 1674 3589 animo

356 3623 407 3688 Mn
431 3623 473 3691 V.
495 3625 584 3714 quod
612 3623 795 3712 pontificem
818 3622 938 3690 habeat
960 3624 1021 3691 sibi
1044 3626 1273 3690 amicissimum
1301 3633 1333 3690 et
1362 3647 1382 3690 a
1412 3647 1476 3713 quo
1499 3627 1570 3692 M‘·
1591 3627 1629 3692 V.
1650 3635 1675 3689 et

356 3735 424 3793 tota
446 3726 539 3793 Sere·
562 3727 675 3793 domus
697 3751 758 3794 sua
780 3731 887 3796 omnia
907 3726 1058 3794 benevoli
1081 3729 1179 3793 animi
1202 3727 1310 3794 officia
1333 3727 1395 3792 sibi
1425 3738 1514 3795 certo
1538 3729 1674 3818 pollicen'
1736 3749 1737 3820 j

356 3839 389 3896 et
410 3841 583 3919 expectare
616 3815 733 3920 possid,
763 3841 861 3921 atque
892 3831 978 3921 quod
1007 3831 1066 3896 Mag
1080 3830 1121 3897 V.
1145 3831 1186 3896 de
1208 3829 1257 3896 8¹¹⁸
1281 3831 1313 3896 S.
1336 3830 1504 3898 voluntate
1527 3831 1672 3921 spondeo,
1736 3827 1737 3878 ἶ

356 3933 442 4001 idem
463 3935 541 4002 mihi
562 3937 632 4001 iure
653 3935 767 4004 videor
790 3936 950 4025 spondere
977 3956 1074 4022 posse
1101 3936 1164 4022 ipsi
1192 3933 1338 4020 pontifici
1368 3935 1409 4001 de
1430 3935 1491 4000 Mo.
1521 3935 1565 4000 V.
1588 3936 1672 4002 bene-
1736 3953 1737 3964 ¹

355 4039 497 4106 volentia
519 4047 615 4127 atque
635 4041 765 4127 pietate.
789 4040 890 4106 miror
910 4061 989 4106 vero
1012 4048 1044 4104 et
1065 4037 1162 4103 valde
1184 4040 1283 4102 miror
1298 4040 1325 4102 si
1341 4040 1413 4126 quis
1428 4061 1576 4126 unquam
1592 4041 1671 4104 aliter

357 4143 542 4208 existimare
565 4164 662 4208 ausus
685 4144 737 4226 sit,
758 4165 821 4210 neo
842 4165 894 4209 me
917 4151 1027 4208 monet
1048 4141 1136 4226 quod
1159 4139 1288 4206 concilii
1309 4143 1391 4207 ratio
1406 4153 1605 4232 patrumque
1620 4142 1661 4207 dis
1736 4173 1737 4212 l

356 4247 520 4313 sensiones
543 4244 685 4334 aliquam
706 4247 868 4314 interdum
891 4245 968 4311 dent
991 4243 1178 4332 suspicandi
1200 4246 1412 4311 occasionem.
1437 4245 1527 4335 quod
1543 4269 1621 4312 vero
1634 4245 1670 4308 ul·

355 4350 439 4414 timis
460 4348 561 4414 literis
584 4351 650 4416 suis
670 4347 738 4413 M···
749 4349 790 4417 V.
813 4371 939 4415 mecum
962 4357 1138 4437 conquesta
1153 4357 1211 4428 est,
1234 4348 1321 4436 quod
1336 4351 1430 4438 quasi
1446 4351 1545 4417 unico
1561 4348 1670 4416 secans

356 4453 422 4517 ictu
443 4453 605 4541 principes
626 4453 802 4520 reformare
824 4453 1031 4537 voluerimus,
1054 4455 1164 4542 aitque
1185 4454 1363 4520 maximum
1387 4454 1450 4520 sibi
1471 4477 1572 4543 posse
1592 4475 1671 4543 prae

354 4555 510 4622 iudicium
531 4558 648 4624 inferre
671 4566 768 4645 caput
790 4555 869 4623 illud
892 4579 956 4646 quo
979 4553 1170 4644 prohibetur
1184 4579 1225 4623 ne
1239 4557 1404 4645 principes
1420 4560 1595 4646 episcopos
1609 4577 1670 4646 pos·

356 4660 420 4724 sint
441 4659 484 4728 ad
507 4661 758 4728 contributiones
787 4683 934 4750 gravmq
961 4662 1056 4748 quasi
1077 4662 1111 4727 id
1132 4682 1227 4727 usum
1255 4669 1289 4726 et
1315 4664 1365 4728 ius
1393 4663 1599 4730 comitiorum
1625 4664 1670 4726 in-
1736 4669 1737 4674 ’

355 4764 474 4850 padiat,
491 4767 572 4831 sciat
582 4775 668 4832 certo
680 4765 746 4830 Me·
757 4765 798 4832 V.
814 4789 918 4854 neque
930 4787 1089 4830 summum
1110 4763 1296 4852 pontificem
1310 4787 1416 4854 neque
1430 4767 1558 4852 legatos
1574 4786 1667 4853 nequa

350 4873 483 4940 concilii
504 4881 612 4962 patres
635 4871 699 4938 tale
716 4873 890 4960 quicquam
905 4893 1047 4960 unquam
1063 4872 1233 4958 cogitasse.
1257 4893 1317 4956 ego
1339 4892 1417 4936 vero
1434 4873 1489 4958 qui
1512 4869 1572 4935 diu
1592 4863 1668 4954 apud

355 4979 478 5046 M“¹²²V.
494 4981 527 5045 in
543 4977 718 5043 Germania
739 4977 795 5063 fui,
817 5001 883 5044 non
903 4976 985 5042 adeo
1008 4973 1096 5040 rudis
1120 4997 1190 5040 sum
1204 4995 1310 5040 rerum
1332 4974 1457 5040 illarum
1479 4981 1514 5036 ut
1537 4975 1668 5060 ignorem
1736 5039 1737 5042 Ἴ

356 5092 433 5178 quid
446 5093 508 5155 sint
519 5091 656 5172 comitia,
674 5085 748 5174 quid
765 5085 927 5171 principes
944 5079 1163 5164 ecclesiastici,
1180 5077 1258 5166 quid
1272 5079 1353 5162 iura,
1378 5078 1454 5166 quid
1468 5079 1667 5144 necessitates
