3468 5820
1344 485 1405 550 stt

89 669 184 736 minus
209 669 338 754 debuit3
362 671 450 760 quod
472 671 500 736 si
521 673 662 758 positum
684 669 808 752 fuisset,
831 669 931 737 dubio
944 667 1059 757 procul
1075 669 1110 734 in
1124 678 1173 736 tot
1185 691 1299 756 regum
1313 689 1406 758 supe-

89 775 200 838 riorum
232 774 430 840 orationibus
463 774 526 840 boo
558 772 734 860 legeretur,
763 795 900 862 quarum
928 773 1059 859 quidem
1081 773 1261 838 orationum
1283 772 1406 840 nullum

90 876 213 940 affamur
234 875 416 963 exemplum
444 875 673 960 authenticum,
702 885 799 964 atque
821 877 894 942 ideo
917 876 1070 964 respondi
1092 875 1197 940 minus
1220 879 1316 942 etiam
1337 878 1406 942 istis

89 978 259 1044 rationibus
293 979 583 1068 inpraesentiarum
609 977 672 1045 boe
695 981 814 1066 apponi
837 989 869 1044 et
890 979 1035 1044 innovari
1069 977 1196 1044 debere.
1229 980 1406 1046 orationem

88 1093 189 1148 autern
216 1082 348 1148 Aeneae
370 1081 463 1148 Silvii
483 1105 542 1170 pro
564 1081 720 1148 Foderico
742 1081 893 1148 habitam*
910 1081 1030 1150 nullam
1049 1081 1155 1148 facere
1170 1083 1404 1170 probationem,

88 1194 148 1250 mm
171 1186 259 1272 quod
281 1185 336 1250 illa
357 1185 542 1252 authentica
562 1209 627 1252 non
650 1187 700 1270 sit,
723 1196 756 1252 et
777 1196 845 1252 tum
867 1188 963 1252 etiam
983 1187 1062 1274 quie
1082 1209 1147 1252 non
1174 1195 1299 1252 constat
1319 1184 1406 1251 illam

85 1289 126 1351 ita
151 1289 253 1354 fnisse
280 1289 322 1354 ab
351 1311 390 1355 eo
416 1290 601 1374 recitatam,
631 1288 820 1375 adduntque
849 1297 883 1356 et
912 1291 1057 1356 adimunt
1085 1289 1280 1378 quandoque
1309 1290 1407 1356 rebus

86 1394 155 1474 suuis,
179 1401 216 1457 ut
238 1394 271 1457 in
291 1391 457 1479 publicum
478 1393 691 1480 elegantiores
705 1393 873 1480 prodeant,
895 1405 1036 1460 oratores
1056 1387 1117 1459 ne'o
1132 1393 1237 1458 minus
1252 1392 1406 1458 librorum

84 1495 299 1582 impressores,
323 1493 488 1585 refellique
510 1497 545 1562 id
567 1506 791 1584 argumentum
813 1497 884 1585 ipso
906 1498 1050 1563 eiusdem
1064 1493 1215 1562 Pederiei
1229 1498 1406 1561 iuramento

85 1598 168 1684 quod
197 1600 232 1664 in
264 1600 399 1665 recitato
429 1599 627 1667 cerimoniali
647 1599 731 1670 libro
753 1600 887 1688 legitur,
915 1602 949 1665 in
973 1623 1036 1687 quo
1059 1599 1183 1666 nullum
1205 1610 1310 1665 tamen
1333 1599 1406 1664 obe-

84 1700 223 1768 dientiae
245 1701 380 1768 verbum
400 1703 545 1771 babetur.
589 1714 622 1772 et
649 1706 736 1772 omni
765 1727 842 1772 casu
872 1727 998 1792 semper
1025 1702 1111 1791 quod
1132 1705 1236 1769 maior
1255 1725 1406 1768 numeros

81 1827 194 1890 regum
225 1805 442 1874 Romanorum
471 1809 584 1876 fecerit
610 1810 733 1875 utendi
762 1809 888 1875 debere.
933 1808 976 1873 ad
1003 1807 1104 1874 verba
1136 1817 1244 1873 autem
1271 1808 1407 1872 oratoris

82 1909 142 1974 Me.
156 1909 211 1987 V.,
234 1933 307 1976 cum
322 1915 391 1978 eius
406 1915 534 1979 nomine
548 1912 590 1978 ad
605 1911 727 1979 Urbem
743 1909 793 1977 Su.
810 1909 842 1977 S.
859 1911 1112 1998 congratulatum
1127 1912 1225 1992 venit,
1241 1911 1274 1974 in
1289 1910 1407 1998 quibua

81 2011 219 2079 verbum
247 2015 328 2081 illud
349 2016 446 2082 etiam
468 2019 657 2084 enunciasse
691 2025 852 2100 asserunt,
877 2038 938 2102 ego
966 2014 1132 2101 respondi:
1162 2014 1252 2079 falsis
1281 2012 1409 2101 quidem

80 2115 169 2182 illum
201 2119 479 2206 suggestionibus,
509 2121 606 2186 etiem
632 2119 674 2188 ab
701 2121 740 2186 iis
771 2119 987 2186 cardinalibus
1015 2119 1189 2206 praecipue
1212 2119 1267 2205 qui
1289 2115 1349 2182 Mfl·
1365 2115 1406 2182 V.

80 2222 281 2292 confidentes
303 2223 578 2306 existimabantur,
602 2224 645 2290 ad
666 2225 712 2290 ita
734 2223 971 2291 enunciandam
992 2222 1091 2288 firisse
1112 2243 1309 2306 persuasum,
1333 2242 1406 2285 cum

80 2325 220 2391 isbona
247 2327 312 2392 fide
340 2326 454 2392 talium
476 2327 640 2393 hominum
663 2338 696 2393 et
717 2327 878 2414 pontificis
900 2326 1001 2412 ipsius
1024 2324 1253 2391 assertionibus
1276 2323 1407 2389 eredere

79 2431 239 2514 potuerit,
263 2431 318 2518 qui
340 2430 523 2496 affirmabat
537 2453 572 2496 se
588 2453 659 2497 esse
674 2441 878 2497 ostensurum
899 2430 1074 2516 scripturas
1089 2427 1298 2509 authenticas,
1321 2424 1407 2512 quod

79 2531 213 2619 quidem
244 2541 357 2620 postea
388 2533 510 2598 factum
531 2555 596 2600 non
624 2533 692 2599 fuit.
727 2533 873 2617 etdato,
898 2531 1043 2597 sednon
1066 2553 1220 2598 concesso
1244 2527 1406 2618 quodda-

79 2635 207 2702 buisset
228 2659 249 2702 a
269 2635 331 2702 Mu.
347 2635 388 2702 V.
411 2649 538 2704 oratore
560 2635 625 2704 tale
645 2637 781 2705 verbum
804 2637 978 2720 enunciari,
1002 2645 1110 2702 tamen
1126 2634 1216 2701 Ser'¹'⁰
1231 2633 1300 2718 regi
1316 2653 1408 2718 prae·

80 2739 239 2806 iudicium
260 2741 373 2808 afferre
395 2765 460 2808 non
481 2749 597 2829 potest,
621 2764 693 2806 cum
715 2741 864 2808 diversus
885 2738 940 2806 ille
961 2739 1002 2806 ab
1026 2761 1064 2804 eo
1088 2738 1128 2804 de
1151 2760 1216 2825 quo
1237 2757 1324 2802 nune
1346 2735 1407 2800 dis-

80 2853 216 2928 putatur
238 2854 329 2909 actus
351 2845 401 2909 sit.
423 2867 510 2910 nune
532 2844 618 2911 enim
639 2853 794 2912 tractatur
817 2845 857 2910 de
872 2843 1107 2932 approbatione
1121 2839 1303 2922 obtinenda,
1321 2841 1412 2904 ouius

81 2945 174 3011 stilus
198 2950 327 3013 omnino
349 2947 447 3014 debet
468 2949 606 3027 samari,
631 2971 704 3014 cum
726 2948 830 3014 Ser'·“'
851 2971 911 3014 rex
933 2969 998 3013 non
1021 2944 1140 3012 debeat
1159 2966 1221 3010 nec
1242 2943 1346 3030 possit
1367 2944 1411 3007 in·

81 3047 239 3114 eonsudtis
273 3049 308 3116 O.
337 3050 393 3116 M..
420 3049 461 3116 V.
496 3061 529 3116 et
558 3049 752 3118 electoribus
781 3051 1014 3138 praeiudicium
1048 3047 1180 3138 aliquod
1213 3045 1347 3134 imperio
1382 3055 1414 3110 et

81 3153 327 3220 suecessoribus
348 3153 472 3221 afferre.
497 3164 623 3222 etcum
647 3154 834 3243 supradicta
856 3156 900 3221 ita
923 3176 958 3219 se
979 3151 1129 3225 habeant,
1152 3174 1218 3217 non
1231 3148 1326 3216 video
1357 3171 1415 3213 our

79 3279 145 3324 non
169 3258 292 3342 possim
313 3258 484 3337 affirmare,
506 3257 550 3324 ad
571 3257 694 3324 nullum
714 3257 945 3345 praestandum
965 3255 1179 3320 iuramentum
1204 3274 1270 3318 non
1291 3251 1412 3317 debere

83 3362 159 3446 cogi
189 3360 276 3426 Sar¹¹¹
297 3363 385 3448 regis
413 3371 588 3446 oratorem,
616 3370 654 3426 ut
680 3363 776 3427 etiam
799 3383 842 3426 ex
864 3361 1109 3425 cerimoniarum
1134 3357 1217 3422 libro
1241 3354 1412 3441 colligitur,

82 3465 138 3550 qui
168 3463 247 3528 dicit
273 3485 385 3550 regem
411 3463 630 3530 Romanorum
657 3462 794 3530 electum
815 3463 945 3546 offerre,
975 3471 1007 3528 et
1033 3463 1080 3527 sio
1101 3461 1205 3526 innuit
1224 3481 1289 3524 non
1310 3463 1413 3524 moeri

80 3575 248 3652 praestare
271 3567 501 3652 iuramentum
532 3567 559 3631 si
586 3577 697 3632 tamen
724 3565 857 3654 aliquod
886 3574 972 3631 esset
993 3564 1232 3654 praestandum,
1255 3586 1319 3627 non
1341 3583 1413 3628 esse

82 3670 123 3734 ab
147 3669 204 3736 illo
226 3671 443 3736 recedendum
464 3669 551 3760 quod
575 3669 661 3737 Sar'*¹
677 3673 884 3758 imperatores
907 3679 1070 3757 praestare
1093 3669 1210 3752 solent,
1232 3689 1306 3733 eum
1328 3667 1413 3732 idem

81 3771 164 3840 illud
196 3773 411 3842 iuramentum
438 3785 581 3862 praestet
613 3798 673 3842 rex
696 3776 929 3855 Romanorum,
956 3774 985 3838 si
1009 3783 1116 3840 tamen
1141 3779 1298 3860 praestat,
1328 3768 1415 3858 quod

82 3886 228 3961 praestat
253 3879 442 3965 imperator,
465 3892 502 3944 ut
528 3877 614 3965 apud
637 3877 831 3943 Gulielmum
854 3876 1095 3963 Speculatorem
1119 3875 1159 3941 de
1181 3877 1250 3941 iura
1277 3873 1413 3940 iurando

82 3979 116 4043 in
149 3983 309 4068 principio
349 3983 438 4065 n.10,
476 3981 689 4069 utendumque
723 3980 968 4046 cerimoniarum
1004 3977 1086 4044 libro
1115 4001 1210 4066 quem
1243 3977 1275 4044 S.
1309 3977 1414 4060 sedes,

84 4082 140 4146 δ”·
167 4081 200 4148 S.
223 4094 256 4149 et
276 4095 344 4151 tota
367 4087 457 4153 ouria
478 4085 595 4172 probat
623 4094 655 4151 et
677 4107 736 4172 pro
760 4083 944 4149 authentico
966 4081 1065 4148 habet
1095 4083 1181 4148 etin
1204 4104 1267 4169 quo
1289 4083 1350 4146 nisi
1373 4081 1414 4147 de

84 4186 243 4274 obsequio
266 4198 299 4254 et
319 4191 511 4269 reverentia,
533 4211 599 4254 non
621 4199 731 4254 autem
755 4188 795 4254 de
818 4185 1002 4253 obedientia
1023 4184 1158 4253 verbum
1180 4181 1281 4250 ullum
1303 4183 1348 4250 fit.
1370 4185 1414 4250 ad

83 4290 203 4376 petitas
226 4315 268 4358 ex
288 4294 490 4379 praescripta
512 4315 533 4358 a
548 4290 592 4358 δ”
615 4289 647 4358 S.
671 4301 704 4356 et
718 4289 935 4358 cardinalibus
950 4289 1087 4356 formula
1103 4287 1290 4354 scribendas
1304 4287 1413 4353 literas

83 4395 249 4480 respondi,
271 4419 389 4483 rogare
411 4419 463 4462 me
484 4419 540 4462 sos
562 4419 604 4462 ne
626 4393 741 4461 Sar'¹¹¹²
750 4417 861 4481 regem
883 4394 925 4460 ad
939 4393 1068 4458 insolita
1077 4391 1291 4478 interpellant,
1307 4391 1412 4477 ipsum

83 4519 163 4563 vero
196 4520 282 4585 quae
307 4500 393 4566 bono
422 4510 456 4565 et
477 4501 597 4585 optimo
620 4499 689 4586 regi
712 4500 920 4565 convenirent
941 4507 1056 4585 sponte
1078 4518 1138 4561 sua
1158 4498 1286 4561 nemine
1307 4493 1412 4560 horta-

82 4609 155 4667 tore
178 4601 231 4668 vel
252 4603 428 4690 impulsore
452 4605 645 4692 scripturum
669 4623 739 4668 asse
760 4601 878 4668 literae.

221 4794 271 4844 Am
289 4797 331 4846 29.
349 4795 405 4844 Mai
423 4793 507 4860 (Orig.
525 4793 553 4843 in
572 4791 624 4842 deu
640 4791 770 4850 Romana)
793 4790 867 4842 batte
890 4789 959 4842 Areo
978 4794 1064 4840 suerat
1087 4789 1154 4840 liber
1171 4787 1214 4840 die
1233 4787 1413 4840 conferenten

155 4880 202 4932 der
220 4880 362 4932 Cardintle
381 4881 519 4941 berichtet,
537 4878 659 4930 walchen
675 4879 739 4928 Pius
758 4877 803 4928 die
820 4876 1029 4943 Angelsgenheit
1049 4875 1226 4926 Maximillam
1249 4875 1415 4940 augewieaen

155 4967 237 5021 batte.
256 4967 457 5020 luderentur
475 4964 709 5016 Zusaruruenlrunit
726 4977 768 5013 am
786 4965 829 5027 tl,
849 4962 897 5013 der
913 4962 982 5014 auch
1001 4961 1047 5012 der
1060 4961 1157 5012 Orator
1167 4960 1325 5024 beiwohnte,
1343 4975 1414 5026 spra-

155 5055 226 5106 clren
243 5053 431 5106 Senclemeute
458 5053 513 5103 und
530 5050 643 5114 Vitello,
666 5049 790 5117 obgleiob
812 5051 852 5101 sie
874 5049 932 5101 sich
954 5049 1075 5099 rthmten
1104 5048 1148 5099 die
1165 5048 1252 5112 Frage
1269 5045 1365 5098 studirt
1381 5063 1415 5098 au
