3532 5832
137 702 197 766 alii
229 703 379 789 partium
403 700 618 788 imperialium
642 701 788 786 studiosi,
811 724 892 791 quos
914 704 1012 769 etiam
1028 701 1195 792 aliquanto
1208 701 1420 770 confidentius
1433 727 1489 770 no·

135 807 231 871 mine
263 815 378 872 nostro
411 803 616 892 interpellare
646 806 773 892 poterit.
819 805 935 891 quodsi
967 827 1045 874 vero
1068 828 1128 893 pro
1150 807 1304 893 temporis
1327 814 1360 873 et
1380 829 1489 874 rerum

135 918 233 974 statu
258 909 296 974 id
319 908 417 975 officii
438 907 528 996 apud
555 931 666 974 omnes
694 907 767 974 illos
788 909 864 974 ΒΜ·
886 909 1068 976 cardinales
1096 917 1205 976 orator
1231 916 1341 974 noster
1370 914 1489 1000 exequi

135 1037 208 1078 non
233 1019 350 1098 posset
364 1019 440 1077 ante
455 1011 652 1078 audientiam
675 1014 709 1077 in
731 1010 868 1098 collegio
889 1010 1045 1096 habitam,
1068 1012 1187 1098 poterit
1208 1021 1241 1078 et
1263 1010 1395 1080 debebit
1416 1037 1487 1082 sese

134 1117 171 1178 in
196 1115 268 1180 hac
289 1123 385 1202 parte
407 1114 480 1181 loco
503 1122 536 1180 et
557 1117 694 1203 tempori
716 1114 939 1182 accomodare.
975 1114 1092 1182 deiude
1114 1123 1223 1184 autem
1246 1124 1354 1183 orator
1374 1127 1486 1186 noster

134 1220 252 1304 primo
269 1241 402 1306 quoque
417 1228 562 1306 tempore
584 1219 646 1285 sibi
668 1218 867 1285 audientiam
889 1242 910 1284 a
931 1241 1025 1285 sacro
1039 1219 1153 1284 Βιιιοηυῃ
1167 1219 1211 1285 D.
1222 1219 1333 1285 D¹²⁰¹¹¹¹¹²
1349 1220 1485 1309 collegio

136 1321 215 1386 dari
233 1320 392 1405 studebit,
415 1345 519 1409 eaque
540 1324 712 1409 impetrata
726 1321 892 1410 literisque
913 1323 1032 1389 nosuis
1048 1322 1299 1390 credentialibus
1322 1323 1483 1409 exhibitis,

136 1447 260 1490 eorum
282 1424 357 1489 ΒΜ·
372 1424 459 1490 1³²lm
474 1424 611 1492 salutem
632 1426 741 1493 verbis
762 1426 881 1492 nostris
905 1425 991 1492 dicet
1014 1434 1046 1492 et
1059 1425 1166 1494 filialis
1188 1434 1318 1494 nostrae
1341 1449 1420 1514 erga
1434 1450 1483 1493 sa-

135 1537 353 1594 crosanetam
375 1530 470 1594 istam
492 1527 703 1616 apostolicam
718 1529 829 1595 sedem
844 1527 1070 1596 observantiae
1093 1531 1307 1596 constantiam
1329 1539 1362 1596 et
1382 1532 1483 1598 incre·

134 1641 290 1697 mentum
314 1653 389 1697 cum
421 1631 577 1719 singulari
598 1639 710 1697 nostra
742 1633 776 1696 in
798 1633 986 1698 universum
1007 1631 1098 1698 illum
1120 1655 1251 1700 sacrum
1274 1633 1421 1701 ordinem
1443 1657 1483 1704 ac

138 1734 327 1823 quemlibet
349 1733 513 1822 sig'llstim
535 1734 764 1802 benevolentia
786 1734 976 1802 condecenti
998 1757 1145 1802 sermone
1169 1736 1356 1804 declarabit.

242 1837 377 1904 Exinde
399 1838 462 1904 illis
484 1837 618 1904 ulterius
641 1848 802 1926 exponet,
843 1839 931 1926 quod
962 1862 1037 1906 cum
1066 1841 1131 1906 iam
1159 1839 1283 1907 dudum
1305 1839 1478 1908 multorum

137 1942 272 2024 nwciis
297 1965 337 2008 ac
358 1941 460 2008 literis
483 1941 524 2008 de
546 1942 687 2010 adversa
708 1951 740 2008 et
762 1942 932 2030 deplorata
953 1941 1192 2030 quodammodo
1214 1942 1402 2012 valetudine
1422 1943 1477 2011 8⁰¹¹

136 2045 229 2110 Dm.
255 2044 402 2112 defirncti
431 2047 584 2112 certiores
612 2045 731 2113 redditi
760 2046 915 2114 fuerimus
937 2069 999 2112 nec
1027 2044 1220 2114 haberemus
1247 2045 1310 2114 hoc
1331 2055 1476 2135 tempore

138 2151 172 2213 in
197 2147 290 2214 alma
310 2148 392 2214 urbe
421 2148 619 2214 ordinarium
642 2159 817 2234 oratorem,
848 2150 939 2215 onius
962 2171 1062 2237 opera
1082 2149 1116 2214 in
1137 2149 1318 2216 istiusmodi
1339 2153 1477 2238 negotiis

136 2263 328 2335 uteremur,
350 2253 456 2317 visum
479 2275 566 2337 esse,
600 2274 640 2319 ne
663 2253 770 2319 officio
791 2261 901 2319 nostro
922 2250 990 2318 ulla
1017 2253 1051 2318 in
1072 2260 1165 2340 parto
1186 2251 1390 2338 deessemus,
1413 2256 1475 2343 ipsi

135 2355 263 2421 oratori
292 2364 403 2422 nostro
418 2356 583 2443 negotium
598 2356 686 2440 dare,
710 2366 747 2422 ut
760 2357 997 2444 quamprimum
1012 2354 1080 2422 Sam
1094 2357 1164 2423 eius
1186 2379 1229 2423 ex
1250 2355 1313 2424 bac
1334 2357 1476 2426 humana

133 2463 206 2524 vita
228 2458 393 2525 sublatam
414 2458 635 2540 intellexisset,
658 2482 736 2526 mox
757 2459 902 2526 Venetiis
923 2459 1060 2526 Romam
1082 2459 1268 2528 adcurrerst
1290 2469 1324 2527 et
1344 2462 1473 2530 nomine

132 2573 250 2629 nostro
275 2585 368 2630 samo
389 2565 452 2630 isto
474 2562 611 2650 collegio
634 2571 667 2630 et
688 2562 793 2628 ordini
815 2585 882 2628 non
903 2562 999 2629 modo
1021 2563 1053 2628 in
1069 2563 1199 2650 publico
1222 2563 1312 2630 luctu
1334 2573 1367 2630 et
1386 2588 1472 2632 mae·

132 2689 210 2733 rore
233 2667 366 2733 adesset
387 2674 420 2733 et
434 2666 629 2751 condoleret,
651 2688 765 2732 verum
780 2667 877 2732 etism
891 2666 1053 2732 sincerum
1067 2673 1212 2732 nostmm
1235 2666 1377 2734 studium
1392 2691 1472 2755 erga

133 2771 196 2834 Ρ*
211 2770 256 2836 V.
272 2771 346 2835 Re·
368 2792 408 2836 ac
431 2768 608 2835 catholicae
630 2768 794 2856 religionis
815 2777 946 2834 nostrae
969 2767 1176 2836 concordiam
1190 2779 1223 2836 et
1244 2771 1400 2838 unitatem
1416 2770 1469 2838 de-

133 2873 287 2957 clararet,
312 2873 459 2961 adeoque
481 2873 602 2940 eisdem
622 2881 766 2939 nostram
788 2895 921 2960 operam
942 2881 975 2938 et
994 2871 1188 2940 benevolum
1210 2872 1367 2940 aurxilimn
1388 2884 1467 2942 tam-

133 2999 236 3065 quam
268 2976 374 3043 fidelis
408 2985 441 3043 st
470 2976 704 3064 diligentissimi
737 2975 888 3044 advocati
909 2977 943 3042 in
964 2977 1003 3042 iis
1039 2999 1123 3062 quas
1151 2976 1195 3043 ad
1221 2979 1467 3064 propagandam

133 3080 275 3167 gloriam
298 3081 398 3146 divini
419 3081 557 3146 nominis
580 3089 613 3147 st
634 3079 791 3146 ecclesiae
805 3078 1071 3167 tranquillitatem
1092 3080 1325 3147 restituendam
1339 3103 1359 3146 a
1373 3081 1467 3148 nobis

133 3185 297 3272 pramtari
310 3193 444 3272 possent
458 3207 497 3250 ac
512 3183 677 3268 deberent,
692 3191 876 3271 promptum
890 3191 1104 3270 paratumque
1118 3182 1267 3268 deferret,
1290 3184 1378 3272 quod
1399 3186 1467 3252 offi-

132 3290 220 3353 cium
243 3297 389 3354 nostrum
409 3288 469 3352 Pr·
485 3310 597 3354 eorum
610 3287 705 3372 Bw,
721 3309 805 3375 quae
827 3309 940 3352 corum
961 3295 1011 3352 est
1031 3286 1136 3373 pietas
1168 3288 1402 3374 aequanimitas
1425 3311 1465 3356 ac

132 3391 305 3479 praeclara
326 3415 406 3479 erga
425 3415 485 3458 nos
507 3391 677 3468 voluntas,
700 3392 813 3478 ntique
835 3390 1034 3456 confidamus
1056 3412 1122 3456 non
1143 3400 1381 3477 supernatasse,
1405 3392 1463 3458 sed

132 3497 242 3582 potins
257 3504 413 3584 tanquam
429 3497 552 3561 sincero
567 3503 698 3582 pectore
713 3495 893 3580 proiectum
908 3495 1020 3581 aequis
1035 3493 1150 3560 animis
1173 3501 1363 3581 accepturas
1379 3517 1460 3580 esse,

129 3609 228 3686 prout
249 3599 390 3678 easdem,
412 3609 449 3664 ut
470 3599 503 3664 id
526 3599 619 3664 aliter
640 3598 788 3684 accipere
810 3597 920 3681 nolint,
943 3596 1101 3664 benevole
1124 3597 1221 3664 etiam
1243 3605 1341 3685 atque
1363 3600 1461 3666 etiam

130 3703 312 3787 hortamur,
351 3703 438 3791 quod
461 3702 592 3790 quidem
613 3724 653 3767 ea
675 3703 796 3768 maiore
819 3723 948 3789 quoque
969 3699 1090 3767 fiducia
1113 3703 1335 3789 suscepimus,
1372 3702 1461 3788 quod

130 3827 346 3894 agnoscamus
369 3807 494 3872 muneri
515 3814 624 3871 nostro
648 3827 800 3870 caesareo
823 3805 964 3870 maxime
993 3805 1176 3872 convenire.

232 3911 384 3997 Inprimis
407 3917 515 3974 autem
538 3931 612 3973 cum
633 3909 749 3974 mentis
779 3917 910 3975 nostrae
939 3905 1051 3974 oculos
1080 3905 1123 3972 ad
1144 3905 1457 3994 perturbatissimum

129 4012 499 4100 periculosissimumque
506 4012 723 4097 praesentium
737 4019 918 4098 temporum
925 4018 1043 4076 statum
1057 4011 1372 4076 convertissemusac
1386 4033 1457 4098 per-

128 4116 352 4202 pendissemus
374 4125 443 4180 tum
466 4114 628 4180 horrenda
649 4113 794 4200 pericula
816 4113 857 4178 ab
880 4113 1000 4180 exteris
1020 4112 1287 4200 praepotentibus
1308 4112 1455 4181 hostibus

129 4219 327 4306 reipublicae
350 4218 542 4284 christianae
556 4218 774 4304 impendentia
795 4217 1084 4304 gravissimamque
1101 4214 1226 4281 cladem
1241 4237 1284 4282 ex
1297 4217 1455 4284 intestinis

128 4347 167 4388 ac
178 4322 327 4389 civilibus
338 4324 582 4409 praeteritorum
597 4343 753 4386 annorum
769 4319 861 4386 bellis
872 4319 1003 4402 illatam,
1019 4328 1086 4384 turn
1109 4320 1206 4384 stiam
1228 4329 1453 4388 sacrosanctas

128 4424 293 4512 religionis
314 4433 444 4490 nostras
465 4434 531 4490 tam
553 4423 778 4490 miserabiliter
799 4423 994 4490 dilaceratae
1015 4422 1151 4488 formam
1173 4429 1206 4486 et
1228 4422 1452 4509 conditionem,

126 4539 158 4594 et
179 4537 353 4616 propterea
375 4528 650 4593 constituissemus
678 4549 788 4593 omnes
820 4528 890 4591 vias
918 4549 958 4591 ac
979 4527 1121 4592 rationes
1142 4524 1298 4610 indagaro
1320 4548 1359 4592 ac
1380 4551 1451 4615 per·

126 4633 227 4718 sequi,
252 4631 369 4720 quibus
391 4641 438 4697 tot
459 4641 492 4696 et
512 4633 609 4696 tantis
624 4630 821 4718 reipublicae
842 4629 935 4696 malis
957 4629 1098 4694 salutare
1120 4628 1252 4716 aliquod
1272 4629 1450 4698 remedium

125 4737 260 4801 inveniri
281 4744 400 4822 posset,
422 4733 516 4800 facile
539 4734 689 4824 equidem
710 4757 770 4801 nos
792 4735 997 4820 cognovisse,
1020 4734 1047 4797 si
1070 4733 1271 4818 contingeret
1290 4730 1356 4797 8⁸⁸m
1379 4736 1448 4802 eius

124 4847 259 4903 naturae
281 4837 424 4904 debitum
445 4838 649 4924 persolvere,
671 4837 750 4902 nihil
771 4839 875 4924 magis
896 4836 1113 4904 necessarium
1135 4843 1193 4902 aut
1213 4833 1447 4904 conducibilius

122 4943 189 5006 lore
214 4941 256 5006 ad
280 4941 523 5007 sustentandam
544 4941 840 5028 restituendamqus
866 4939 1029 5027 religionis
1057 4937 1263 5004 concordiam
1289 4946 1322 5004 et
1342 4941 1444 5006 unita·

121 5055 184 5112 tem
209 5043 492 5132 conciliandosque
514 5045 759 5113 christianorum
781 5067 894 5132 regum
916 5053 948 5110 et
968 5044 1150 5132 principum
1171 5043 1311 5126 animos,
1344 5064 1442 5132 quam
