3468 5820
158 757 226 808 uber
242 755 286 806 dis
304 755 571 818 zusammensetsnng
591 751 637 804 der
654 751 859 816 Depntationem
877 747 939 800 liess
956 745 1013 798 sich
1032 721 1185 799 Ferdinarid
1201 759 1254 798 ron
1273 743 1320 796 dor
1332 743 1420 796 Theo·

158 840 408 908 logoncommisnion
427 838 577 892 Gotachten
595 843 730 890 erstatten.
757 836 917 904 Gegendber
940 833 987 884 der
1005 833 1182 899 Bahanptnng
1205 847 1257 882 von
1276 831 1377 884 Pallor.
1395 831 1420 894 2,

159 931 219 978 71⁹.
239 931 289 979 74³
308 927 370 978 dass
388 927 436 977 das
449 925 624 976 summarium
641 940 689 974 vor
708 922 754 973 der
771 923 881 974 Abreise
900 920 947 972 des
966 919 1104 971 Cardinals
1122 919 1269 984 autgesetrt
1281 913 1329 979 sei,
1342 915 1419 966 fllhre

160 1014 205 1064 ich
217 1013 285 1064 noch
299 1029 333 1064 au
345 1013 405 1062 dass
417 1028 450 1062 su
463 1011 516 1061 ihm
522 1009 647 1077 gohnuge
660 1007 895 1074 husseicbnungen
914 1005 961 1057 das
971 1006 1070 1056 Datum
1084 1007 1115 1055 1³
1129 1005 1183 1054 Μιί
1196 1011 1297 1070 tropen,
1316 1019 1345 1054 so
1359 1001 1419 1052 dass

158 1099 202 1149 die
221 1097 468 1148 Srhlnssredactr'on
494 1097 563 1147 wohl
582 1101 635 1147 erst
661 1110 695 1146 an
720 1094 779 1144 dem
802 1093 878 1160 'Pago
902 1091 949 1143 der
966 1091 1128 1156 hbsendnng
1151 1105 1185 1141 an
1204 1090 1248 1142 dis
1267 1087 1419 1141 Ooncilora-

159 1189 236 1235 toren
256 1203 288 1234 zu
307 1183 409 1234 sitands
426 1184 583 1250 gakunnun
600 1183 643 1234 itt.

680 1693 819 1780 CCLl.

377 1915 457 1989 Der
484 1915 690 1989 Kaisaros
719 1913 780 1988 die
808 1911 1146 2003 consumerem

535 2101 738 2166 lumbrach,
758 2103 789 2154 lb
807 2102 872 2152 Mai
891 2103 980 2154 1668.

541 2281 647 2336 Wiener
671 2280 850 2338 Concilocteo.
877 2280 999 2354 &soeph

474 2411 657 2468 lombrucker
681 2409 863 2468 emoneo.
887 2409 1038 2482 Abschsift.

6 2675 7 2682 ἵ
192 2591 351 2659 Nolumus
378 2613 437 2659 ros
471 2593 517 2658 uti
551 2589 664 2658 fideles
701 2591 903 2659 consiliarios
938 2599 1084 2658 oratores
1117 2601 1149 2658 et
1182 2591 1418 2659 commissarios

87 2707 218 2763 nostros
240 2697 361 2781 celare,
392 2719 465 2762 cum
488 2695 589 2762 multa
617 2693 706 2760 bisce
727 2695 876 2784 proxime
899 2697 1081 2784 praeteritis
1105 2694 1219 2760 diebus
1242 2695 1294 2762 hio
1310 2697 1417 2762 nobis·

87 2822 160 2865 cum
187 2801 308 2888 egisset
329 2799 401 2866 R¹¹''¹¹
417 2799 448 2864 in
473 2797 600 2866 Ohristo
622 2809 717 2887 pater
739 2795 779 2864 D.
803 2797 947 2865 Joannes
971 2797 1003 2864 S.
1020 2799 1055 2863 R.
1076 2797 1112 2864 Ε.
1136 2800 1307 2888 episcopus
1323 2799 1418 2865 Prae·

85 2905 235 2968 nestinus
258 2901 432 2969 cardinalis
453 2902 609 2970 Moronus
632 2903 681 2967 8¹⁰¹
710 2901 752 2970 D.
775 2900 814 2968 N.
848 2901 890 2966 ad
923 2925 1051 2968 sacrum
1086 2901 1257 2968 concilium
1290 2902 1417 2989 legatus

87 3010 214 3072 amicus
235 3018 346 3073 noster
368 3005 576 3072 charissimus
603 3005 644 3072 de
672 3017 758 3072 statu
786 3030 825 3073 ac
851 3006 949 3072 rebus
979 3004 1106 3073 concilii
1134 3015 1166 3071 et
1194 3003 1417 3094 promovendo

86 3111 157 3176 eius
180 3132 356 3198 progressu
378 3112 469 3176 iuxta
490 3131 637 3198 eaquae
665 3109 723 3174 1²¹⁸·
746 3107 778 3176 S.
801 3109 863 3176 ΙΨ·
885 3109 926 3175 ab
954 3112 1024 3198 ipso
1059 3109 1114 3176 8³¹⁰
1140 3107 1181 3173 D.
1211 3109 1251 3174 N.
1275 3111 1307 3174 in
1330 3133 1417 3175 man·

86 3213 174 3280 datis
209 3222 395 3301 acceperat,
430 3213 518 3302 quod
548 3214 631 3278 inter
658 3213 723 3280 alio
751 3214 847 3278 etiam
874 3215 993 3278 mentio
1032 3210 1179 3296 inciderit
1205 3211 1246 3278 de
1268 3211 1416 3279 libertate

86 3327 220 3404 patrum
248 3315 377 3382 dicendi
406 3317 439 3382 in
467 3313 617 3400 concilio,
647 3312 909 3404 quandoquidem
940 3313 1048 3404 aliquo
1076 3315 1172 3382 modo
1202 3313 1417 3404 disceptatum

85 3421 189 3486 fnisse
213 3417 389 3500 dicebatur,
413 3443 455 3486 an
476 3431 584 3508 patres
608 3417 736 3486 concilii
766 3417 921 3484 hactenus
945 3418 1156 3485 sufficientem
1187 3417 1358 3485 habuerint
1379 3419 1417 3484 li·

86 3522 249 3590 bertatern
272 3521 401 3590 dicendi
422 3545 534 3608 necne,
558 3522 705 3612 quodibi
721 3522 1005 3588 animadvertimus
1028 3523 1164 3588 eundem
1179 3523 1260 3587 ΒΜ
1276 3521 1417 3610 legatum

86 3629 118 3692 in
144 3649 185 3693 ea
207 3635 299 3714 parte
320 3626 417 3716 plane
440 3625 608 3692 nobiscum
621 3625 811 3710 consentire,
834 3623 987 3690 videlicet
1008 3625 1096 3715 quod
1111 3625 1306 3691 eiuscemodi
1322 3625 1416 3691 liber·

87 3741 139 3796 tas
164 3752 230 3797 non
252 3729 348 3796 modo
370 3752 437 3794 non
459 3738 545 3795 esset
566 3729 676 3817 iniqua
697 3727 755 3794 sed
785 3729 882 3794 etiam
909 3727 1019 3818 aliqua
1042 3739 1197 3818 exparte
1226 3731 1417 3812 necessaria,

86 3845 120 3900 et
142 3834 318 3922 praecipue
340 3855 382 3900 ne
403 3842 531 3922 potrum
554 3833 709 3920 suffragia
731 3831 773 3898 ad
788 3855 901 3919 regum
916 3833 969 3899 vel
985 3835 1167 3920 principum
1181 3843 1295 3900 nutum
1311 3841 1418 3898 essent

86 3937 256 4004 adstricta.
280 3946 313 4002 et
335 3959 407 4002 cum
429 3938 594 4003 internos
616 3936 692 4002 hinc
716 3935 789 4002 inde
811 3945 985 4001 tractatum
1006 3948 1090 4002 esset
1112 3936 1276 4024 quodnam
1290 3935 1416 4003 videre·

85 4053 140 4106 tur
163 4037 384 4108 adhibendum
399 4037 587 4124 remedium,
610 4039 718 4127 siquid
734 4037 798 4105 tale
820 4039 1027 4126 contingeret
1051 4042 1275 4128 proposuimus
1289 4037 1332 4106 1³²¹
1348 4038 1417 4106 eius

87 4145 123 4210 R.
149 4143 235 4210 hanc
257 4145 343 4209 viem
368 4144 455 4233 quod
477 4141 601 4210 scilicet
627 4141 765 4231 praelati
794 4164 905 4207 omnes
934 4143 967 4207 in
998 4143 1136 4210 concilio
1160 4146 1335 4211 existentes
1358 4168 1417 4233 per

87 4249 177 4336 ipsos
199 4247 270 4312 ΒΜ·
281 4245 324 4312 D.
347 4246 472 4334 legatos
495 4248 564 4312 eius
587 4249 633 4313 rei
656 4243 829 4334 diligenter
851 4245 1102 4314 admonerentur
1123 4257 1165 4331 et,
1190 4248 1293 4314 sicubi
1316 4271 1416 4337 appa·

86 4359 175 4418 reret
196 4349 319 4416 eisdem
340 4347 495 4440 praelatis
518 4349 628 4440 aliquo
650 4349 794 4417 indebito
816 4351 913 4416 modo
937 4373 994 4418 ora
1016 4373 1088 4416 esse
1111 4351 1221 4438 ligata,
1245 4350 1285 4418 de
1309 4373 1348 4418 oo
1370 4351 1416 4416 di·

86 4455 225 4542 ligenter
245 4477 285 4522 ac
307 4455 392 4521 serio
415 4462 566 4542 ageretur
588 4477 662 4520 cum
684 4452 863 4520 oratoribus
886 4453 1013 4520 illorum
1035 4478 1148 4540 regum
1171 4478 1211 4521 ac
1232 4456 1413 4546 principum

87 4583 108 4624 a
129 4558 249 4646 quibus
270 4557 407 4646 praelati
430 4557 476 4623 illi
501 4559 591 4624 missi
612 4557 740 4640 hierint,
763 4566 799 4624 ut
820 4555 867 4622 illi
889 4559 923 4624 in
945 4558 1007 4626 hac
1028 4569 1121 4648 porte
1134 4557 1316 4625 libertatem
1332 4561 1415 4625 sacri

87 4661 216 4730 concilii
239 4673 358 4728 sertam
381 4673 499 4729 tectam
531 4683 602 4726 esse
624 4669 826 4748 paterentnr3
860 4662 909 4726 sin
940 4671 1047 4728 antem
1076 4685 1136 4749 per
1163 4672 1306 4729 oratores
1336 4661 1414 4728 nihil

89 4767 308 4856 perficeretur,
330 4775 408 4831 tunc
432 4787 471 4830 ea
492 4765 564 4851 ipsa
587 4763 627 4830 de
649 4785 683 4828 re
707 4765 749 4830 ad
777 4766 932 4852 ipsosmet
953 4787 1047 4852 reges
1070 4788 1110 4831 ac
1132 4767 1295 4853 principes
1318 4787 1413 4832 socn-

88 4871 249 4937 ratissime
273 4869 477 4937 scriberetur.
502 4871 654 4958 qnoniam
677 4877 785 4934 autem
808 4868 1004 4934 ostendimus
1034 4869 1120 4957 qnod
1152 4870 1213 4958 ipsi
1235 4870 1328 4935 nobis
1350 4893 1415 4934 non

89 4979 189 5042 simus
212 4977 343 5059 conscii,
365 4996 425 5040 nos
448 4972 561 5061 paucis
583 4971 646 5036 illis
668 4970 814 5061 patribus
837 4973 891 5060 qui
922 4974 1049 5039 nomine
1077 4983 1188 5040 nostro
1212 4971 1307 5040 isthic
1330 4984 1414 5058 sunt,

89 5103 233 5171 unquam
254 5079 376 5169 aliquid
399 5080 578 5146 iniunxisse
601 5077 688 5166 quod
710 5074 892 5144 libertatem
915 5075 1058 5160 dicendi,
1089 5100 1187 5166 quam
1215 5079 1247 5142 in
1275 5077 1413 5167 publicis
