3460 5826
384 669 485 721 lantete
502 669 559 720 und
577 670 637 720 dem
661 669 760 736 Papsto
783 685 828 720 um
850 684 879 720 so
903 669 1112 721 willlrommener
1134 671 1192 722 sein
1216 675 1329 734 musste,
1353 669 1393 722 als
1415 669 1470 720 ihm
1489 669 1596 722 damnis
1616 669 1660 718 ein

386 755 475 807 Brucb
493 758 541 806 mit
561 755 622 807 dom
639 755 672 807 K.
692 755 798 822 Philipp
817 755 918 806 drohte.
938 756 1086 824 Allerdings
1103 757 1203 808 kunnte
1213 772 1274 808 man
1286 774 1321 809 nn
1334 758 1380 808 der
1389 757 1554 824 Ricbtigireit
1568 757 1661 806 dieses

386 841 646 907 zusammenhangos
664 843 715 891 irre
734 841 852 904 werdon,
875 857 951 892 wenn
968 857 1029 892 man
1052 842 1122 893 noch
1144 843 1269 909 folgende
1287 843 1414 909 Meidung
1432 845 1480 893 des
1499 842 1659 893 Gesandten

387 929 413 977 iu
431 927 498 978 Rom
516 943 578 979 vom
596 929 628 978 31
647 927 721 977 Man
739 928 765 976 in
784 927 912 978 Betrncbt
929 928 1010 978 nieht:
1029 928 1055 978 S.
1075 929 1115 978 Si·
1133 935 1227 994 questa
1244 931 1355 980 martina
1372 929 1415 980 nel
1435 932 1589 980 ocncistoro
1609 943 1658 994 pn·

384 1013 455 1064 blico
474 1013 509 1064 ha
526 1013 592 1064 tatto
610 1012 716 1080 leggere
740 1011 769 1063 la
793 1011 889 1063 lettera
912 1013 939 1062 di
964 1013 996 1065 V.
1020 1013 1071 1063 Mi·
1100 1019 1127 1064 et
1150 1013 1186 1064 ha
1204 1015 1277 1066 detto
1295 1016 1377 1066 molto
1402 1015 1517 1065 benedi
1536 1014 1570 1067 V.
1591 1015 1657 1074 Ψ,

383 1099 536 1150 mostrando
561 1099 586 1149 el
609 1099 740 1152 desiderio
768 1099 818 1150 che
842 1101 913 1149 tiene
938 1100 965 1149 in
989 1100 1096 1150 servitio
1115 1105 1142 1150 et
1159 1101 1228 1151 bene
1246 1100 1318 1150 della
1335 1099 1462 1166 religiono
1481 1101 1614 1150 cristiana
1632 1105 1659 1148 et

384 1183 401 1232 l’
413 1183 507 1235 offerta
525 1183 575 1235 cho
593 1185 620 1252 ia
638 1187 771 1251 perbene
789 1183 897 1251 publico
917 1184 944 1234 di
961 1185 1050 1234 venire
1068 1183 1094 1234 al
1112 1185 1235 1248 concilio,
1264 1189 1291 1234 et
1308 1185 1343 1235 ha
1361 1184 1434 1235 detto
1452 1201 1506 1237 non
1526 1199 1657 1236 recusare

387 1269 414 1319 (ii
431 1270 532 1320 rolerci
549 1269 648 1321 ondore
666 1286 765 1322 ancora
783 1285 843 1320 essa
860 1271 887 1320 in
904 1284 1030 1334 persona,
1057 1283 1101 1320 ma
1127 1269 1177 1320 cho
1206 1286 1255 1336 por
1278 1271 1397 1338 maggior
1415 1270 1552 1321 comedite
1568 1271 1598 1319 in
1617 1266 1657 1318 trl

386 1369 450 1406 caso
468 1357 539 1406 seria
560 1356 629 1408 bens
653 1356 804 1407 transierire
829 1355 901 1405 detto
927 1353 1040 1405 concilio
1064 1357 1092 1405 in
1116 1356 1244 1422 Bologna
1268 1355 1328 1421 Vgl.
1353 1355 1429 1422 Sarpi
1447 1359 1506 1418 675,
1534 1354 1657 1405 dordan

385 1440 468 1508 Pspst
486 1441 538 1492 den
554 1441 582 1491 k.
601 1442 676 1491 Briet
693 1442 749 1492 und
774 1443 847 1492 soine
871 1442 989 1491 Antwort
1013 1441 1134 1491 verlessn
1156 1441 1229 1494 lissi.
1254 1441 1299 1494 Nr.
1320 1441 1427 1492 coxa!
1447 1441 1549 1492 lunate
1569 1440 1655 1490 sciron

384 1527 425 1578 bis
443 1543 503 1576 aum
520 1528 553 1576 31
571 1527 644 1578 Mitra
662 1528 690 1576 in
708 1527 774 1577 Rom
792 1525 965 1592 eingetroffen
982 1528 1051 1590 sein,
1075 1526 1177 1576 enthillt
1198 1527 1264 1578 aber
1287 1527 1372 1578 nichis
1390 1544 1441 1578 von
1461 1527 1522 1577 dem
1541 1541 1599 1577 wne
1618 1527 1654 1574 im

382 1611 573 1662 Consistorinm
589 1612 749 1678 mitgstbeilt
766 1611 863 1663 wurde.
883 1611 946 1662 Alco
965 1611 1032 1677 liegt
1060 1612 1194 1664 cntweder
1204 1612 1262 1663 hier
1273 1613 1342 1664 noch
1356 1615 1398 1664 ein
1410 1613 1508 1664 andrer
1519 1611 1655 1662 amachan

384 1695 435 1747 den
454 1698 469 1746 ii
487 1695 542 1747 und
560 1699 593 1747 23
612 1697 684 1747 Mum
702 1697 831 1747 ialiendor
848 1695 924 1746 Bries
938 1713 994 1760 vor,
1011 1712 1065 1749 von
1083 1697 1143 1748 doru
1161 1699 1218 1749 sich
1236 1714 1285 1749 nur
1302 1699 1381 1749 keine
1400 1698 1468 1764 Spar
1485 1699 1520 1747 irn
1544 1697 1654 1756 Wiener

380 1783 478 1833 Archiv
497 1783 615 1833 orhalten
633 1783 685 1846 hat,
705 1783 769 1833 oder
788 1783 835 1832 der
851 1783 893 1833 tur
917 1782 959 1832 die
984 1782 1200 1834 Oeflentlichlreit
1226 1785 1377 1835 bestirnmto
1401 1785 1472 1834 Briei
1497 1799 1560 1833 vom
1580 1785 1598 1833 3
1618 1785 1653 1831 ist

382 1873 434 1924 ersi
453 1883 495 1918 am
514 1870 543 1918 iil
567 1868 618 1918 den
642 1868 802 1918 Cardinitien
826 1867 930 1918 officiell
953 1868 1073 1919 bekannt
1096 1871 1224 1935 gegeben.
1254 1871 1391 1920 Letzteres
1415 1873 1450 1921 ist
1467 1869 1516 1918 mir
1537 1867 1651 1918 desbnib

382 1953 606 2016 ushrscbeiulioh,
625 1954 684 2003 weil
704 1953 746 2003 tiis
764 1953 971 2019 Inhaltsangabe
991 1955 1017 2004 in
1035 1952 1117 2005 Areos
1135 1954 1275 2020 Deposohs
1293 1971 1354 2006 vom
1373 1957 1402 2007 31
1418 1956 1489 2005 Mirr
1504 1953 1569 2004 selrr
1581 1953 1651 2003 notri

383 2055 416 2088 nu
434 2037 482 2088 des
500 2038 607 2088 Kaisors
625 2037 769 2088 Schreiben
786 2037 841 2088 und
859 2053 892 2088 ru
915 2037 1032 2088 <lernou
1056 2039 1119 2089 Pius
1137 2040 1350 2106 beabsichtigten
1374 2042 1493 2090 Antuort
1520 2040 1571 2102 (Le
1591 2039 1652 2088 Plat

380 2127 405 2185 b,
424 2125 475 2173 eur
492 2122 546 2173 und
566 2125 626 2188 aas)
645 2131 718 2188 puset
735 2123 788 2174 und
809 2123 867 2173 weil
885 2123 972 2174 temer
990 2123 1038 2174 der
1054 2125 1145 2190 Papst
1163 2127 1204 2176 bis
1223 2141 1251 2176 er
1266 2126 1348 2176 selbot
1360 2125 1491 2190 solrlttssig
1503 2124 1648 2191 genorden

383 2224 445 2270 aar,
465 2209 508 2258 die
525 2208 648 2259 offictelle
667 2209 836 2275 Mitt-heilung
854 2209 1059 2260 arrtauschieben
1077 2211 1133 2260 und
1150 2212 1188 2262 sie
1201 2211 1268 2262 auch
1283 2211 1352 2262 dano
1365 2212 1391 2262 in
1404 2211 1446 2263 die
1459 2211 1649 2262 nllermiideste

382 2295 461 2345 Forrn
480 2293 628 2345 aukleiden
647 2296 716 2346 woirl
734 2295 828 2346 Aniass
842 2296 925 2345 hatte.

877 2479 1070 2488 ...ι-...ιιι-

834 2702 1035 2790 CCXXX
1045 2703 1114 2790 iX.

483 2921 656 2996 Weitere
685 2923 910 2998 instruction
939 2924 1091 2998 turdis
1118 2921 1459 3015 concinnatorem

734 3110 934 3174 lnnsbruek,
958 3113 996 3159 21
1016 3111 1103 3162 Mtira
1129 3112 1222 3162 1563.

834 3273 972 3328 Roarana.
998 3272 1120 3343 Concept.

415 3454 600 3520 Declaratio
624 3462 658 3518 et
677 3451 831 3518 resolutio
860 3461 971 3518 nostre
994 3474 1092 3534 super
1114 3445 1310 3538 quibusdam
1340 3453 1485 3518 articulis
1514 3475 1641 3518 concer-

310 3557 462 3622 nentibus
485 3567 604 3622 statum
628 3558 712 3622 seori
734 3556 933 3621 oecumenici
956 3553 1098 3638 concilii,
1122 3554 1211 3641 quod
1240 3555 1335 3619 modo
1365 3555 1548 3621 celebratur
1574 3557 1638 3621 Tri·

250 3651 251 3654 *
311 3660 409 3743 denti,
434 3659 524 3746 apud
551 3681 610 3724 nos
643 3661 677 3722 in
701 3657 966 3722 deliberationem
996 3667 1028 3722 et
1059 3656 1327 3723 consultationem
1355 3657 1523 3740 adductis,
1553 3662 1639 3724 cuins

309 3766 610 3849 praescriptum...
635 3761 845 3824 commissarii
869 3759 1003 3846 posthac
1027 3763 1118 3847 sequi
1152 3759 1330 3844 debebunt,
1361 3759 1445 3824 ultra
1475 3761 1530 3826 iila
1560 3785 1639 3848 quse

310 3867 374 3930 iam
398 3875 494 3931 antea
521 3867 566 3930 eis
593 3887 652 3950 per
680 3866 921 3929 instructionem
951 3873 983 3926 ct
1010 3864 1217 3948 postmodum
1244 3887 1302 3949 per
1332 3862 1439 3950 plures
1463 3863 1571 3930 literas
1594 3867 1638 3928 in·

310 3969 484 4034 iunximus.

413 4068 496 4135 Ourn
519 4068 569 4135 his
592 4069 707 4134 diebus
730 4068 773 4133 ed
796 4089 854 4133 nos
877 4067 1149 4150 relatumtuisset‚
1173 4071 1311 4154 negocia
1334 4071 1418 4135 sacri
1434 4069 1562 4134 concilii
1578 4092 1636 4133 nnn

310 4194 349 4238 eo
373 4172 486 4238 ordine
508 4181 565 4236 aut
587 4171 683 4237 modo
705 4170 883 4258 procedere
906 4173 961 4258 qui
983 4171 1035 4236 vol
1057 4171 1152 4236 nobis
1173 4170 1227 4236 vel
1249 4171 1320 4235 aliis
1343 4174 1405 4259 piis
1427 4183 1459 4238 et
1475 4173 1635 4237 catholicis

268 4325 271 4329 .
309 4274 440 4362 regibus
463 4283 560 4362 atque
577 4273 776 4361 principibus
799 4275 1000 4338 satisfaceret
1023 4285 1078 4337 aut
1101 4297 1191 4358 spem
1215 4284 1334 4338 certam
1352 4275 1524 4361 praeberet
1540 4275 1635 4360 optati

310 4379 427 4460 exitus,
450 4400 510 4443 nos
523 4425 530 4442 .
543 4426 572 4441 ..
594 4398 799 4464 nequaquem
823 4375 1142 4462 praetermittendum
1159 4376 1320 4454 duximus,
1344 4379 1420 4463 quin
1436 4377 1522 4442 illico
1546 4401 1585 4443 ea
1599 4377 1634 4440 de

310 4503 345 4545 re
368 4479 408 4544 ud
432 4479 508 4545 8¹⁸⁸
531 4478 573 4542 D.
595 4479 637 4546 N.
659 4478 769 4544 literas
799 4478 964 4560 daremus,
997 4500 1134 4564 quarum
1162 4478 1348 4565 exemplum
1376 4480 1528 4544 iamdicto
1559 4481 1633 4566 epis·

310 4603 392 4669 copo
423 4582 764 4669 Quinqueecclesiensi
796 4581 907 4646 danim
930 4591 988 4663 est,
1012 4604 1051 4646 ac
1074 4584 1207 4667 insuper
1229 4580 1401 4666 diiigenter
1422 4584 1631 4668 cogitaremus

310 4684 505 4773 quibusnam
534 4685 605 4750 aliis
633 4684 738 4750 modis
766 4694 877 4771 posset
905 4685 1001 4750 etiam
1039 4683 1234 4750 eiuscemodi
1268 4683 1481 4749 incommodis
1510 4685 1630 4749 obviam

309 4791 410 4857 iri...
434 4791 543 4874 itaque
564 4811 599 4854 re
622 4791 655 4852 in
678 4787 942 4854 deliberationem
966 4787 1117 4865 adducta,
1140 4787 1250 4873 plures
1265 4788 1422 4872 propositi
1437 4785 1528 4852 fuere
1545 4787 1629 4851 nobis

310 4891 435 4958 articuli
459 4893 514 4979 qui
536 4892 597 4956 visi
621 4901 694 4956 sunt
717 4891 759 4955 ad
782 4890 816 4955 id
837 4891 1009 4976 negocium
1031 4891 1192 4976 pertinere
1215 4888 1268 4953 vel
1283 4888 1397 4952 saltem
1413 4910 1487 4953 curn
1510 4911 1548 4955 eo
1564 4911 1629 4953 con·

309 4997 411 5063 innoti
433 5016 514 5062 esse.
538 5017 581 5062 ex
602 4995 641 5060 iis
664 5003 771 5062 autem
794 4991 886 5060 multi
908 4994 1015 5059 statim
1036 4991 1127 5058 fuere
1149 4989 1283 5058 resoluti
1305 5001 1338 5057 et
1360 4989 1563 5058 determinati
1575 5011 1627 5082 per
