3498 5818
100 737 245 816 ternpore
273 729 321 794 ita
346 729 446 796 luisse
467 731 501 796 in
523 752 594 796 rem
623 729 831 797 christianam
853 731 987 799 affectos
1009 741 1045 798 ut
1066 731 1144 798 nihil
1166 733 1270 818 magis
1291 753 1435 819 unquam

98 831 203 898 adeo
227 832 369 898 assiduis
391 831 543 919 precibus
566 832 836 918 contenderimus,
859 855 957 921 quam
972 843 1016 900 *ut
1037 835 1147 902 divina
1169 843 1201 900 et
1217 835 1342 901 infinita
1364 837 1434 901 eius

97 933 226 1000 bonitus
251 935 439 1021 dignaretur
460 937 578 1002 iustam
599 937 682 1002 iram
704 958 796 1002 suam
816 945 951 1024 prepter
964 935 1205 1002 multitudinem
1224 947 1435 1023 peccatorum

96 1037 210 1124 populi
233 1039 285 1102 sui
308 1046 499 1124 conceptam
527 1037 701 1103 clementer
722 1039 884 1104 remittere
906 1040 1141 1126 pristinamque
1168 1038 1435 1127 tranquillitatem

98 1138 275 1206 desdam
299 1139 370 1208 orbi
390 1141 567 1206 restituere.
601 1162 667 1228 qua
689 1140 821 1228 quidem
842 1143 876 1206 in
897 1164 947 1225 rc,
984 1141 1072 1228 quod
1101 1140 1226 1228 absque
1249 1146 1435 1229 arrogantia

97 1241 222 1308 dictum
246 1244 297 1326 sit,
321 1265 402 1329 quas
424 1241 535 1308 divina
555 1242 623 1308 ΜΝ
645 1252 771 1309 nostras
788 1265 859 1310 esse
874 1253 983 1330 partes
997 1243 1113 1327 voluit,
1134 1266 1194 1310 nos
1213 1246 1300 1310 omni
1315 1254 1435 1312 conatu

97 1343 279 1432 adimplere
302 1353 334 1410 et
355 1346 474 1432 exequi
496 1344 666 1428 studuisse,
687 1355 720 1415 et
742 1368 815 1412 cum
836 1345 931 1412 facile
949 1345 1199 1432 intelligeremus
1219 1356 1286 1412 tarn
1301 1348 1433 1416 exitiale

95 1448 299 1536 reipublicae
320 1447 438 1514 vulnus
460 1447 597 1514 sanandi
618 1447 739 1514 nullam
761 1448 918 1515 rationem
940 1457 1053 1515 extare
1075 1451 1178 1534 magis
1205 1449 1356 1516 idoneam
1377 1461 1434 1516 aut

96 1551 281 1626 efficacem,
300 1571 397 1637 quam
418 1549 554 1616 liberum
576 1550 727 1637 gencrale
749 1561 783 1618 et
804 1553 1048 1618 oecumenicum
1071 1549 1255 1635 concilium,
1280 1551 1323 1618 ad
1346 1551 1435 1639 quod

95 1663 262 1720 constaret
285 1653 381 1719 etiam
402 1654 569 1718 retroactis
591 1652 728 1718 saeculis
750 1654 889 1719 maiores
911 1663 1037 1718 nostros
1060 1663 1215 1742 tanquam
1246 1652 1434 1720 adsueram

95 1778 254 1821 ancoram
278 1776 405 1841 semper
426 1754 622 1838 confugisse,
643 1777 702 1822 nos
725 1755 804 1821 nihil
826 1757 930 1842 magis
952 1755 1104 1821 habuisse
1126 1758 1160 1822 in
1185 1757 1269 1822 votis
1286 1779 1383 1844 quam
1397 1767 1434 1823 ut

95 1857 299 1924 eiuscemodi
320 1855 471 1942 generale
492 1867 526 1921 et
547 1859 789 1924 oecumenicum
811 1856 982 1923 concilium
1009 1859 1113 1944 primo
1137 1880 1267 1946 quoque
1288 1867 1433 1944 tempore

95 1967 354 2048 congregaretur
375 1968 409 2026 et
430 1958 655 2044 celebraretur,
679 1982 783 2047 eaque
806 1959 848 2025 de
868 1982 905 2025 re
926 1982 991 2025 non
1013 1958 1109 2026 modo
1136 1959 1223 2025 hunc
1243 1959 1433 2028 modernum

96 2085 262 2128 summum
285 2063 484 2150 pontificem,
512 2064 744 2128 verumetiam
772 2061 877 2128 felicis
904 2061 1136 2130 recordationis
1165 2063 1432 2148 praedecessores

95 2164 146 2230 8⁶·
169 2187 252 2230 suae
275 2166 406 2251 saepius
428 2162 660 2250 interpellasse,
683 2165 793 2252 itaque
808 2165 962 2230 nuncium
977 2163 1072 2230 nobis
1088 2166 1308 2250 gratissimum
1323 2165 1432 2243 fuisse,

95 2266 231 2356 quando
260 2265 477 2332 intelleximus
505 2265 570 2332 Se„
598 2288 690 2334 suam
717 2267 850 2351 inipso
878 2267 987 2331 statim
1019 2266 1225 2351 pontificatus
1259 2268 1309 2330 sui
1343 2268 1432 2334 initio

95 2393 210 2436 curam
245 2367 460 2436 subveniendi
491 2367 620 2434 afflictis
653 2377 686 2434 et
716 2367 816 2455 lapsis
844 2367 1001 2436 ecclcsiae
1028 2391 1068 2434 ac
1102 2367 1302 2454 reipublicae
1334 2369 1432 2436 rebus

95 2473 282 2560 suscepisse
304 2479 337 2537 et
359 2470 526 2538 consilium
548 2469 712 2536 indicendi
741 2470 991 2558 celebrandique
1007 2470 1100 2537 liberi
1115 2470 1276 2556 generalis
1292 2481 1324 2536 et
1339 2494 1431 2538 oecu-

97 2577 219 2644 menici
247 2571 375 2640 concilii
402 2575 550 2656 inivisse,
579 2572 852 2660 quemadmodum
880 2582 914 2638 et
941 2596 1028 2640 nunc
1057 2597 1122 2639 nou
1150 2575 1309 2658 possimus
1330 2575 1433 2640 teneri

97 2680 179 2766 quin
202 2679 297 2744 istius
316 2675 406 2744 modi
419 2685 589 2762 paternam
602 2675 841 2742 solicitudinem
856 2675 906 2740 8²¹·
920 2699 1000 2742 suae
1015 2699 1093 2742 vero
1110 2685 1239 2762 pastore
1256 2674 1434 2742 catholicae

97 2780 262 2848 ecclesiae
284 2778 416 2868 dignam
438 2781 571 2846 summis
593 2778 744 2846 laudibus
767 2777 962 2846 extollamus
986 2801 1026 2846 ac
1050 2779 1147 2846 deum
1164 2780 1281 2865 iugiter
1296 2800 1433 2858 oremus,

96 2892 133 2950 ut
155 2884 241 2950 haec
262 2884 318 2968 pia
339 2889 372 2948 et
393 2880 548 2948 salutaria
570 2879 619 2947 Sc·
642 2905 720 2948 suae
743 2890 838 2968 cepta
860 2884 908 2948 sic
939 2882 1104 2950 sonunars
1135 2879 1299 2966 dignetur,
1329 2889 1365 2945 ut
1387 2881 1433 2946 eis

98 2989 199 3052 etiam
221 2993 352 3070 optatus
374 2991 509 3050 eventus
530 2984 735 3070 respondeat.

203 3087 378 3155 Caeterum
406 3089 484 3154 licet
509 3109 568 3174 pro
595 3096 707 3153 nostro
729 3085 801 3152 nelo
823 3087 911 3152 etin
933 3107 1003 3150 rem
1025 3085 1231 3152 christianam
1255 3083 1364 3150 studio
1386 3083 1433 3151 lu·

97 3193 216 3258 beuter
246 3191 376 3277 ipsimet
401 3213 488 3256 nunc
516 3191 624 3256 statim
651 3188 842 3255 Tridentum
867 3187 1005 3274 profecti
1033 3209 1193 3269 essemus,
1224 3209 1288 3274 quo
1311 3189 1432 3254 rectius

98 3295 287 3382 praesentis
311 3302 424 3360 nostra
450 3292 580 3359 utilitati
605 3300 638 3358 et
659 3291 756 3358 saluti
779 3292 940 3358 communi
962 3287 1130 3356 consulere
1152 3311 1333 3376 possemus,
1357 3313 1432 3358 cum

98 3409 209 3464 tamen
238 3396 273 3463 id
301 3395 394 3463 nobis
416 3405 549 3483 propter
569 3393 724 3482 plurimas
747 3403 780 3459 et
801 3393 1010 3480 gravissimas
1034 3391 1264 3477 occupationes
1287 3393 1371 3456 sacri
1394 3391 1432 3459 R.

99 3501 230 3586 imperii
246 3521 488 3585 *regnorumque
500 3505 544 3564 'et
565 3496 780 3563 dominiorum
802 3503 985 3562 nostrorum
1009 3493 1052 3560 ad
1072 3515 1228 3580 praeseus
1244 3515 1309 3559 non
1324 3492 1432 3576 liceat,

100 3624 209 3690 neque
223 3623 303 3666 vero
318 3610 491 3687 propterea
505 3598 644 3666 velimus
659 3601 787 3664 interim
803 3599 956 3688 quiquam
971 3594 1059 3683 quod
1074 3597 1107 3664 in
1121 3593 1184 3665 bac
1198 3604 1291 3682 parte
1308 3596 1432 3660 muneri

99 3713 213 3772 nostro
237 3701 298 3768 0¹⁸⁶
321 3702 478 3768 incumbit
500 3704 662 3777 omittere„
691 3699 834 3769 voluisse
856 3697 971 3766 saltem
994 3695 1153 3764 solemnes
1176 3706 1322 3763 oratores
1344 3719 1432 3762 man·

99 3807 246 3873 datarios
268 3813 301 3872 et
323 3804 558 3870 commissarios
580 3813 707 3870 nosnos
730 3802 774 3870 ad
796 3802 918 3870 dictum
940 3799 1112 3868 concilium
1135 3798 1292 3886 expedire
1316 3801 1372 3887 qui
1399 3801 1433 3865 in

101 3933 139 3976 eo
162 3929 336 3996 personam
359 3915 504 3972 nostram
524 3915 680 3994 tanquam
701 3905 920 3974 Romanorum
942 3903 1146 3989 imperatoris
1168 3924 1208 3968 ac
1228 3904 1313 3987 regis
1329 3901 1433 3968 Bohe-

100 4015 186 4080 miae
217 4033 278 4076 nec
304 4031 371 4076 non
402 4007 585 4076 archiducis
610 4009 765 4076 Aushiae
797 4005 939 4076 referant
972 4025 1046 4070 cum
1075 4003 1172 4090 plena
1200 4005 1371 4070 autoritate
1401 4013 1433 4070 et

100 4112 267 4194 mandato,
290 4111 377 4200 quod
398 4113 527 4178 nominc
549 4133 589 4176 ac
616 4111 688 4179 loco
710 4119 820 4176 nostro
844 4107 1053 4176 celebrationi
1080 4105 1158 4170 dicti
1189 4104 1316 4170 concilii
1338 4107 1433 4171 inter-
1549 4175 1551 4180 ,

102 4217 238 4284 veniant
259 4223 292 4279 et
313 4236 398 4302 quae
420 4223 604 4282 nostrarum
626 4215 766 4296 partium
782 4221 876 4278 erunt
890 4233 930 4276 ea
944 4232 1011 4298 qua
1024 4207 1119 4274 decet
1132 4205 1196 4272 fide
1211 4229 1252 4272 aa
1267 4205 1434 4294 diligentia

104 4326 204 4406 agant
226 4325 260 4384 et
280 4338 346 4382 una
368 4338 441 4382 cum
464 4315 601 4388 sliisde
621 4318 661 4382 iis
683 4315 779 4382 rebus
808 4335 892 4402 quae
919 4314 953 4378 in
975 4309 1110 4378 concilio
1133 4307 1277 4394 generali
1300 4332 1432 4376 consue·
1537 4355 1538 4360 η

104 4427 222 4488 verum
242 4419 375 4486 secari
398 4439 525 4486 summo
546 4418 656 4487 studio
672 4405 822 4484 ¹tractent
850 4413 1033 4482 consultent
1060 4420 1094 4476 et
1120 4409 1315 4492 deliberent,
1337 4419 1434 4497 prout

103 4533 170 4588 tam
193 4523 297 4586 saneti
320 4528 353 4586 et
375 4523 550 4586 necessarii
573 4523 679 4607 operis
702 4529 929 4604 tantorumque
947 4515 1157 4602 negociorum
1172 4513 1313 4579 conditio
1329 4523 1431 4580 status

104 4625 281 4692 necessitas
303 4645 365 4692 nec
390 4641 457 4690 uon
478 4625 649 4688 universae
672 4621 914 4694 christianitatis
943 4615 1030 4685 salus
1058 4624 1091 4682 et
1112 4615 1233 4680 utilitas
1256 4639 1433 4702 exposcere

105 4725 309 4797 videbunmr.
326 4733 359 4790 et
373 4724 447 4793 ideo
461 4724 598 4811 praefati
613 4733 759 4792 oratores
774 4721 984 4791 commissarii
996 4728 1029 4784 et
1039 4715 1233 4784 mandatarii
1243 4721 1344 4784 nostri
1356 4743 1433 4786 mox

105 4851 176 4896 sese
206 4828 321 4902 offane
349 4825 515 4897 debebunt
542 4826 642 4914 quod,
672 4849 770 4914 quam
798 4828 938 4913 primum
964 4823 1090 4888 initium
1114 4819 1247 4907 aliquod
1270 4843 1377 4886 rerum
1400 4825 1432 4886 in

109 4931 195 4998 dieto
217 4927 353 4999 concilio
368 4928 619 5004 ¹tractandarum
640 4929 761 4996 factum
784 4927 888 5010 fuerit,
910 4925 954 4992 ad
976 4918 1154 5014 quamhbet
1168 4923 1312 5008 ipsorum
1327 4925 1433 4990 Bm

108 5032 287 5122 legatorum
312 5031 555 5119 requisitionem
582 5039 615 5098 et
641 5031 828 5117 petitionem
857 5037 890 5096 et
915 5035 1011 5114 prout
1038 5045 1058 5088 a
1085 5019 1178 5090 nobis
1206 5025 1241 5105 in
1270 5026 1432 5101 mandatis
