3460 5826
1309 527 1371 598 m

150 717 221 784 Aut
242 717 294 783 die
321 716 417 784 Luna
438 717 636 784 betreffende
662 715 809 804 Anfrage
836 726 1013 782 antworten
1041 718 1103 784 sie:
1229 729 1371 786 oratores

63 823 112 909 ipsi
134 819 241 909 [chre
256 820 353 909 regis]
378 823 520 908 graviter
541 844 576 888 se
597 821 705 888 dolere
728 820 899 886 ostendunt
909 844 1014 908 neque
1026 821 1060 888 id
1078 822 1172 890 eliam
1186 825 1227 892 ob
1240 847 1370 892 causam

60 925 118 990 fieri
132 927 233 1008 aiunt,
256 926 365 1008 sitiat,
389 947 486 1014 quam
511 935 547 990 ut
571 928 714 1012 ipsorum
738 927 808 1011 regi
834 927 868 990 in
886 914 1114 1013 praecedentia
1129 927 1261 1017 aliquod
1281 949 1371 1017 prae·

59 1029 201 1094 indicium
224 1029 288 1094 hoc
308 1030 394 1096 lactc
416 1030 588 1112 adferatur,
620 1029 677 1094 scd
698 1031 731 1095 in
753 1053 792 1096 eo
814 1051 857 1095 ex
877 1039 1021 1117 tempore
1048 1039 1081 1097 et
1114 1054 1157 1097 ax
1183 1033 1231 1097 rei
1262 1053 1371 1099 neces·

15 1163 16 1194 ;
58 1135 141 1198 ritate
174 1131 345 1199 consilium
374 1145 525 1221 captiuos
556 1153 626 1199 esse
656 1156 690 1200 se
713 1133 834 1200 dicunt.
867 1143 1034 1220 praeterea
1061 1157 1134 1200 cum
1156 1135 1300 1201 modeste
1333 1159 1373 1202 ea

57 1236 90 1301 de
115 1259 149 1304 re
172 1237 344 1303 Lansacus
372 1259 481 1304 coram
503 1259 554 1303 me
577 1235 956 1327 Quinqueecelesiensem
980 1238 1217 1326 expostularet,
1247 1237 1373 1306 addidit

57 1339 162 1406 Gallos
190 1363 259 1408 non
286 1351 460 1428 expectare
489 1341 619 1428 aliquod
647 1341 880 1428 praeiudicium
902 1365 922 1406 a
943 1341 999 1406 M‘·
1021 1342 1062 1406 V.
1085 1341 1128 1424 S„
1159 1364 1259 1428 quum
1280 1341 1372 1408 brevi

55 1465 106 1508 rex
134 1466 216 1509 suus
244 1447 370 1510 maiora
392 1446 550 1511 amicitiae
572 1444 702 1510 foedera
724 1467 796 1510 cum
826 1444 921 1510 domo
943 1443 1115 1512 Austriaca
1142 1445 1222 1512 inire
1245 1446 1372 1530 cogitet.

56 1567 147 1630 parvo
177 1557 255 1634 post
286 1549 452 1639 interiecto
474 1557 618 1634 tempore
640 1547 869 1634 interrogabat,
899 1558 1030 1636 quotum
1053 1571 1172 1614 annum
1194 1547 1261 1613 filia
1283 1546 1370 1613 Ser⁰¹

55 1651 132 1736 regis
156 1647 338 1716 Bohcmiae
359 1659 438 1716 natu
459 1652 562 1716 malor
584 1660 716 1736 ageret.
735 1700 766 1716 ..

147 1751 239 1819 Illud
254 1755 350 1820 etiam
363 1803 369 1818 .
384 1803 413 1818 ..
430 1753 677 1840 significandum
689 1754 848 1838 duximus,
864 1755 926 1822 nisi
941 1755 1130 1844 propediem
1145 1753 1230 1820 adsit
1241 1755 1281 1820 D.
1293 1753 1373 1820 Pra-

54 1859 165 1941 gensis,
190 1858 336 1924 futurum
357 1859 448 1926 utin
470 1857 612 1924 sessione
634 1857 740 1924 nullus
761 1857 822 1924 Me.
844 1857 885 1926 V.
908 1857 941 1924 S.
958 1867 1066 1925 orator
1087 1858 1294 1924 interfuturus
1317 1858 1372 1940 sit3

55 1982 119 2024 nam
133 1983 239 2049 quum
254 1961 308 2028 hic
321 1963 386 2026 iam
402 1972 555 2027 statutum
570 1963 620 2037 sit
632 1983 675 2026 ne
686 1963 758 2049 quis
769 1964 803 2027 in
819 1963 980 2028 civitatem
991 1963 1225 2046 intromittatur,
1240 1963 1302 2026 nisi
1316 1983 1375 2049 per

55 2062 182 2151 aliquod
205 2075 334 2153 tempus
355 2065 389 2129 in
404 2065 511 2130 vicino
535 2063 642 2151 aliquo
657 2063 728 2132 loco
752 2063 914 2148 subsistat,
939 2074 971 2130 et
986 2065 1129 2132 nondum
1143 2063 1185 2129 D.
1200 2065 1373 2151 Pragensis

55 2165 240 2236 discessisse
262 2167 460 2256 intelligatur
482 2177 514 2234 et
536 2167 605 2234 dies
629 2169 781 2235 sessionis
804 2191 868 2234 non
897 2166 1011 2256 procul
1039 2168 1132 2252 absit,
1161 2189 1312 2234 veremur
1333 2191 1373 2232 ne

54 2269 81 2332 id
104 2271 195 2359 qnod
208 2272 350 2338 diximus
366 2274 503 2339 eveniat
525 2296 601 2338 nam
617 2274 712 2339 etiam
728 2273 767 2338 D.
785 2271 1025 2359 Sigismundum
1041 2295 1061 2337 a
1075 2272 1188 2338 Tonno
1204 2273 1269 2336 M¹²'
1284 2271 1323 2337 V.
1340 2269 1372 2336 S.

54 2371 121 2440 hinc
143 2373 365 2465 Oenipontem
395 2377 560 2444 discedere
581 2377 715 2443 mundat
730 2426 738 2441 .
754 2426 786 2442 ..

184 2517 264 2569 Noch
282 2516 400 2568 erwtlhnt
416 2517 493 2568 vird:
511 2515 590 2568 hodie
607 2521 695 2582 patres
705 2517 847 2567 sententias
860 2515 892 2566 de
904 2521 1069 2567 sacramento
1082 2514 1179 2566 ordinis
1192 2513 1369 2566 absolverunt.

114 2601 167 2654 Die
187 2603 325 2654 einzelnen
342 2603 429 2654 Voten
446 2605 473 2654 ln
485 2602 626 2654 Mendham
644 2603 788 2666 asu-301,
805 2603 833 2652 ln
851 2602 978 2652 walchem
990 2600 1080 2652 Buche
1101 2601 1250 2667 uberhaupt
1263 2599 1374 2650 diesteh

113 2689 227 2740 Monate
245 2689 308 2756 lang
316 2688 738 2754 hinuiehendenVerhandlungen
759 2690 825 2738 tlber
842 2689 885 2738 die
903 2704 989 2740 neuen
1005 2689 1137 2755 Vorlagen
1155 2693 1202 2755 gut
1221 2685 1373 2753 dargestellt

114 2777 184 2828 sind.
203 2777 259 2828 sur
276 2777 318 2827 dis
342 2777 575 2844 Zeitbastimmung
593 2774 639 2826 der
657 2775 793 2826 einzelnen
811 2775 1038 2842 congregatiouen
1056 2777 1091 2828 ist
1108 2791 1150 2827 am
1168 2777 1261 2826 beaten
1278 2788 1312 2823 au
1329 2788 1373 2839 ge·

114 2863 256 2914 brauchen
274 2863 321 2914 des
339 2863 457 2913 Diarium
476 2864 503 2912 in
520 2861 673 2913 Beccadelli
691 2865 715 2925 3,
733 2865 765 2912 42
784 2877 856 2928 sequ.
876 2890 908 2899 -

617 3257 808 3344 CCXIII.

335 3425 467 3502 Martia
496 3428 544 3502 da
572 3423 739 3502 Guzman
767 3447 813 3500 an
843 3425 915 3499 deu
945 3423 1094 3514 lislam

461 3573 604 3637 bladrid‚
622 3575 661 3624 24
679 3571 828 3624 October
847 3571 941 3623 1562.

559 3719 725 3791 Hepeaioa.
751 3717 887 3790 original.

153 3847 196 3916 K
208 3847 336 3937 Philipp
350 3848 426 3914 liess
437 3847 502 3913 ihm
515 3871 566 3914 am
581 3845 833 3913 12durehA1ba
850 3844 978 3910 betreffs
994 3843 1051 3910 der
1063 3838 1206 3907 Freiheit
1220 3839 1277 3905 des
1293 3836 1375 3905 Ocn-

60 3947 113 4014 oils
135 3950 205 4018 und
227 3952 285 4018 der
306 3950 701 4038 Reformverhandlungen
723 3948 914 4014 mittheilen:
1031 3968 1094 4033 que
1116 3967 1155 4009 su
1176 3942 1225 4007 M‘¹
1247 3941 1376 4029 qando

60 4050 95 4116 de
118 4076 203 4120 cuan
231 4077 312 4141 gran
333 4057 546 4142 ynportanqisa
573 4077 631 4120 son
654 4063 739 4120 estus
769 4053 827 4118 dos
858 4061 976 4138 puntos
997 4071 1078 4137 para
1100 4047 1129 4113 el
1151 4046 1237 4112 buen
1260 4067 1373 4111 sucoso

58 4151 105 4218 del
129 4153 301 4246 [concilio]‚
325 4180 410 4244 avya
431 4156 534 4224 hecho
557 4180 618 4245 por
639 4157 752 4223 ambos
774 4156 943 4242 ynstancia
966 4176 1027 4218 con
1049 4174 1087 4216 su
1110 4149 1146 4215 S‘¹
1167 4150 1261 4214 hasta
1282 4147 1373 4214 desa-

58 4255 150 4327 brirle
172 4283 196 4349 y
219 4259 249 4328 lo
271 4283 393 4328 mesmo
417 4285 477 4327 con
499 4261 547 4327 los
569 4260 712 4348 legados,
735 4259 784 4326 Ios
806 4257 917 4346 quales
933 4279 975 4322 an
990 4251 1185 4341 respondido
1200 4251 1231 4316 al
1246 4274 1303 4338 rey
1318 4261 1374 4316 tan

58 4368 387 4451 ynpertinentemente
409 4389 472 4456 que
495 4388 533 4431 su
553 4364 602 4430 M⁶
624 4385 709 4450 avya
729 4362 860 4429 tomedo
882 4382 941 4448 por
962 4357 1100 4446 partido,
1127 4377 1187 4443 per
1207 4377 1250 4420 no
1273 4354 1376 4420 ander

61 4485 117 4532 con
139 4467 218 4536 ellos
241 4492 281 4535 eu
304 4469 449 4553 carteles,
479 4469 520 4536 de
541 4491 583 4534 no
606 4468 653 4534 les
674 4466 880 4554 respondere,
909 4485 1000 4530 como
1022 4461 1066 4526 ha
1087 4459 1199 4526 hecho.
1233 4479 1275 4524 no
1298 4457 1375 4524 dixu

61 4566 88 4631 el
108 4595 166 4661 rey
189 4572 368 4660 deconoqer
397 4575 437 4640 de
460 4584 577 4641 cuanta
597 4571 821 4661 ymportanpia
842 4589 900 4633 sea
920 4575 1019 4632 trater
1040 4565 1251 4652 primamente
1280 4561 1321 4627 de
1343 4560 1376 4625 la

61 4673 278 4762 salomonior,
306 4699 376 4744 mas
398 4677 487 4742 halla
513 4697 557 4741 un
580 4697 661 4762 gran
681 4674 949 4762 ynconveniente,
972 4689 1052 4756 para
1075 4689 1138 4754 que
1161 4675 1228 4732 esto
1252 4663 1283 4730 al
1305 4687 1374 4752 pre·

63 4791 146 4850 sente
171 4805 214 4850 no
241 4805 276 4848 se
297 4779 406 4870 pueda
433 4782 532 4848 hanes·
557 4803 580 4868 y
609 4797 643 4845 es
666 4789 752 4844 ester
780 4775 821 4842 de
841 4797 902 4864 por
927 4771 1035 4838 medio
1064 4770 1095 4836 el
1122 4766 1375 4856 proponentibus

65 4875 180 4971 legatis,
202 4909 326 4976 perque
349 4886 522 4976 quedando
544 4893 613 4951 esto
637 4907 677 4950 en
699 4905 739 4950 su
760 4881 872 4966 tuerpa
892 4878 977 4944 tiene
1000 4874 1030 4940 el
1045 4871 1182 4940 conellio
1197 4873 1246 4941 leo
1264 4891 1375 4938 manos

65 4989 178 5075 stades,
208 5013 313 5079 ypor
335 4997 402 5056 este
424 4997 570 5078 respecto
597 4987 629 5054 le
651 5011 672 5052 a
692 4984 845 5075 perepido
872 4981 904 5048 ul
925 5003 983 5066 rcy
1012 4999 1073 5067 que
1095 4975 1127 5044 lo
1150 4978 1289 5066 primore
1313 4993 1376 5061 que

66 5108 96 5156 ⁸0
116 5093 198 5162 deva
218 5118 403 5184 procurare,
427 5118 462 5162 es
484 5115 547 5183 que
569 5092 599 5158 el
622 5113 708 5178 papa
730 5089 815 5177 haga
837 5111 877 5154 en
893 5096 962 5152 esto
986 5083 1026 5150 de
1042 5079 1296 5171 proponentibus
1311 5099 1377 5146 uua

110 5217 238 5269 stessi...
256 5213 424 5260 ιιιιοιιιιι.
1175 5205 1208 5256 oe
