3498 5818
449 669 579 734 Prospero
597 666 714 718 schreibt
731 679 765 714 sn
788 663 941 714 demselbsn
958 664 1046 728 Tage,
1071 663 1201 714 naehdem
1224 674 1254 713 cr
1276 663 1353 714 einen
1370 661 1445 712 Briei
1466 661 1512 710 des
1531 659 1646 710 Kciaers

381 771 416 806 an
437 755 489 804 den
506 754 588 818 Papst
610 767 671 802 vom
694 751 727 800 30
745 749 894 800 November
918 748 1034 800 erwithnt
1056 747 1115 800 bct:
1142 747 1178 799 ba
1200 752 1343 800 monstrato
1368 747 1394 800 S.
1414 746 1454 798 8¹·
1473 747 1501 796 di
1522 747 1645 796 sentime

381 839 526 906 allegressa
543 837 650 906 grande,
669 841 696 886 et
713 837 748 886 mi
765 835 802 885 ha
821 835 895 886 detto
915 833 965 885 cbe
983 833 1002 884 li
1020 834 1102 900 legati
1118 849 1167 902 per
1183 839 1317 900 aspettare
1335 833 1354 884 li
1372 832 1546 884 inbascistori
1567 830 1595 880 di
1613 829 1649 884 V.

380 925 431 976 Ml*
455 924 543 975 hanno
561 927 703 988 prorogato
723 923 780 971 sino
799 919 845 970 alli
865 921 896 970 15
916 919 942 968 di
960 919 1062 969 Zonsro
1080 935 1097 969 a
1114 919 1170 970 iare
1189 919 1244 969 dire
1262 918 1290 968 la
1306 933 1393 968 messa
1406 915 1443 968 dil
1454 917 1548 983 spiritu
1560 918 1649 966 nuto.

381 1010 442 1076 vgs
461 1009 618 1061 Pallavicini
637 1011 661 1071 2,
679 1009 741 1072 2491
759 1005 902 1057 Mendham
920 1007 968 1068 203
987 1005 1072 1070 Epist.
1090 1005 1226 1072 Pogisuae
1244 1006 1268 1068 3,
1287 1005 1329 1056 16.

889 1411 1081 1499 CXLVI.

343 1635 567 1709 instruction
595 1633 658 1705 tur
685 1631 745 1703 die
773 1628 1019 1704 kaiserlicben
1045 1625 1236 1705 Oratoren
1265 1630 1334 1703 aut
1356 1627 1442 1701 dem
1469 1622 1622 1718 (lencil3

788 1783 886 1850 eug,
906 1785 920 1833 1
938 1782 1067 1834 renen
1085 1783 1174 1834 isse.

753 1961 860 2015 Wiener
884 1959 1063 2015 Concilucien.
1093 1959 1216 2031 Gonccpt.

666 2081 848 2140 remanete
872 2079 1050 2138 Ooaeilaeun.
1072 2079 1142 2150 Hefl
1163 2082 1217 2137 Nr.
1241 2082 1291 2136 40.

825 2258 1052 2326 Ferdinandns
1076 2269 1136 2326 etc.

417 2416 590 2481 Instructio
606 2415 649 2480 ad
664 2415 757 2480 cuius
773 2415 1008 2501 praescriptum
1029 2411 1095 2477 Ra..
1116 2413 1253 2478 devotus
1275 2410 1381 2477 fidelis
1400 2410 1494 2476 nobis
1511 2409 1651 2476 dilectus

315 2517 499 2582 Anthemius
532 2517 795 2604 archiepiscopus
823 2516 996 2602 Prageneis
1030 2538 1070 2579 ae
1100 2513 1327 2601 sigismundus
1360 2514 1519 2579 aThunn
1541 2515 1646 2579 nostri

317 2619 490 2685 consiliarii
512 2629 544 2684 et
566 2619 608 2684 ad
635 2619 842 2706 infrascripta
863 2619 1002 2705 negocia
1025 2618 1203 2684 comissarii
1226 2626 1370 2683 oratores
1394 2623 1426 2682 et
1447 2615 1646 2682 mandatarii

316 2724 442 2788 sesain
465 2721 616 2787 obeunda
638 2721 808 2808 legatione,
832 2743 930 2809 quam
953 2722 998 2786 eis
1022 2720 1064 2785 ad
1086 2719 1239 2806 generale
1261 2731 1294 2785 et
1308 2721 1550 2785 oecumenicum
1566 2741 1645 2784 eon-

318 2824 424 2890 cilinm
452 2824 670 2910 superioribus
700 2823 864 2889 mensibus
896 2847 916 2889 a
938 2823 995 2889 8³⁰
1017 2824 1058 2888 D.
1081 2823 1120 2888 N.
1143 2824 1291 2889 Tridenti
1319 2823 1475 2888 indictum
1503 2823 1647 2907 benigne

319 2926 594 3008 demandavimus,
617 2948 675 3011 pro
691 2948 731 2990 ea
746 2949 811 3013 qua
824 2925 964 3014 praediti
979 2935 1055 2992 sunt
1068 2925 1243 3014 prudentia
1257 2937 1290 2993 et
1304 2949 1411 2992 rerum
1426 2925 1647 3012 gerendarum

320 3029 513 3094 dexteritate
535 3026 835 3094 accommodabunt.

420 3132 563 3196 Primum
586 3133 646 3198 erit
667 3133 797 3218 quando
820 3131 978 3219 praedicti
999 3135 1100 3199 nostri
1124 3143 1267 3200 oratores
1283 3134 1493 3199 commissarii
1509 3141 1542 3198 et
1555 3153 1645 3196 man·

321 3235 438 3300 datarii
460 3233 647 3299 Tridentum
669 3236 884 3320 pervenerint,
906 3243 942 3300 ut
964 3235 1026 3302 sibi
1049 3245 1163 3301 curent
1185 3234 1285 3302 aR'¹²'
1305 3237 1338 3301 in
1354 3235 1483 3301 Christo
1497 3234 1646 3322 patribus

318 3336 351 3402 S.
374 3337 411 3400 R.
436 3337 595 3402 eeclesiae
628 3337 847 3404 cardinalibus
870 3336 919 3403 8²²·
942 3356 1020 3404 suae
1054 3347 1087 3404 et
1114 3337 1147 3405 S.
1178 3339 1263 3404 sedis
1297 3337 1494 3427 apostolicae
1526 3335 1644 3423 legatis

316 3439 359 3506 ad
381 3438 551 3505 concilium
573 3439 635 3505 hoe
658 3440 820 3528 deputatis
844 3442 955 3505 amicis
977 3441 1095 3505 nostris
1124 3439 1320 3506 charissimis
1346 3440 1461 3506 horam
1483 3439 1644 3525 assignari

315 3542 359 3607 ad
381 3565 479 3630 quam
500 3563 571 3607 sese
595 3565 704 3607 eoram
727 3544 773 3607 eis
797 3542 952 3609 exhibere
968 3553 1000 3608 et
1014 3543 1170 3608 mandata
1186 3567 1206 3608 a
1219 3543 1313 3610 nobis
1330 3553 1465 3630 accepta
1481 3563 1645 3628 exponere

316 3655 445 3733 queant
482 3666 522 3709 ea
554 3667 632 3710 vero
666 3646 841 3710 constituta
870 3647 934 3733 ipsi
956 3656 1101 3712 oratores
1125 3657 1157 3712 et
1179 3647 1391 3712 commissarii
1414 3646 1515 3711 nostri
1536 3651 1648 3730 pater·

315 3748 471 3812 nitatibus
493 3767 604 3812 eorum
626 3746 693 3811 Rea
721 3746 831 3813 literas
862 3758 988 3814 nostras
1012 3747 1225 3815 credentiales
1247 3749 1385 3815 reddent
1407 3771 1446 3814 ac
1467 3747 1593 3812 idoneis
1616 3753 1650 3810 et

316 3850 471 3937 appositis
483 3849 592 3915 verbis
605 3846 777 3935 plurimam
789 3849 926 3916 salutem
939 3851 1048 3918 dicent
1060 3875 1133 3919 cum
1148 3851 1314 3918 luculenta
1328 3850 1502 3938 singularis
1516 3858 1648 3916 nostrae

316 3973 472 4037 argaeos
494 3949 740 4016 benevolentiae
764 3953 1000 4020 testificatione.

417 4053 546 4119 Deinde
567 4075 644 4118 vero
667 4063 832 4140 exponent
853 4076 912 4120 nos
935 4057 1120 4124 existimare
1136 4065 1412 4144 supervacaneum
1429 4077 1509 4134 esse,
1535 4077 1646 4120 coram

317 4155 565 4242 paternitatibus
595 4177 707 4220 eorum
735 4154 801 4220 1³¹¹·
836 4157 879 4221 ad
907 4179 1062 4244 praesens
1090 4157 1221 4244 longam
1252 4161 1429 4224 orationem
1456 4155 1578 4223 habere
1608 4157 1649 4222 de

316 4259 480 4345 praesenti
503 4258 782 4324 calamitosissimo
806 4267 838 4323 et
860 4260 1140 4346 perturbatissime
1163 4285 1271 4328 rerum
1294 4271 1327 4329 et
1348 4270 1529 4348 temporum
1551 4267 1649 4343 statu,

316 4362 351 4425 in
372 4381 437 4447 quo
460 4361 566 4426 divisa
587 4370 620 4426 et
642 4360 797 4427 distracta
819 4363 853 4426 in
867 4370 916 4427 tot
929 4374 1039 4451 partes
1055 4363 1231 4430 christiana
1245 4364 1401 4451 religione
1415 4373 1528 4430 nostra
1545 4363 1650 4430 omnis

317 4463 417 4528 ferme
445 4465 549 4550 pietas
576 4465 610 4528 in
635 4465 750 4527 animis
782 4461 947 4530 hominum
970 4467 1011 4530 sit
1032 4469 1184 4541 extincta,
1208 4467 1326 4533 caritas
1347 4465 1512 4532 refrixerit
1534 4473 1566 4532 et
1589 4464 1652 4529 dis-

320 4564 441 4650 ciplina
462 4567 495 4630 in
517 4575 656 4650 utroque
679 4574 765 4630 statu
787 4565 1007 4634 ecclesiastico
1031 4577 1063 4634 et
1085 4569 1245 4634 saeculari
1268 4579 1420 4656 corrupta
1436 4570 1550 4634 iaceat
1575 4589 1650 4633 cum

318 4669 403 4732 enim
431 4667 510 4731 nihil
537 4666 652 4732 horum
680 4670 892 4753 paternitates
916 4691 1027 4736 eorum
1048 4671 1120 4736 R¹²¹¹
1142 4671 1247 4758 fngiat
1267 4695 1328 4738 nec
1350 4673 1454 4759 possit
1475 4671 1572 4736 etiam
1597 4692 1649 4734 res

320 4769 388 4834 sine
410 4771 601 4854 gravissimo
624 4770 735 4835 dolore
756 4772 883 4856 piarum
898 4773 1024 4839 aurium
1040 4775 1194 4858 enarrari,
1217 4796 1277 4840 nos
1294 4776 1479 4840 existimare
1494 4796 1560 4839 non
1577 4795 1648 4838 esse

320 4873 388 4936 eius
411 4871 474 4938 loci
495 4881 623 4960 tempus
645 4871 927 4939 lamentationibus
942 4884 1057 4960 terere,
1079 4876 1136 4943 ubi
1152 4877 1275 4944 scilicet
1294 4876 1335 4943 de
1351 4875 1493 4943 remedio
1509 4882 1542 4940 et
1557 4897 1651 4941 cura·

318 4974 406 5040 tione
428 4977 535 5061 potius
558 4974 750 5042 consultatio
773 4985 806 5040 et
822 4975 1010 5046 deliberatio
1025 4981 1148 5046 institui
1164 4978 1269 5046 debet
1292 5003 1352 5046 nos
1367 4980 1499 5067 quidem
1518 5001 1646 5068 quoque
