3498 5830
305 701 377 746 sese
399 679 587 750 obedientes
610 682 811 750 exhibituros
833 705 914 766 esse,
936 683 1128 770 praesertim
1156 704 1231 749 oum
1253 680 1311 750 8⁰¹·
1333 683 1374 750 V.
1396 704 1462 749 non
1484 680 1657 768 dedigne-

304 792 357 848 tur
378 807 465 852 nunc
486 785 558 852 illos
580 809 640 874 per
661 787 796 853 nuncios
825 808 901 852 suos
929 788 1104 874 seperatim
1132 808 1262 876 quoque
1289 783 1474 875 requirere3
1510 807 1656 852 verum-

304 896 413 954 tamen
443 891 471 954 si
505 891 550 955 ita
580 890 710 956 videtur
742 889 783 956 Si¹
811 890 851 956 V.
858 941 868 974 ‚
913 912 972 957 nos
1001 913 1130 979 quoque
1162 889 1235 958 illos
1266 889 1356 958 houd
1383 890 1550 978 gravatim
1581 911 1655 954 mo·

304 989 461 1057 nebimus.
1504 1053 1520 1081 ,

411 1095 455 1161 Et
476 1095 749 1185 quomadmodum
771 1095 828 1163 8¹⁸·
851 1096 891 1164 V.
921 1097 953 1162 in
983 1095 1084 1163 literis
1117 1096 1300 1164 indictionis
1328 1095 1469 1184 benigne
1497 1093 1656 1162 ostendit

306 1199 482 1286 optandum
504 1201 573 1267 fore
596 1201 684 1288 quod
706 1203 804 1268 etiem
824 1222 884 1267 nos
907 1202 1092 1289 coeterique
1110 1223 1205 1289 reges
1220 1223 1261 1268 sc
1274 1201 1437 1289 principes
1453 1198 1654 1266 saeculares

306 1303 441 1370 concilio
463 1305 620 1370 interesse
641 1314 784 1392 possent,
806 1325 866 1370 nos
888 1303 975 1370 idem
998 1312 1085 1370 certe
1101 1306 1266 1372 sentimus.
1283 1304 1341 1371 sed
1356 1303 1461 1370 SWV.
1473 1303 1654 1392 supienter

306 1405 457 1494 colligere
478 1417 594 1494 potest,
629 1409 656 1472 si
684 1409 869 1495 proesentis
895 1416 1006 1473 nostra
1034 1417 1067 1473 et
1089 1406 1225 1475 eliorum
1252 1431 1366 1496 regum
1395 1417 1428 1475 et
1453 1409 1653 1495 principum

307 1509 521 1576 saecularium
542 1510 640 1578 rebus
664 1510 789 1578 concilii
818 1519 926 1598 potest
946 1519 1071 1578 tentem
1092 1511 1263 1577 utilitatem
1277 1511 1415 1594 adferre,
1430 1509 1521 1599 quod
1538 1509 1650 1576 multo

304 1615 459 1680 maiorem
481 1613 619 1680 allatum
641 1623 727 1680 esset
747 1615 933 1700 proesentis
955 1610 1008 1678 82¹·
1024 1613 1076 1698 V.‚
1098 1623 1255 1702 tanquam
1277 1616 1418 1702 supremi
1432 1615 1581 1702 pastoris
1595 1662 1605 1680 .
1617 1661 1650 1679 ..

304 1717 338 1780 in
359 1717 495 1803 negocio
519 1716 655 1784 salutem
675 1715 840 1805 publicem
863 1718 1005 1784 omnium
1027 1716 1274 1784 christianorum
1295 1717 1490 1806 populorum
1504 1739 1649 1784 concer-

305 1827 401 1885 nente
429 1828 461 1885 et
481 1821 636 1886 maiorem
658 1821 882 1887 auctoritatem
903 1821 1098 1908 requirente,
1127 1842 1225 1908 quem
1252 1820 1399 1887 fortassis
1419 1821 1516 1886 nnius
1541 1829 1649 1908 atque

304 1920 436 1988 alterius
458 1923 495 1988 R.
520 1923 693 1990 cardinalis
714 1926 898 2013 praesentis
921 1926 1087 2012 expectari
1109 1934 1217 2012 queat,
1244 1925 1337 1991 sicuti
1352 1925 1450 1992 etism
1465 1925 1647 2011 superiori-

303 2023 366 2090 bus
381 2026 580 2113 temporibus
595 2049 792 2115 magnopere
806 2027 967 2115 profuisse
982 2026 1199 2095 intelleximus
1214 2028 1249 2094 in
1263 2027 1408 2097 conciliis
1422 2028 1653 2117 praesentiam

305 2151 503 2196 summorum
523 2131 714 2218 pontificum
729 2183 736 2198 .
750 2180 779 2198 ..

441 2320 497 2372 Ans
520 2322 606 2374 einem
628 2324 737 2375 weitsrn
759 2322 970 2392 sigenhtndigen
992 2320 1047 2374 und
1070 2321 1130 2374 sehr
1153 2322 1294 2390 sllgsmein
1317 2324 1477 2393 gehsltenen
1494 2321 1650 2375 Schreibon

374 2397 537 2460 referunda
555 2425 590 2462 ιιι
607 2408 670 2461 rius
688 2425 750 2462 vom
769 2411 802 2460 15
813 2410 916 2462 onon
933 2409 971 2476 (n
990 2408 1144 2460 somareon
1160 2409 1226 2460 uss
1241 2409 1287 2462 ur.
1307 2411 1352 2477 os)
1370 2412 1405 2462 so
1422 2409 1559 2462 mensura
1577 2405 1651 2460 noer

373 2493 511 2564 folgendss
529 2495 757 2547 hervomrheben:
826 2495 891 2547 nihil
915 2496 983 2546 enim
1002 2493 1051 2546 82¹⁸
1073 2493 1106 2548 V.
1125 2493 1298 2562 amplitudine
1321 2498 1405 2563 magis
1428 2495 1547 2564 dignum,
1579 2493 1647 2546 nihil

374 2584 453 2633 etiem
470 2583 564 2649 pietati
581 2583 638 2633 sins
655 2584 738 2650 magis
759 2587 966 2634 consentaneum
982 2579 1039 2632 fleri
1056 2586 1152 2647 potest,
1175 2597 1254 2648 qnam
1272 2581 1344 2649 qnod
1363 2584 1402 2633 sic
1418 2583 1561 2636 instituere
1579 2579 1649 2632 velit

372 2668 513 2722 concilium
530 2670 583 2720 ism
599 2669 627 2719 in
646 2670 754 2720 civitate
772 2667 927 2719 'l'ridentins
951 2667 1087 2732 indictum,
1109 2672 1141 2718 nt
1157 2673 1246 2734 speret
1268 2667 1320 2719 deo
1343 2668 1488 2720 adurente
1504 2667 1535 2718 td
1553 2666 1649 2718 fecere

374 2755 595 2810 fructuosum
631 2753 668 2806 8¹¹
685 2753 717 2806 V.
736 2770 783 2820 pro
801 2751 852 2804 hro
870 2755 927 2806 eins
951 2755 1049 2820 optime
1072 2759 1100 2805 et
1121 2755 1289 2806 smodssims
1311 2753 1428 2808 afflictus
1454 2753 1647 2805 ehfistimitsti

373 2841 546 2894 subveniendi
563 2839 700 2892 voluntate
717 2841 838 2908 ingentes
856 2841 953 2908 gratias
971 2842 1073 2908 agimus
1090 2855 1124 2892 sc
1147 2847 1298 2892 reverenter
1320 2841 1491 2908 pollicemur,
1518 2857 1573 2892 nos
1598 2855 1647 2906 pro

356 2929 471 2979 ‘viribus
498 2928 541 2979 dei
566 2928 710 2979 adiuvante
736 2943 843 2993 opernm
870 2928 978 2978 (loturos
1001 2933 1039 2992 ut,
1066 2929 1145 2979 sicuti
1164 2927 1216 2979 8²⁸·
1234 2927 1267 2981 V.
1296 2945 1345 2981 nos
1368 2927 1502 2991 donatur,
1530 2929 1560 2977 in
1587 2942 1646 2992 pro-

374 3013 497 3065 curandis
519 3014 551 3064 iis
569 3029 637 3080 quse
661 3011 696 3064 sd
719 3013 834 3081 quietem
859 3029 892 3064 sc
915 3013 1026 3065 salutem
1053 3014 1211 3067 christianes
1236 3014 1399 3080 reipublicae
1427 3015 1569 3080 pertinent,
1596 3026 1646 3063 nos

372 3105 520 3168 promptum
543 3106 570 3151 et
595 3099 715 3151 sedulum
742 3101 888 3152 adiutorem
915 3099 1021 3152 babeat.
1057 3099 1127 3170 (Vgl.
1151 3102 1204 3154 deu
1226 3102 1302 3154 Brlef
1312 3101 1369 3153 des
1392 3099 1595 3152 Commendone
1618 3099 1646 3148 in

368 3187 448 3238 Miro.
467 3187 494 3238 di
511 3191 574 3240 stor.
591 3187 646 3238 itel.
666 3187 690 3250 6,
708 3189 761 3252 36.)
791 3187 1020 3239 thrseheinlich
1043 3189 1079 3240 ist
1102 3204 1130 3240 ss
1154 3188 1240 3240 dieser
1256 3187 1333 3240 Brisf
1361 3187 1413 3238 den
1430 3186 1463 3254 (s.
1481 3186 1644 3238 Pellrvicini

341 3314 343 3322 .
372 3275 397 3335 2,
415 3271 476 3340 226)
496 3273 542 3325 der
558 3274 640 3339 Pepst
656 3288 700 3326 um
716 3276 733 3326 2
751 3273 871 3326 Februsr
888 3273 1058 3328 demoratos·
1074 3273 1263 3342 ronVsnedtg
1280 3273 1423 3326 mitthsilte
1440 3272 1496 3326 und
1513 3287 1565 3326 eus
1584 3271 1643 3322 dem

373 3373 434 3410 men
450 3359 478 3410 in
489 3359 565 3424 Rom,
582 3361 632 3411 wie
649 3359 719 3411 such
736 3359 783 3412 der
801 3359 903 3429 dortige
920 3361 1099 3414 frmrdsischs
1113 3361 1208 3414 Orstor
1225 3361 1372 3414 bsrichtete
1384 3359 1435 3426 (Le
1446 3359 1509 3412 Plet
1526 3363 1553 3424 4,
1571 3359 1643 3424 690),

373 3447 431 3496 eins
449 3446 671 3514 bedingungslose
684 3448 865 3514 Zustimmnng
883 3448 929 3500 des
941 3449 1049 3502 Kaisers
1067 3465 1100 3502 ru
1118 3449 1166 3501 dor
1182 3447 1453 3516 Einberuinngsbnlle
1470 3445 1643 3498 herenslessn

371 3531 468 3584 wollts.
487 3559 520 3570 —-
545 3531 596 3584 Am
621 3533 653 3585 1o
670 3533 773 3584 anunr
795 3533 933 3601 (Romans.
953 3535 1083 3602 concept)
1107 3531 1215 3587 wurdsn
1232 3535 1302 3586 Areo
1326 3535 1370 3584 die
1396 3533 1516 3585 Antwort
1540 3548 1576 3584 sn
1600 3530 1642 3581 dis

371 3617 486 3670 Nuntieu
502 3617 556 3670 und
575 3617 619 3669 die
637 3617 782 3672 dchreiben
800 3633 835 3671 un
853 3619 905 3672 den
922 3621 1004 3688 Papst
1022 3621 1188 3688 mitgethetlt,
1211 3635 1257 3672 nm
1280 3618 1337 3670 sich
1355 3617 1459 3671 dmsclr
1477 3634 1510 3669 ru
1528 3616 1640 3669 riehten.

372 3703 442 3756 ane
464 3704 584 3756 Antwort
604 3705 659 3757 und
682 3705 725 3758 dio
741 3707 902 3760 Instruction
924 3707 966 3758 dtr
989 3707 1032 3759 die
1050 3707 1235 3775 Naumburger
1252 3705 1456 3759 commisserisn
1473 3704 1583 3756 wnrdsn
1599 3715 1640 3752 rm

267 3815 270 3822 ‚
374 3791 405 3842 16
416 3789 519 3842 anusr
536 3791 605 3844 such
623 3791 683 3844 dem
696 3792 802 3860 Herzog
812 3793 941 3846 Albrecht
957 3792 1112 3861 mgesnudt,
1131 3793 1178 3844 der
1189 3791 1247 3844 sich
1258 3807 1302 3844 ern
1314 3793 1348 3844 22
1359 3791 1401 3844 for
1414 3791 1457 3843 dis
1468 3789 1640 3852 methodum

373 3876 508 3928 bedsnkts
525 3877 580 3929 und
597 3881 669 3932 seins
686 3881 866 3948 Znstimmung
882 3897 916 3932 nu
933 3879 1012 3933 sllem
1030 3880 1174 3948 susspmeh
1192 3879 1375 3947 (Concileeten
1392 3881 1420 3929 in
1436 3878 1535 3947 Wisn).
