3468 5820
365 475 425 542 lli

363 660 483 726 decreti
505 659 545 726 de
567 660 740 726 residentia
756 661 940 750 exemplum
963 685 1002 729 ea
1022 673 1114 750 parte
1138 685 1202 750 qua
1219 663 1427 730 reformatum
1453 663 1567 730 estM⁸¹
1588 663 1630 729 V.
1647 663 1683 729 Ο.

361 763 524 848 mittimus,
547 763 633 850 quod
655 773 690 830 ut
711 764 812 830 fertur
833 767 936 852 magis
959 766 1107 852 patribus
1129 765 1326 853 probabitur.
1350 764 1408 831 sed
1421 789 1463 832 ne
1479 765 1519 831 do
1534 765 1595 832 lroc
1611 767 1686 854 qui-

363 866 435 932 dem
465 869 543 933 certi
574 869 745 956 quicquam
774 870 870 934 statui
899 878 1021 956 potest,
1051 879 1225 956 antequam
1254 869 1296 934 ad
1326 868 1479 934 dicendas
1508 871 1685 936 sententias

363 972 519 1036 veniatur.
543 980 617 1037 sunt
639 973 722 1038 enim
745 971 848 1055 multi,
871 981 908 1036 ut
929 995 1026 1059 saepe
1049 973 1112 1037 iam
1142 971 1394 1056 observavimus,
1417 974 1473 1061 qui
1494 981 1587 1038 extra
1609 993 1686 1038 con·

362 1074 583 1160 gregationem
607 1095 646 1140 ea
669 1075 781 1140 dicunt
803 1075 938 1163 quibus,
971 1097 1046 1140 oum
1078 1077 1113 1140 in
1146 1077 1428 1162 congregationem
1460 1087 1592 1143 ventum
1626 1087 1685 1157 est,

362 1179 501 1245 maxime
532 1177 736 1244 dissentanea
751 1188 848 1265 atque
864 1178 946 1244 adeo
962 1177 1141 1265 pugnantia
1161 1179 1195 1242 in
1217 1178 1359 1244 medium
1381 1178 1540 1262 adferunt,
1563 1203 1630 1267 quo
1651 1179 1686 1243 fit

361 1289 412 1364 ut,
435 1289 606 1368 antequam
621 1281 662 1346 ad
676 1304 744 1348 rem
766 1283 914 1348 veniatur
929 1290 961 1347 et
983 1280 1112 1368 publice
1125 1304 1234 1346 omnes
1249 1282 1429 1367 audiantur,
1452 1282 1532 1369 quid
1547 1285 1685 1370 quisque

362 1385 478 1450 sentiat
499 1394 585 1451 certo
609 1385 744 1452 iudicari
764 1385 845 1450 nihil
865 1407 996 1473 prorsus
1026 1386 1135 1472 possit.
1174 1394 1205 1452 et
1238 1387 1386 1472 quamvis
1418 1385 1592 1451 multorum
1621 1389 1686 1452 iarn

360 1489 516 1554 mensium
539 1491 741 1555 contentione
764 1512 801 1554 eo
824 1511 875 1554 res
899 1487 1039 1553 deducta
1061 1490 1120 1571 sit,
1142 1497 1179 1552 ut
1200 1510 1265 1554 non
1286 1498 1436 1576 putemus
1465 1491 1620 1577 cuiquam
1643 1513 1684 1556 ex

360 1589 516 1678 Hispanis
539 1599 571 1657 et
592 1591 755 1680 plerisque
776 1590 868 1657 Italis
891 1593 1053 1680 episcopis
1074 1590 1142 1656 ulla
1163 1593 1289 1658 ratione
1310 1592 1502 1680 persuaderi
1528 1614 1628 1680 posse
1651 1605 1686 1657 ut

361 1715 382 1758 a
407 1694 515 1780 priore
546 1717 604 1760 sua
631 1695 789 1760 sententia
819 1694 991 1778 decedant,
1026 1717 1090 1782 qua
1117 1697 1274 1760 instanter
1301 1696 1458 1784 petebant
1488 1704 1525 1762 ut
1553 1697 1684 1762 omniuo

361 1799 451 1862 ouius
472 1797 553 1863 iuris
574 1799 749 1864 residentia
772 1809 857 1865 esset
878 1798 1103 1883 declararetur,
1125 1821 1186 1864 nos
1208 1809 1316 1866 tamen
1332 1799 1524 1866 concordiae
1539 1811 1573 1866 et
1593 1802 1684 1887 pacis

360 1899 586 1966 studiosissimi
608 1910 639 1967 et
662 1901 748 1990 quod
769 1904 980 1989 praecipuum
1002 1911 1051 1968 est
1073 1901 1132 1967 llll·
1154 1903 1195 1967 V.
1218 1901 1249 1967 S.
1273 1903 1417 1969 mandati
1437 1924 1597 1968 memores
1621 1925 1684 1968 om·

360 2025 434 2068 nem
456 2001 596 2090 lapidem
618 2004 829 2070 movebimus.

462 2105 533 2171 Etsi
555 2117 664 2173 autom
685 2107 726 2171 D.
748 2105 848 2195 legati
868 2109 903 2172 iu
925 2109 991 2174 suis
1006 2106 1105 2173 literis
1119 2107 1266 2196 polliceri
1287 2109 1457 2176 videantur
1479 2130 1553 2175 sese
1566 2107 1683 2175 librum

361 2206 422 2272 Mc.
443 2207 483 2272 V.
508 2207 543 2276 O.
568 2209 609 2276 de
630 2210 857 2277 reformatione
878 2213 1118 2298 propositurus,
1147 2221 1256 2280 tamen
1278 2212 1313 2278 id
1340 2211 1513 2278 verisimile
1535 2235 1604 2279 nou
1627 2223 1682 2294 est

360 2333 434 2376 oum
455 2333 515 2378 nos
531 2314 686 2399 speciosis
700 2312 884 2380 huiusmodi
896 2313 1180 2402 pollicitationibus
1194 2315 1351 2382 hactenus
1367 2337 1495 2403 semper
1509 2337 1682 2403 suspensos

359 2417 530 2481 tonuerint
564 2417 655 2481 aiunt
675 2418 761 2484 enim
784 2439 855 2484 esse
879 2418 1039 2506 quaedam
1061 2420 1095 2482 in
1117 2439 1156 2484 eo
1179 2417 1261 2484 libro
1285 2441 1384 2506 quae,
1407 2429 1444 2484 ut
1464 2419 1528 2506 ipsi
1551 2421 1586 2484 in
1609 2443 1681 2507 quo·

363 2517 437 2584 dam
459 2518 522 2584 alio
545 2522 663 2606 scripto
687 2520 775 2608 quod
796 2543 857 2608 ego
882 2517 1238 2608 Quinqueecclesiensis
1260 2520 1312 2586 M‘¹
1331 2521 1373 2586 V.
1388 2520 1423 2588 S.
1446 2522 1619 2590 attuleram
1641 2523 1681 2588 f-

361 2631 475 2705 tcntur,
499 2624 532 2686 in
555 2622 690 2688 concilio
713 2625 849 2710 proponi
872 2622 1017 2710 patribus
1040 2645 1106 2688 nou
1126 2633 1263 2711 possunt
1285 2626 1353 2690 sine
1374 2624 1486 2713 aliqua
1499 2625 1680 2712 pontificiae

362 2724 528 2810 dignitatis
549 2727 772 2792 imminutione
794 2737 850 2792 aut
872 2735 958 2792 certe
981 2729 1050 2793 eius
1072 2728 1272 2793 auctoritatis
1296 2729 1506 2815 praeiudicio.
1541 2730 1629 2817 quod
1655 2733 1678 2794 si

363 2837 471 2892 autern
492 2828 615 2916 aliquid
637 2831 765 2896 omnino
789 2851 831 2896 ex
854 2853 892 2896 eo
914 2830 997 2896 libro
1019 2832 1215 2917 proposituri
1237 2841 1361 2914 essent,
1389 2831 1423 2896 id
1445 2853 1505 2898 nos
1527 2855 1593 2898 uon
1615 2856 1678 2920 per·

362 2934 531 3016 mittemus,
555 2941 724 3020 antequam
747 2934 822 2998 lrl‘⁸¹¹²
842 2934 881 2996 V.
906 2934 942 3000 O.
964 2935 1087 2999 minute
1110 2935 1151 2999 de
1174 2936 1259 3000 omni
1280 2957 1316 3000 re
1340 2935 1534 3001 edoceamus
1549 2937 1677 3024 eiusque

362 3034 502 3100 clemens
529 3057 719 3122 responsum
741 3037 927 3103 habeamus.
963 3036 1027 3102 sed
1047 3046 1083 3101 ut
1110 3039 1174 3101 iarn
1202 3047 1298 3103 autea
1328 3038 1479 3116 diximus,
1507 3039 1588 3104 nibil
1611 3049 1677 3105 ante

362 3137 492 3206 Moroni
515 3138 687 3205 cardinalis
711 3140 886 3206 adventum
900 3141 1100 3223 tractabitur,
1125 3143 1180 3229 qui
1194 3143 1264 3228 ipse
1280 3163 1417 3230 quoque,
1442 3151 1617 3230 autequam
1631 3143 1676 3206 hic

362 3245 535 3330 quicquam
557 3244 771 3330 aggrediatur,
794 3255 884 3310 recta
895 3245 938 3310 ed
959 3245 1035 3310 ΜἯι
1056 3246 1095 3309 V.
1109 3244 1141 3309 S.
1164 3246 1365 3332 profecturus
1379 3255 1438 3328 est,
1454 3256 1490 3311 ut
1504 3244 1676 3312 hucRoma

362 3347 524 3412 scribitur.

464 3450 562 3531 Quod
583 3449 626 3516 ad
648 3451 731 3517 Illmn
753 3453 794 3516 D.
819 3453 967 3518 comitem
990 3451 1030 3518 de
1052 3453 1147 3517 Luna
1170 3454 1293 3536 attinet,
1316 3475 1509 3540 cuperemus
1532 3475 1593 3520 noa
1615 3453 1674 3541 qui·

362 3552 437 3618 dem
460 3575 532 3618 eum
554 3553 607 3618 hic
629 3554 742 3620 ads'sse
764 3565 897 3642 propter
918 3577 1069 3642 magnam
1085 3553 1134 3620 S¹¹²¹
1156 3558 1242 3641 regis
1258 3556 1360 3622 Ostha
1381 3559 1675 3644 auctoritatemque
1722 3573 1723 3580 ¹

365 3654 454 3740 apud
476 3657 553 3722 istos
575 3655 747 3743 plurimum
769 3657 865 3723 valet.
889 3659 948 3724 sed
969 3659 997 3722 si
1018 3667 1131 3724 neuter
1153 3681 1265 3745 regum
1289 3659 1465 3747 quidquam
1481 3659 1523 3726 de
1542 3683 1600 3726 suo
1615 3663 1674 3724 iure

363 3757 477 3824 cedere
499 3757 596 3841 volet,
618 3782 684 3825 non
704 3761 850 3826 videmus
872 3761 1033 3848 quomodo
1056 3761 1125 3826 eius
1148 3760 1305 3827 adventus
1328 3765 1451 3849 sperari
1471 3765 1584 3851 possit
1612 3763 1673 3828 R¹¹¹

363 3860 406 3925 Ι).
430 3861 465 3928 O.
487 3862 717 3948 Lotharingias
739 3862 911 3950 diligenter
947 3887 982 3930 se
1015 3887 1054 3929 ea
1086 3863 1127 3930 de
1148 3887 1185 3929 re
1212 3864 1255 3931 ad
1282 3867 1426 3952 reginam
1454 3868 1621 3954 scripsisse
1646 3873 1673 3928 ct

363 3967 530 4052 proprium
560 3987 723 4032 cursorem
753 3967 958 4054 expediviass
989 3977 1063 4032 ante
1085 3989 1179 4032 suum
1209 3967 1387 4034 discessum
1408 3968 1487 4034 milri
1521 3969 1670 4054 Quinque

364 4066 550 4134 ecclesiensi
583 4069 755 4134 affirmavit
781 4079 814 4134 et
840 4069 921 4134 nihil
948 4069 988 4136 de
1016 4070 1244 4158 praecedentia
1272 4082 1328 4138 aut
1350 4093 1384 4136 se
1407 4081 1462 4136 aut
1485 4071 1577 4138 chr-¹
1597 4072 1669 4156 regis

364 4181 523 4250 oratores,
553 4182 726 4261 antequam
748 4195 937 4260 responsum
959 4173 1137 4258 adferatur,
1168 4173 1360 4240 concludere
1386 4196 1483 4262 posse
1505 4183 1668 4253 asseverat,

364 4274 450 4341 idom
471 4277 567 4341 etiam
589 4277 652 4363 ipsi
675 4275 767 4343 chre
789 4279 875 4363 regis
890 4287 1033 4343 oratores
1048 4277 1168 4343 dicunt.
1191 4299 1291 4365 quare
1304 4301 1371 4344 non
1385 4277 1593 4366 intelligimus
1606 4298 1668 4366 quo·

365 4379 460 4445 modo
483 4379 667 4466 praedictus
689 4379 731 4444 D.
755 4402 862 4446 comcs
885 4403 905 4445 a
926 4381 1021 4446 Luna
1036 4403 1100 4445 non
1119 4383 1373 4468 compositaista
1387 4381 1667 4449 coutroversiahnc

365 4483 476 4548 venire
497 4485 607 4568 possit,
637 4485 664 4548 si
686 4483 767 4549 haec
787 4506 853 4548 una
874 4505 926 4548 res
947 4486 1028 4549 tanti
1051 4495 1100 4550 est
1120 4494 1157 4548 ut
1177 4484 1292 4550 abesse
1314 4493 1347 4550 et
1368 4506 1427 4550 sua
1448 4484 1594 4552 absentia
1612 4482 1665 4549 feli·

365 4587 485 4652 ciorem
507 4584 635 4651 concilii
656 4609 865 4673 progressum
885 4589 1042 4653 remorari
1064 4587 1190 4653 debeat.
1226 4586 1285 4653 sed
1307 4598 1414 4654 tamen
1436 4609 1498 4675 ego
1519 4588 1665 4675 Quinque·

365 4686 577 4772 ecclesiensis,
601 4697 636 4754 ut
656 4689 724 4756 Mu.
745 4690 787 4755 V.
809 4689 842 4757 S.
867 4688 1040 4757 clementer
1059 4690 1201 4774 mandat,
1225 4691 1268 4756 ad
1288 4691 1394 4778 ipsum
1409 4690 1491 4755 ΒΜ
1513 4691 1554 4758 D.
1570 4692 1602 4758 Ο.
1615 4689 1663 4755 lo

364 4788 548 4882 thuringum
570 4792 708 4860 scribam
732 4803 764 4860 ct
785 4795 872 4860 omni
894 4793 1061 4882 diligentia
1082 4819 1142 4883 per
1163 4795 1273 4864 literas
1295 4817 1383 4862 meas
1400 4793 1624 4880 elaborabunt,
1642 4793 1663 4855 si

365 4892 443 4982 quid
465 4917 507 4959 ex
529 4893 644 4962 Galliis
665 4901 813 4986 responsi
827 4896 983 4981 habuerit,
1006 4900 1100 4966 nobis
1116 4899 1297 4986 significare
1313 4909 1345 4966 et
1360 4899 1429 4987 ipse
1446 4901 1660 4988 quamprimum

364 4996 429 5066 huc
449 4999 567 5066 reverti
587 4999 674 5070 volit
697 5024 772 5070 uam
794 5025 858 5070 non
872 5001 988 5068 desunt
1002 5004 1059 5093 qui
1074 5003 1234 5070 affimant
1247 5025 1321 5070 eum
1334 5002 1399 5072 huc
1414 5025 1481 5071 uon
1495 5004 1658 5079 mortuum
