3450 5818
357 501 418 566 sla

455 688 592 777 Hispani
621 689 749 776 arogis
771 689 820 754 sui
843 688 1041 774 praescripto
1067 687 1232 755 uelatum
1255 685 1386 778 quidem
1413 711 1556 776 unguem
1578 687 1676 754 disce·

354 792 430 859 dere
451 791 573 860 volunt.
595 792 670 858 Itali
692 795 750 859 toti
772 815 792 858 a
815 793 931 857 summi
953 792 1114 880 pontificis
1137 802 1169 858 st
1190 792 1402 860 cardinalium
1423 802 1504 860 nutu
1525 793 1676 879 pendent.

352 906 537 962 exterarum
551 898 718 964 nationum
732 897 875 984 episcopi
892 897 948 985 qui
970 897 1117 962 fortassis
1139 895 1253 963 melius
1267 900 1488 984 praesentium
1503 907 1681 984 temporum

353 1009 473 1066 statum
499 1010 632 1083 norunt,
660 1001 844 1088 paucissimi
879 1009 955 1066 sunt
982 1023 1087 1088 neque
1117 999 1294 1088 quidquam
1323 1011 1454 1089 propter
1486 1003 1680 1088 paucitatem

354 1103 482 1170 efficere
509 1113 659 1190 possunt,
689 1105 766 1192 quia
793 1103 932 1191 plurium
967 1104 1125 1172 sententia
1152 1105 1254 1172 vincit
1280 1107 1314 1172 in
1337 1103 1484 1172 omnibus
1516 1126 1602 1192 quse
1631 1103 1680 1168 hic

353 1216 583 1294 proponuntur.
618 1230 661 1274 ex
689 1206 858 1272 Germanis
886 1229 970 1272 uuus
996 1207 1089 1274 adest
1123 1211 1293 1297 spiscopus
1320 1208 1523 1276 Lavantinus
1552 1207 1680 1272 nomine

353 1309 397 1375 D.
420 1311 654 1398 archiepiscopi
677 1309 942 1397 Salzburgensis3
970 1311 1087 1376 nudius
1117 1313 1228 1378 tertius
1245 1314 1346 1380 seuit
1374 1312 1598 1398 suffraganeus
1628 1331 1680 1372 no·

353 1414 438 1479 mine
461 1414 606 1501 episcopi
628 1413 868 1480 Eiohstetensis.
892 1424 924 1479 et
946 1424 981 1479 ut
1003 1415 1036 1480 in
1059 1414 1128 1481 dies
1150 1415 1256 1482 minus
1277 1417 1394 1482 virium
1415 1414 1559 1482 habeant
1581 1413 1680 1478 exteri

354 1518 498 1604 episcopi
526 1528 558 1584 et
581 1517 637 1606 qui
657 1541 709 1584 res
733 1519 921 1584 conciliares
950 1521 1033 1584 serio
1055 1521 1109 1605 agi
1132 1529 1296 1607 cuperent,
1323 1541 1411 1585 nune
1432 1519 1599 1584 turmatim
1621 1515 1680 1580 huc

354 1619 528 1685 convolant
547 1621 623 1686 Itali
646 1619 881 1708 archiepiscopi
904 1630 936 1686 et
957 1623 1100 1709 episcopi
1122 1621 1253 1690 ditiores
1275 1631 1307 1688 st
1322 1645 1365 1688 ex
1379 1623 1541 1711 primariis
1555 1617 1679 1685 familiis

353 1723 488 1789 oriundi.
513 1734 561 1790 est
582 1723 635 1790 hio
656 1727 739 1791 inter
762 1723 941 1791 cardinales
964 1724 1089 1812 legatos
1121 1749 1203 1792 unus
1226 1726 1414 1810 Simonetta,
1444 1747 1466 1792 a
1487 1727 1581 1791 cuius
1605 1731 1678 1788 nutu

352 1826 493 1912 pendent
520 1851 631 1895 omnes
658 1831 711 1894 isti
741 1829 883 1916 episcopi
912 1831 1143 1916 praelicentes,
1172 1830 1270 1918 idque
1304 1830 1346 1897 ob
1368 1830 1403 1895 id
1424 1830 1568 1894 maxime
1597 1825 1678 1914 quod

352 1931 414 2015 ipsi
437 1929 488 1997 8²¹
508 1931 549 1997 D.
573 1932 611 1996 N.
635 1955 765 1998 sensum
788 1942 820 1998 et
842 1931 1056 1998 cardinalium
1077 1933 1111 1998 in
1133 1932 1222 1999 Urbe
1237 1923 1410 2020 'agentium
1424 1941 1567 1998 mentem
1583 1928 1675 2016 probe

297 2045 302 2055 “
353 2036 515 2120 cognitam
544 2058 615 2102 esse
643 2057 832 2123 persuasum
854 2034 984 2101 habent.
1022 2036 1250 2102 intellexerunt
1272 2038 1370 2103 etiam
1393 2056 1490 2124 quam
1513 2033 1677 2100 infeliciter

354 2138 486 2202 cesserit
507 2138 631 2204 Romae
652 2138 745 2204 bonis
769 2137 963 2226 quibusdam
987 2149 1019 2203 et
1041 2140 1102 2226 piis
1125 2140 1298 2228 episcopis,
1322 2142 1378 2228 qui
1401 2141 1454 2206 hic
1468 2137 1572 2204 libere
1589 2147 1675 2202 autea

352 2242 527 2305 sententias
550 2263 625 2307 suas
648 2241 688 2309 de
710 2241 936 2308 reformatione
959 2241 1065 2330 deque
1087 2242 1159 2308 aliis
1182 2243 1338 2310 eiusmodi
1361 2242 1458 2308 rebus
1474 2241 1584 2308 dicere
1600 2237 1675 2304 soliti

351 2353 457 2428 erant,
486 2343 695 2434 quiquidem
721 2347 787 2410 iam
809 2344 926 2411 lentius
948 2369 1017 2411 rern
1040 2331 1155 2432 agunt,
1189 2355 1225 2412 ut
1247 2349 1325 2412 satis
1348 2354 1506 2433 appareat
1535 2343 1674 2410 ardorem

351 2443 442 2512 illum
464 2448 700 2515 reformationis
728 2459 760 2514 et
783 2448 938 2516 ecclesias
959 2451 994 2514 in
1016 2448 1138 2516 bonum
1159 2459 1278 2516 statum
1300 2447 1518 2516 restituendae
1540 2445 1672 2512 studium

351 2551 518 2617 incorum
541 2553 656 2618 animis
678 2551 765 2618 haud
785 2553 992 2619 mediocriter
1013 2553 1189 2619 refrixisse.
1219 2555 1283 2620 iam
1306 2575 1382 2620 vero
1404 2554 1467 2618 nisi
1490 2553 1571 2617 istae
1595 2571 1672 2638 prac-

350 2655 434 2720 ticae
462 2665 495 2722 et
515 2655 647 2722 humani
668 2655 802 2722 affectus
824 2655 990 2739 tollantur,
1023 2659 1185 2723 nescimus
1208 2657 1286 2745 quid
1315 2655 1391 2723 hino
1412 2655 1489 2722 boni
1511 2663 1674 2742 expectare

351 2755 535 2824 debeamus.

453 2861 532 2928 Post
554 2863 755 2928 examinatos
778 2871 812 2928 et
833 2872 997 2930 correctos
1020 2873 1158 2951 quatuor
1178 2865 1257 2930 istos
1275 2863 1315 2930 de
1331 2861 1526 2930 eucharistia
1541 2879 1672 2926 canones

352 2985 433 3050 quos
454 2963 506 3032 M*
527 2965 568 3034 V.
585 2965 618 3032 S.
634 2968 798 3052 mittimus,
822 2967 1033 3054 cupiebamus
1049 2989 1255 3055 progressum
1266 2965 1337 3034 fieri
1352 2967 1395 3032 ad
1410 2966 1670 3032 examinationem

351 3063 488 3134 duorum
515 3069 649 3134 istorum
681 3067 889 3138 articulorum
917 3071 1098 3159 quesitam
1119 3070 1291 3154 mittimus,
1323 3071 1357 3136 in
1379 3069 1495 3158 quibus
1517 3067 1670 3155 quaeritur

350 3192 393 3236 an
416 3171 502 3238 calix
524 3172 659 3239 concedi
682 3172 807 3240 debeat.
829 3173 885 3240 1³²¹
907 3173 951 3238 D.
974 3173 1074 3260 legati
1096 3175 1192 3240 etiam
1215 3175 1261 3238 ita
1282 3173 1424 3238 futurum
1446 3181 1632 3260 receperant
1645 3177 1668 3230 et

352 3276 505 3360 optimam
535 3298 625 3363 spem
652 3275 746 3343 nobis
775 3277 992 3343 concessionis
1022 3276 1183 3362 fecerant;
1213 3299 1299 3342 nuno
1321 3299 1399 3344 vero
1421 3285 1553 3364 repente
1575 3275 1667 3364 priore

351 3399 411 3442 sua
433 3381 731 3467 sententiaproptsr
752 3379 936 3468 praedictas
960 3403 1075 3446 causas
1098 3390 1229 3464 mutata,
1253 3379 1325 3446 illos
1348 3379 1500 3446 articulos
1523 3402 1589 3444 non
1610 3377 1666 3440 sins

352 3503 470 3568 magno
494 3480 637 3568 periculo
659 3485 841 3570 negationis
863 3486 1001 3572 proponi
1018 3507 1114 3572 posse
1137 3493 1278 3550 censent.
1302 3482 1409 3550 facere
1431 3507 1497 3550 non
1518 3481 1667 3569 potuimus

352 3586 430 3672 quin
452 3586 539 3651 omni
561 3608 626 3673 qua
649 3585 757 3652 decuit
772 3586 931 3652 modestia
947 3607 1021 3652 oum
1036 3588 1083 3652 sis
1099 3585 1387 3673 expostularemus.
1411 3585 1667 3652 admonueramus

351 3689 437 3756 enim
458 3698 563 3774 antea,
598 3699 634 3756 ut
662 3692 688 3756 si
722 3690 832 3756 culicis
861 3690 1103 3758 concessionem
1127 3691 1343 3780 desperarent,
1372 3713 1413 3756 ne
1435 3690 1581 3778 patribus
1603 3689 1667 3754 istos
1701 3749 1702 3765 ,

351 3791 503 3858 arficulos
525 3803 757 3881 proponerent3
782 3793 829 3858 illi
851 3792 973 3860 nullam
996 3804 1063 3858 tum
1082 3793 1301 3860 difficultatem
1317 3796 1581 3880 pertimescentes
1596 3793 1666 3858 bono

350 3915 409 3959 nos
422 3895 529 3961 animo
553 3918 624 3963 esse
646 3899 810 3964 iusserunt
832 3909 864 3964 et
885 3895 999 3985 procul
1023 3897 1121 3965 dubio
1145 3900 1240 3964 certis
1264 3898 1424 3986 aliquibus
1448 3894 1667 3964 conditionibus

350 4018 541 4064 concessum
567 4001 607 4066 iri
634 4000 843 4068 affirmarunt.
881 4025 968 4068 nunc
996 4012 1107 4070 autem
1136 4025 1174 4068 eo
1204 4012 1335 4068 ventum
1364 4013 1413 4066 est
1440 4010 1475 4066 ut
1502 4001 1565 4087 ipsi
1587 4000 1666 4064 etism

348 4099 462 4189 inopes
485 4104 549 4168 sint
572 4103 697 4170 consilii
718 4114 754 4170 ut
777 4115 932 4171 asserunt
956 4105 991 4170 id
1013 4115 1122 4171 autem
1137 4116 1310 4194 propterea
1324 4105 1360 4170 fit
1373 4106 1578 4192 potissimum
1595 4095 1664 4190 quod

348 4203 411 4291 ipsi
432 4205 516 4270 inter
537 4228 573 4271 ss
594 4206 693 4294 legati
716 4207 922 4294 dissentione
945 4210 1064 4295 partim
1086 4210 1172 4274 enim
1194 4207 1288 4274 nobis
1310 4208 1429 4290 favent,
1454 4208 1574 4294 partim
1587 4200 1664 4270 nobis

348 4307 381 4372 in
403 4305 465 4374 hac
486 4332 522 4374 re
545 4309 766 4377 adversantur.
791 4335 865 4378 cum
882 4313 992 4399 itaque
1008 4335 1076 4380 rem
1092 4313 1125 4378 in
1142 4334 1301 4378 summum
1317 4311 1490 4376 discrimen
1505 4309 1661 4379 adductam

346 4408 547 4496 videremus,
576 4436 617 4480 ne
639 4423 742 4480 totum
770 4415 992 4504 perderemus,
1021 4417 1100 4503 ipsis
1129 4416 1297 4481 eonsilium
1326 4437 1346 4480 a
1373 4414 1466 4481 nobis
1497 4411 1661 4501 petentibus

347 4523 476 4580 autores
498 4514 625 4600 fuimus,
649 4527 685 4582 ut
708 4519 807 4585 sessio
830 4529 1061 4606 prorogaretur
1082 4527 1140 4584 aut
1162 4529 1257 4604 certe,
1281 4519 1309 4584 si
1331 4518 1366 4584 id
1386 4518 1456 4584 fieri
1478 4540 1544 4584 non
1558 4519 1658 4604 posset,

346 4615 426 4682 nihil
452 4619 487 4683 in
508 4617 571 4684 hac
593 4622 736 4688 sessione
766 4621 806 4687 de
837 4621 1030 4688 eucharistia
1059 4631 1260 4688 mactaretur.
1299 4623 1335 4688 id
1357 4630 1463 4688 autem
1492 4621 1613 4687 duabus
1629 4614 1659 4678 dt

348 4721 455 4786 causis
476 4719 571 4786 nobis
593 4721 778 4790 faciendum
800 4727 1000 4812 putavimus:
1024 4727 1127 4813 primo
1151 4725 1281 4814 quidem
1303 4735 1340 4792 ut
1360 4727 1426 4792 ld*
1449 4725 1489 4792 V.
1506 4725 1539 4792 S.
1555 4724 1657 4788 dstote

347 4825 475 4910 negocii
496 4822 590 4890 huius
613 4849 788 4914 progressu
810 4852 870 4917 per
890 4852 949 4895 nos
973 4831 1089 4896 certior
1111 4828 1202 4895 fieret
1223 4838 1256 4895 et
1277 4828 1392 4896 desua
1413 4830 1556 4915 gratiosa
1569 4823 1658 4892 voluu-

347 4937 414 4994 tate
442 4929 475 4994 in
497 4937 641 5017 temporo
667 4953 727 4996 noa
758 4931 944 4998 admoneret
971 4956 1075 5022 eaque
1102 4931 1245 5000 remedia
1274 4933 1426 4999 adhibere
1455 4941 1563 5020 posset
1592 4947 1656 5018 quae

347 5027 423 5096 huic
445 5041 535 5097 tanto
558 5030 642 5100 malo
666 5045 847 5122 opportuna
868 5035 1072 5123 viderentur;
1102 5037 1219 5104 deinde
1241 5039 1336 5104 etiam
1358 5047 1394 5104 ut
1415 5039 1476 5124 ipsi
1499 5037 1553 5104 8¹⁰
1574 5036 1609 5102 D.
1627 5032 1656 5098 N.
