3468 5820
1344 495 1404 562 sti

150 680 314 734 iianmssim
331 687 414 734 etwas
431 698 465 734 au
484 699 619 750 crpressen
637 700 691 737 aas
708 685 798 737 bisher
818 684 892 736 nicht
910 683 1111 752 Gapflogenbeit
1133 700 1194 748 war,
1214 686 1284 737 babe
1301 701 1329 736 er
1346 685 1406 736 dem

148 767 247 833 Papste
270 768 354 820 durch
375 769 444 821 Areo
468 771 525 820 sein
547 771 694 822 Missialien
718 787 751 822 au
774 769 906 822 erkennen
929 772 1062 838 gegeben3
1088 773 1155 838 jetst
1177 775 1216 824 sei
1239 774 1405 824 absuwarten

148 853 269 906 walchen
286 855 398 923 Auitrag
415 855 519 906 Delfino
539 855 657 908 erbalteu
676 857 774 908 werde:
844 857 915 922 quod
933 858 955 906 si
972 873 1043 924 papa
1059 865 1168 924 paterne
1180 861 1359 926 acceptaverit
1379 858 1405 908 id

148 938 220 1004 quod
238 940 312 992 nque
329 941 361 993 V.
389 947 445 992 tum
469 948 562 1008 sponte
589 960 636 1010 pro
661 960 709 995 sua
732 945 831 1010 pietate
855 949 882 992 et
905 958 968 1009 erga
985 942 1043 993 Sim
1066 945 1122 994 eius
1144 943 1218 995 filiali
1234 943 1330 1008 studio,
1351 949 1406 995 tum

146 1023 255 1076 hortatu
271 1033 361 1079 nostm
379 1043 409 1078 se
427 1029 557 1079 iacturam
577 1029 682 1092 obmiti,
700 1031 769 1080 bene
787 1031 849 1092 crit3
874 1031 914 1078 sin
932 1029 1025 1093 minus,
1049 1029 1204 1080 arbitramur
1220 1035 1284 1081 tunc
1302 1029 1405 1081 consul·

146 1112 278 1162 timimuru
296 1113 353 1164 iore
370 1117 401 1164 ot
418 1115 587 1179 quiescamus
606 1129 656 1166 nec
673 1116 752 1166 nimis
774 1117 855 1166 simus
873 1117 901 1164 in
918 1115 1095 1166 acceleranda
1110 1115 1257 1166 istiusmodi
1274 1115 1406 1183 legatione

145 1197 254 1262 soliciti,
271 1199 401 1266 siquidem
419 1213 517 1250 causse
533 1205 641 1266 propter
652 1216 718 1267 quas
736 1203 901 1267 potissimum
919 1200 1088 1267 cupiebamus
1107 1216 1164 1252 οιιιιι
1181 1203 1337 1266 promoveri,
1354 1204 1406 1254 ism

144 1299 193 1349 pro
213 1287 315 1336 maiore
332 1291 408 1352 parte
427 1291 545 1350 cessant,
568 1301 655 1352 neque
674 1286 815 1338 diffidimus
834 1289 897 1353 quin
923 1303 1039 1338 summus
1060 1287 1179 1353 poutiiex
1201 1291 1265 1338 tunc
1288 1289 1409 1353 ipsemet,

145 1372 297 1436 postposita
315 1371 385 1422 omni
399 1371 578 1436 cunctatione,
596 1371 664 1423 ultro
683 1370 818 1422 delaturos
835 1373 869 1423 sit
886 1371 914 1422 id
931 1374 959 1422 in
976 1388 1029 1438 quo
1046 1372 1125 1424 modo
1143 1373 1317 1424 videturesse
1334 1389 1408 1440 prse-

144 1455 209 1506 bere
229 1456 414 1510 difficiliorem.

213 1541 379 1594 biaximilian
397 1542 462 1593 aber
479 1543 573 1596 sandte
591 1545 660 1596 Arce
679 1557 727 1594 aus
744 1543 824 1595 Wien
841 1560 884 1595 am
907 1545 937 1594 11
954 1544 1019 1595 Juni
1037 1543 1120 1610 (Orig.
1138 1545 1166 1594 in
1177 1543 1289 1610 Arcesi)
1307 1543 1408 1610 iolgeu·

145 1627 195 1680 des
209 1627 374 1682 Schreiban:
474 1631 582 1682 literas
605 1635 667 1682 tuae
691 1631 723 1680 ti
749 1635 776 1680 et
798 1632 832 1680 so
849 1631 915 1682 Maii
938 1632 1051 1697 scriptae
1073 1631 1151 1682 nobis
1169 1636 1230 1682 suut
1245 1631 1406 1695 redditast

143 1715 244 1780 quibus
261 1733 313 1768 non
330 1719 468 1783 pristinam
486 1718 572 1770 solum
594 1717 753 1782 singularem
777 1721 850 1768 tuam
873 1715 951 1767 fidem
970 1721 998 1767 et
1015 1715 1191 1783 diligentiam,
1213 1731 1303 1768 verum
1327 1719 1406 1770 etlam

141 1800 315 1866 prudentiam
340 1804 463 1854 eximiam
485 1809 667 1868 maturumque
690 1802 769 1868 plane
793 1801 931 1852 consilium
953 1817 1005 1868 quo
1029 1801 1148 1867 pontifici
1166 1804 1279 1854 maximo
1297 1805 1353 1854 istie
1371 1805 1405 1856 de

142 1887 226 1936 rebus
245 1893 333 1938 tecum
351 1890 441 1954 agenti
458 1887 640 1955 respondendo
660 1903 688 1937 es
705 1903 781 1949 usus,
803 1887 966 1953 benignitate
990 1903 1091 1939 summa
1109 1889 1272 1954 accepimus,
1295 1888 1342 1940 illo
1359 1907 1406 1956 pc·

141 1973 275 2022 timimum
292 1973 454 2039 perlibenter
478 1975 568 2024 audito
592 1973 664 2039 quod
683 1973 810 2022 eiusmodi
830 1977 876 2023 tua
893 1973 1040 2038 inquirendi
1058 1973 1281 2040 percontandique
1300 1991 1362 2025 cura
1380 1983 1407 2028 et

140 2056 286 2110 sedulitate
308 2057 336 2108 id
360 2059 466 2110 demum
488 2059 642 2122 resolveris,
669 2073 701 2110 ex
724 2063 838 2124 quatuor
859 2059 964 2110 scilicet
985 2059 1140 2110 Austriacae
1164 2059 1257 2110 domus
1280 2063 1324 2126 qui
1347 2077 1405 2113 sese

142 2146 271 2196 continuo
295 2145 387 2196 ordine
404 2147 430 2196 in
449 2147 558 2211 imperio
577 2151 638 2196 sunt
655 2147 791 2196 subsecuti
809 2146 987 2196 Romanorum
1006 2147 1206 2212 imperatoribus
1217 2146 1316 2198 nulium
1328 2147 1406 2212 plane

140 2236 205 2294 post
224 2230 347 2298 adeptam
365 2247 488 2284 coronam
506 2234 607 2298 regiam
624 2233 797 2284 iuramentum
821 2234 943 2298 cuiquam
966 2232 1083 2298 pontifici
1105 2235 1279 2300 praestitisse,
1302 2235 1405 2288 stmeiai

143 2317 171 2367 S.
192 2317 224 2368 O.
248 2315 292 2368 Mc
320 2317 427 2368 domino
452 2325 478 2368 et
498 2320 567 2386 patri
590 2323 679 2370 nostro
704 2317 889 2368 colendissimo
914 2323 939 2366 et
962 2319 1039 2369 nobis
1063 2333 1096 2368 ea
1119 2319 1151 2368 de
1174 2334 1202 2368 re
1227 2324 1299 2370 certo
1323 2325 1403 2370 antea

142 2405 295 2453 constitisse
313 2419 409 2470 operae
421 2407 539 2470 precium
552 2407 664 2454 maxime
677 2404 776 2454 fuisset.
796 2409 955 2470 quapropter
970 2405 1113 2470 prudenter
1125 2421 1188 2455 sane
1202 2410 1228 2456 ct
1241 2405 1405 2456 considerate

141 2489 288 2540 admodum
313 2491 405 2540 abste
425 2497 464 2540 est
482 2497 585 2552 actum,
612 2505 664 2540 non
684 2505 818 2555 eousque
840 2492 867 2540 in
891 2506 918 2540 re
936 2505 1099 2556 progressum
1118 2495 1144 2541 te
1163 2507 1233 2557 esse,
1257 2497 1287 2541 ut
1305 2491 1404 2542 deliniti

141 2573 280 2640 quidpiam
297 2574 416 2641 pontifici
434 2574 602 2642 relinqueres,
630 2575 678 2626 sed
696 2575 730 2626 ad
749 2575 775 2626 S.
794 2575 824 2628 O.
843 2574 897 2626 Mu.
916 2583 942 2626 ct
965 2581 1081 2627 nostrum
1104 2579 1176 2642 prius
1199 2577 1335 2628 arbitrium
1358 2577 1402 2628 de-

141 2659 284 2712 ferendum
301 2663 465 2727 praetulisse.
483 2663 604 2712 hisvero
622 2677 675 2712 non
693 2661 779 2712 minus
796 2667 899 2727 gratum
916 2662 992 2712 nobis
1015 2662 1064 2712 init
1087 2663 1158 2727 quod
1175 2669 1311 2728 praeterea
1327 2663 1403 2714 intel·

142 2746 251 2814 ligirnm
275 2749 423 2815 conquisita
446 2749 495 2798 tibi
519 2764 576 2798 esse
600 2747 759 2798 documenta
782 2747 918 2814 complura
940 2763 1008 2814 quae
1031 2749 1108 2798 nobis
1130 2749 1232 2814 plenius
1255 2749 1404 2800 erudiendis

141 2833 217 2884 baud
235 2849 326 2900 parum
346 2833 515 2884 emolumenti
533 2836 585 2884 sint
602 2833 723 2898 allatura,
740 2849 866 2899 spemque
884 2834 931 2884 tibi
945 2835 1069 2898 optimam
1083 2849 1139 2884 esse
1158 2835 1191 2884 de
1209 2835 1283 2886 brevi
1300 2850 1403 2902 quoque

141 2919 274 2986 pontilicis
294 2920 436 2970 Clementis
454 2919 518 2982 Vll,
546 2936 598 2985 quo
616 2919 694 2970 buius
717 2921 880 2985 imperatoris
905 2920 1003 2971 domini
1027 2926 1053 2970 et
1076 2922 1200 2987 genitoris
1218 2921 1299 2971 nostri
1316 2921 1403 2971 obser-

140 3006 297 3056 vandissimi
314 3007 342 3055 in
359 3021 447 3070 regem
466 3005 643 3057 Romanorum
662 3005 819 3056 electionem
837 3008 858 3055 is
878 3007 1058 3072 comprobavit
1075 3013 1209 3072 ratamque
1227 3007 1332 3064 habuit.
1358 3007 1402 3058 ob·

141 3091 260 3145 tinendo.
280 3097 307 3142 et
324 3093 447 3158 quoniam
465 3093 502 3143 rei
521 3094 635 3142 maxime
653 3093 754 3142 intersit
766 3091 927 3142 eiuscemodi
945 3093 1033 3143 brevis
1051 3093 1197 3156 exemplum
1210 3099 1237 3142 et
1248 3105 1316 3158 quac
1327 3107 1402 3158 prae-

139 3183 218 3228 terea
234 3177 413 3230 informationi
434 3183 540 3229 nostrae
564 3179 706 3230 servientia
729 3178 763 3227 ad
786 3193 880 3228 manus
903 3179 952 3229 tibi
975 3182 1049 3237 snut,
1075 3177 1110 3228 ad
1133 3193 1180 3228 nos
1204 3187 1301 3244 quanto
1326 3179 1403 3229 citius

141 3262 201 3314 deri
217 3269 305 3329 potest
322 3265 470 3326 transmitti,
494 3267 574 3314 etiam
592 3279 646 3314 non
664 3268 804 3330 expectato
823 3263 885 3312 dum
902 3263 1021 3329 pontifex
1040 3263 1073 3314 de
1091 3263 1200 3328 speciali
1217 3263 1350 3330 legatione
1367 3264 1403 3316 ad

141 3349 170 3400 8.
191 3348 220 3400 C.
239 3351 308 3400 biitin
331 3351 480 3416 ableganda
498 3351 577 3416 plene
601 3350 742 3415 deliberet,
770 3348 890 3415 equidem
916 3350 963 3398 abs
986 3353 1013 3398 te
1031 3351 1180 3414 cumprimis
1198 3350 1311 3416 benigne
1330 3352 1402 3416 cupi-

141 3452 210 3500 mus,
227 3441 257 3486 ut
274 3436 315 3487 his
333 3439 421 3487 statim
439 3438 556 3502 acceptis
570 3435 653 3486 literis
672 3435 797 3502 quicquid
816 3434 944 3485 eiusmodi
961 3441 1091 3502 penesnte
1109 3435 1191 3486 habes
1208 3438 1402 3502 scripturarum,

141 3525 255 3574 maxime
273 3538 335 3574 vero
354 3523 442 3574 brevis
460 3522 530 3572 iilius
548 3521 688 3589 apostolici
707 3523 801 3572 seriem
820 3520 854 3570 ad
874 3519 903 3573 0.
923 3521 992 3570 Man
1016 3526 1042 3571 et
1064 3520 1098 3571 ad
1121 3537 1169 3572 nos
1188 3537 1291 3588 quoque
1309 3521 1402 3573 eodem

141 3608 248 3676 singula
265 3608 385 3674 exemplo
404 3610 561 3674 transcripta
578 3624 625 3673 per
642 3613 744 3673 postam
762 3613 793 3658 ut
815 3611 912 3657 vocant
933 3608 961 3657 in
982 3605 1010 3657 id
1033 3608 1081 3658 abs
1098 3611 1125 3658 te
1144 3607 1326 3660 destinandam
1343 3613 1400 3660 tuto

140 3696 276 3748 meieni
294 3695 365 3746 illico
384 3709 460 3746 cures
477 3697 607 3760 nobisque
624 3695 730 3760 insuper
749 3698 874 3744 accurate
891 3692 1023 3758 significes
1040 3707 1093 3759 qua
1111 3678 1216 3746 demum
1237 3695 1339 3746 ratione
1350 3695 1402 3746 b'bi

142 3783 292 3834 constiterit
309 3781 369 3834 illos
387 3783 557 3847 imperatores
575 3781 719 3846 Albcrtum,
737 3779 914 3842 Fridericum,
932 3779 1153 3845 Maximillam,
1172 3779 1296 3832 carolum
1307 3816 1315 3832 .
1328 3819 1356 3836 ..
1375 3785 1402 3832 et

141 3868 339 3920 Fordinaudum
358 3868 445 3919 adbuc
465 3868 515 3920 deo
534 3869 639 3920 favente
658 3868 826 3932 superstitem
849 3867 996 3917 iuramento
1014 3881 1043 3918 se
1061 3865 1133 3918 nullo
1151 3866 1270 3932 pontifici
1287 3869 1400 3919 maximo

143 3955 377 4007 obstrinxisse...
396 3955 491 4020 quibus
511 3960 583 4004 certe
602 3955 628 4004 in
647 3953 724 4004 rebus
741 3952 868 4018 ampliore
886 3953 1058 4003 instructione
1083 3969 1160 4020 egere
1178 3956 1205 4004 te
1222 3969 1274 4003 non
1292 3954 1401 4004 arbitra-

142 4057 209 4104 mur,
227 4056 305 4106 quem
323 4039 389 4091 adeo
408 4055 491 4106 usque
515 4041 646 4106 sapienter
669 4045 696 4089 et
713 4037 858 4090 deliberate
881 4039 969 4089 omnia
990 4037 1119 4090 hactenus
1138 4039 1222 4105 egisse
1240 4039 1402 4089 animadver-

142 4127 222 4178 timus
240 4125 322 4177 uthis
339 4125 405 4176 nibil
422 4125 576 4192 prudentius
593 4123 740 4192 meliusque
757 4123 875 4176 mandari
893 4124 1071 4189 praescribite
1082 4125 1131 4176 tibi
1148 4137 1263 4191 unquam
1279 4125 1400 4192 potuerit·

647 4411 846 4422 ...ιι-..-υκ-

128 5155 220 5208 bicbal
233 5175 253 5212 a.
270 5160 296 5205 a.
310 5159 332 5204 d.
346 5153 437 5204 corolla
