3450 5818
74 697 198 784 pontifice
219 719 281 782 per
301 695 410 761 literas
431 706 465 762 et
485 717 505 761 a
526 697 558 762 S.
582 697 719 763 concilio
741 719 799 784 per
820 707 979 763 oratorem
1002 719 1094 763 suurn
1117 697 1324 765 vehementer
1339 709 1372 766 et

73 799 175 886 petierit
195 809 228 864 et
249 801 375 865 urserit
403 800 635 867 reluctantibus
657 799 689 866 S.
713 800 748 868 Ο.
771 795 833 866 ΜΨ
855 801 1037 868 oratoribus
1068 823 1110 866 ex
1133 800 1284 868 mandato
1311 800 1373 868 bi*

71 901 94 967 i
122 911 151 967 et
182 923 295 969 rursus
330 903 431 970 multa
468 906 502 970 iu
531 905 725 970 conuurium
757 903 952 988 dicentibus,
987 901 1108 970 facturn
1138 914 1188 971 est
1216 915 1253 970 nt
1281 927 1302 972 a
1329 904 1372 970 D.

69 1007 165 1072 nuncio
179 1006 359 1094 apostolico
374 1009 528 1096 episcopo
543 1007 700 1074 Pharensi
715 1007 896 1095 adlegatos
910 1005 963 1074 vel
978 1029 1078 1074 unum
1094 1029 1137 1074 ex
1151 1008 1198 1074 eis
1213 1009 1369 1096 scriptum

69 1111 107 1193 sit,
126 1109 369 1176 invictissimum
390 1112 617 1197 imperatorem
645 1109 725 1176 nihil
753 1133 876 1195 curare,
907 1131 980 1178 cum
1001 1111 1066 1176 iam
1087 1111 1154 1176 Mt·
1178 1109 1210 1177 S.
1233 1112 1300 1177 voti
1323 1113 1373 1178 sui

67 1235 179 1300 compos
199 1213 291 1280 facta
312 1214 354 1279 sit
374 1219 407 1279 et
428 1223 476 1279 tot
498 1213 658 1279 sessiones
680 1211 808 1280 habitae
831 1214 895 1278 sint
912 1235 973 1280 neo
984 1215 1182 1280 continuatio
1196 1212 1370 1302 publicata,

23 1349 25 1402 p
65 1317 118 1382 sive
137 1317 197 1381 ianr
220 1318 425 1384 continuetur
445 1317 515 1382 sive
536 1315 624 1382 aliud
645 1315 710 1400 fiat,
732 1315 828 1382 modo
849 1336 915 1382 non
930 1315 1073 1382 solvatur
1088 1315 1268 1384 concilium.
1290 1338 1363 1406 pro·

23 1407 25 1484 l
66 1418 123 1485 inde
142 1419 196 1484 R*
218 1419 262 1484 D.
277 1419 377 1508 legati
399 1442 461 1486 nou
478 1419 664 1486 dubitarunt
679 1421 798 1486 oratori
813 1419 916 1486 cath*
930 1421 1017 1508 regis
1030 1421 1215 1506 promittere
1229 1419 1372 1487 futurum

66 1535 90 1587 ιι
107 1523 135 1588 io
157 1533 275 1612 quarta
296 1525 449 1607 sessione,
472 1525 564 1589 cuius
586 1523 656 1590 dies
677 1523 798 1590 indicta
812 1526 875 1588 iam
890 1522 1002 1590 aderat
1016 1522 1173 1611 proxime,
1197 1522 1371 1590 solenniter

65 1628 244 1693 continuatio
277 1627 510 1694 decerneretur.
546 1625 748 1694 commodum
775 1635 1032 1715 supervenerunt
1057 1625 1170 1692 literae
1191 1625 1225 1693 S.
1248 1625 1284 1693 O.
1307 1625 1369 1692 Mo.

65 1728 209 1796 st.M⁸¹¹
232 1739 387 1812 oratores,
411 1731 638 1798 convincentes
659 1729 781 1818 liquido
804 1741 837 1796 et
858 1729 1090 1817 gravidissimis
1104 1729 1283 1797 rationibus
1295 1751 1370 1797 con·

64 1831 114 1896 eiiii
133 1835 409 1902 continuationem
431 1855 504 1900 com
532 1835 638 1901 fructu
662 1845 695 1900 et
721 1835 791 1899 sine
813 1833 983 1920 dispendio
1006 1831 1233 1900 christianismi
1254 1835 1287 1899 in
1309 1833 1372 1901 hoc

21 2007 22 2030 ,
64 1957 151 2001 tuum
173 1936 376 2004 Gallicarum
399 1947 485 2003 statu
507 1947 540 2004 et
560 1939 820 2025 protestantium,
843 1940 877 2002 in
899 1959 996 2025 quam
1018 1947 1143 2025 partem
1167 1937 1208 2003 de
1230 1957 1288 2004 suo
1312 1937 1368 2002 sd-

21 2035 22 2056 *
64 2049 144 2104 ventu
165 2061 202 2106 se
227 2039 393 2106 declarare
414 2039 524 2124 velint,
555 2039 680 2106 silentio
702 2041 772 2108 fieri
793 2063 859 2106 non
880 2061 988 2127 posse,
1018 2040 1076 2106 sed
1099 2037 1215 2128 synodi
1238 2061 1367 2129 quoque

63 2143 138 2208 citius
159 2142 406 2210 dissolutionem
427 2144 577 2228 futuram,
601 2155 698 2231 prout
719 2143 830 2210 literae
851 2143 913 2210 Μ“’
940 2142 973 2211 8.
997 2143 1078 2210 haec
1101 2146 1209 2212 omnia
1229 2152 1369 2210 tractant

62 2243 261 2313 boulentius.
279 2295 286 2312 .
303 2295 310 2312 .
327 2248 525 2314 admiserunt
537 2247 716 2314 cardinales
731 2247 829 2336 legati
844 2246 1054 2314 rationesll*
1066 2247 1099 2314 S.
1110 2245 1146 2315 G.
1161 2255 1251 2313 tanto
1266 2245 1366 2314 liben-

20 2353 24 2440 t
61 2350 117 2434 tius,
133 2362 256 2440 quanto
280 2351 437 2420 videbant
461 2373 517 2420 eas
540 2351 581 2418 ad
602 2337 880 2418 conservationem
903 2361 935 2418 et
954 2373 1162 2440 progressum
1185 2349 1218 2418 S.
1241 2348 1369 2416 concilii

20 2443 22 2512 l
61 2453 199 2522 secedere
221 2457 411 2544 proximius.
434 2455 508 2522 ideo
530 2475 693 2522 cursorem
716 2456 822 2520 statim
845 2455 887 2520 ad
910 2454 1103 2540 s·=·1).tt.‚
1127 2455 1182 2544 qui
1206 2455 1369 2520 continua·

21 2541 22 2570 ³
60 2557 162 2624 tionem
191 2569 227 2626 et
254 2560 324 2646 ipse
353 2557 463 2626 esth*
491 2559 560 2646 regi
586 2560 791 2645 promiserat,
820 2559 972 2625 continuo
1000 2557 1170 2643 miserunt,
1200 2567 1233 2624 et
1253 2555 1330 2622 licet
1351 2579 1372 2622 a

61 2657 208 2748 blegatis
225 2662 352 2730 dicatur
362 2657 457 2750 [eum]
470 2663 672 2750 praecepisse
688 2663 817 2728 omnino
831 2672 867 2728 ut
880 2661 1101 2750 publicaretur
1120 2662 1155 2726 in
1167 2681 1206 2727 ea
1228 2661 1371 2726 sessione

62 2765 255 2850 continuatio,
278 2775 385 2832 tamen
406 2765 555 2852 proxima
576 2775 650 2831 ante
672 2767 846 2832 sessionem
875 2765 927 2831 die
950 2761 1032 2832 alius
1054 2764 1220 2832 advolarit
1248 2785 1369 2849 cursor,

63 2867 187 2934 reserens
198 2869 279 2935 8³¹¹·
289 2867 331 2934 D.
346 2867 386 2934 N.
399 2867 583 2934 declarasse
599 2889 634 2933 se
648 2871 710 2934 iam
725 2867 851 2956 pridem
874 2877 907 2934 et
926 2867 1013 2935 nolle
1033 2875 1069 2934 ut
1090 2891 1111 2934 a
1133 2889 1168 2934 se
1190 2865 1371 2955 dependeat

20 2999 21 3002 ¹
63 2967 86 3033 S.
100 2973 280 3057 concilium,
303 2971 376 3039 ideo
397 2973 431 3036 iu
453 2973 588 3058 negocio
611 2973 859 3038 continuationis
880 2971 936 3038 1³²¹
957 2971 1000 3037 D.
1020 2970 1120 3058 legati
1142 2970 1286 3038 facerent
1307 2969 1370 3038 hoo

62 3074 133 3158 quod
158 3074 313 3165 publicae
340 3074 434 3142 saluti
466 3075 684 3142 necessarium
713 3097 784 3142 esee
811 3077 1039 3142 existimarent.
1073 3073 1187 3142 eodem
1216 3073 1268 3140 die
1296 3095 1370 3140 cum

61 3187 187 3245 oratores
211 3178 245 3246 S.
268 3179 304 3246 O.
327 3177 389 3244 Μ”’
411 3177 506 3246 valde
528 3177 618 3246 dubii
640 3189 748 3246 esseut
768 3203 820 3265 an,
851 3189 925 3246 ante
946 3199 1137 3268 responsum
1159 3173 1247 3267 quod
1271 3197 1369 3265 super

58 3301 86 3342 ea
101 3304 134 3347 re
150 3283 226 3349 aD.
249 3281 364 3369 legatis
388 3281 603 3370 expectabunt
624 3291 803 3370 acceptum,
826 3305 846 3348 a
867 3281 1008 3371 publicis
1030 3280 1186 3349 deberent
1206 3278 1368 3348 abstinere

58 3387 349 3476 congregationibus
371 3395 404 3452 et
426 3383 632 3470 sessionibus,
660 3386 749 3452 venit
771 3385 813 3451 ad
834 3385 1010 3474 hospitium
1032 3383 1267 3473 archiepiscopi
1289 3383 1365 3450 Pra·

57 3489 159 3574 gensis,
189 3489 248 3558 ubi
270 3501 303 3556 et
324 3489 378 3556 alii
399 3489 461 3556 Mc.
477 3488 510 3556 S.
534 3487 569 3558 0.
593 3499 735 3556 oratores
758 3487 885 3556 collecti
906 3499 1013 3574 erant,
1036 3490 1107 3556 Ru·
1129 3487 1171 3556 D.
1194 3485 1368 3556 cardinalis

19 3609 20 3612 ’
57 3587 244 3662 Vurmiensis
265 3595 382 3660 missus
403 3593 446 3660 ab
467 3594 539 3662 aliis
561 3593 677 3681 legatis
693 3603 725 3660 et
739 3593 848 3661 retulit
861 3593 938 3661 Snus
948 3593 992 3659 D.
1004 3593 1043 3660 N.
1056 3592 1141 3660 etD.
1156 3592 1227 3658 ΒΜ·
1241 3589 1368 3678 legatos

58 3693 107 3760 ism
136 3719 280 3764 annuere
307 3697 514 3784 petitionibus
537 3697 569 3764 S.
594 3697 628 3764 O.
653 3697 725 3782 Μ“·,
757 3697 860 3763 itaut
881 3699 966 3762 iuter
995 3705 1151 3784 quartam¹
1170 3703 1204 3762 et
1225 3694 1368 3783 quintam

19 3805 20 3810 ’
58 3802 230 3884 sessionem,
253 3803 342 3866 cuius
366 3801 405 3867 16
428 3801 497 3868 dies
519 3802 638 3868 mensis
649 3799 728 3868 Julii
749 3797 888 3867 indictus
903 3809 961 3884 est,
986 3799 1232 3867 continuationis
1247 3796 1368 3863 mentio

58 3903 171 3988 sepulta
192 3915 345 3990 maneret,
375 3927 447 3971 cum
468 3905 531 3971 hac
552 3903 737 3971 conditione
758 3913 795 3970 ut
815 3905 942 3970 interim
963 3904 1047 3970 inter
1068 3902 1144 3970 Μ““ΙΙΙ
1166 3899 1366 3992 imperialem

19 4013 20 4052 ἴ
58 4013 82 4067 et
99 4003 226 4074 (iath‘mn
247 4030 357 4093 regem
380 4009 421 4074 de
443 4030 482 4075 ea
502 4009 594 4075 fieret
615 4007 810 4076 conveniens
833 4007 1031 4096 compositio.

19 4221 21 4256 ³
145 4215 410 4303 ...perturbato
433 4213 543 4282 ordine
564 4216 767 4303 proponendi
789 4237 828 4282 ea
850 4235 932 4302 quae
955 4215 988 4279 in
1010 4211 1146 4278 concilio
1168 4212 1299 4277 tracteri
1314 4209 1367 4278 de·

19 4327 22 4336 '
57 4313 143 4385 beant
165 4329 358 4408 potestatem
381 4319 443 4387 sibi
464 4317 635 4386 vendicare
658 4327 755 4406 optet,
777 4326 834 4385 aut
856 4318 953 4383 etiam
967 4324 1004 4382 ut
1018 4315 1144 4380 omissis
1158 4311 1367 4402 reliquisiam

57 4423 240 4510 praepositis
261 4422 323 4490 hoo
345 4421 448 4490 solum
472 4422 559 4513 quod
581 4445 769 4490 caesareum
791 4422 947 4509 scriptum
969 4419 1111 4486 continet
1132 4419 1240 4484 statim
1261 4415 1364 4482 absol·

56 4533 152 4610 vatur,
181 4525 240 4594 sed
271 4536 307 4592 ut
335 4549 462 4593 sacrum
484 4525 654 4594 concilium
676 4525 806 4593 morbos
830 4523 1025 4593 Germaniae
1047 4531 1080 4590 et
1099 4520 1162 4587 Mo.
1178 4518 1211 4587 S.
1236 4517 1271 4588 0.
1294 4541 1367 4608 pro·

19 4643 21 4672 ³
57 4627 224 4698 vicciorum
256 4629 389 4719 abipso
411 4629 557 4718 principe
597 4628 741 4697 detectos
761 4627 872 4696 rideat
894 4627 1045 4696 discutim
1078 4625 1190 4714 eisque
1212 4631 1367 4712 tanquam

57 4735 206 4814 generalis
233 4734 377 4803 medicus
404 4732 579 4800 medeatur.
617 4733 769 4822 cuiquam
803 4734 887 4800 euim
913 4731 1053 4821 principi
1080 4729 1141 4796 hoo
1167 4727 1274 4794 facem
1301 4748 1367 4793 non

19 4849 20 4878 ³
59 4829 122 4904 licet
149 4838 268 4922 solum,
302 4839 360 4905 sed
389 4836 531 4905 dedecus
558 4845 606 4902 est
637 4858 702 4903 non
723 4833 849 4920 lesisse,
884 4844 1001 4924 quanto
1023 4834 1125 4920 magis
1155 4829 1240 4900 chr*
1280 4829 1367 4897 orbis

59 4942 238 5010 monarchae
259 4941 294 5010 id
321 4944 427 5031 ipsum
456 4941 563 5006 iacere
585 4938 703 5006 licebit.
726 4939 862 5027 proinde
883 4937 916 5006 S.
934 4937 1011 5004 M...
1025 4946 1135 5026 petere
1155 4945 1192 5002 ut
1216 4935 1277 5024 ipsi
1300 4955 1366 5000 car·

19 5059 21 5068 ’
61 5038 167 5115 diocles
202 5045 314 5115 ordine
340 5045 491 5113 ιιιίοιιιοι
519 5044 630 5136 scripti
663 5043 792 5132 saepius
823 5043 978 5110 nominati
1007 5047 1190 5131 proponant
1220 5036 1366 5128 patribus
