3450 5818
296 501 360 567 tit

306 694 403 770 rium,
426 701 462 754 nt
484 689 594 754 cadom
614 686 694 776 [Me.
712 685 765 776 V.]
791 685 977 776 dignaretur
999 709 1057 754 nos
1081 685 1254 752 clementer
1277 687 1458 770 informare,
1483 707 1580 774 quem
1606 693 1644 748 et

300 819 396 882 quam
430 791 562 880 longum
593 793 766 858 terminum
797 789 957 856 secundae
981 793 1117 857 sessioni
1138 791 1273 876 praefigi
1295 786 1382 874 velit,
1406 799 1442 855 ut
1463 813 1522 856 nos
1545 789 1644 856 forsi-

297 910 352 964 tan
375 897 565 981 interrogati
590 918 629 960 ee
655 895 694 962 de
717 919 752 960 re
771 917 814 960 ex
828 893 978 960 mandato
995 893 1055 960 Mn.
1069 894 1110 958 V.
1127 896 1318 960 seutentiam
1334 893 1441 958 dicere
1456 895 1642 980 possimns3

300 1002 363 1067 hoc
384 1009 492 1066 autem
514 1021 574 1065 nos
596 997 776 1084 intelligere
800 1007 874 1062 ante
897 1000 1034 1084 primum
1050 999 1225 1062 sessionem
1243 1005 1413 1083 oporteret,
1430 997 1507 1082 quia
1522 1003 1646 1082 postea

298 1104 380 1169 nihil
403 1102 531 1169 efficere
552 1104 738 1189 poterimus.

404 1207 561 1270 Mittimus
585 1207 681 1269 etiam
704 1202 886 1290 exemplum
911 1201 1032 1267 decreti
1055 1203 1144 1290 quod
1165 1205 1197 1266 in
1211 1201 1367 1267 hodierna
1384 1205 1646 1290 congregatione

303 1309 449 1396 putribus
472 1305 677 1372 exhibebitur
700 1316 731 1372 ct
754 1307 785 1370 in
808 1307 957 1394 proxima
980 1307 1122 1370 sessione
1145 1303 1374 1394 publicandum
1403 1308 1463 1370 erit
1485 1305 1646 1393 quodque

303 1411 455 1498 hesterno
477 1407 529 1475 die
549 1407 619 1476 lll¹¹¹¹
635 1409 676 1472 D.
696 1407 796 1493 legati
811 1407 904 1475 nobis
919 1406 1093 1494 legendum
1117 1419 1149 1474 et
1171 1406 1396 1493 corrigendum
1421 1411 1517 1478 etiam
1542 1409 1647 1474 dede-

302 1525 382 1580 rant.
417 1515 450 1580 in
479 1535 543 1600 quo
573 1515 680 1576 omnia
709 1522 742 1576 et
764 1510 890 1596 singula
918 1533 1075 1598 expressa
1095 1513 1189 1579 nobis
1211 1510 1402 1598 placuerunt
1423 1521 1562 1598 excepta
1585 1511 1649 1576 illa

303 1615 483 1704 porticula:
506 1615 712 1703 amplissimis
735 1613 903 1701 quibusvis
925 1614 1043 1690 verbis,
1066 1613 1137 1679 loco
1162 1618 1253 1679 cuius
1277 1613 1375 1679 aliam
1389 1613 1556 1679 videlicet:
1574 1637 1646 1678 snr-

307 1721 454 1808 plissima
476 1718 588 1801 forma,
612 1717 813 1781 inserendum
839 1739 909 1782 esse
931 1721 1125 1804 putavimus,
1148 1741 1189 1782 ne
1211 1727 1425 1804 protestantes
1449 1719 1508 1806 ipsi
1531 1717 1648 1782 vorbis

307 1825 415 1910 potius
441 1821 537 1910 quarn
552 1822 638 1886 facto
662 1823 739 1908 ipsis
763 1820 888 1885 salvum
912 1821 1107 1886 conductum
1129 1823 1272 1908 promitti
1296 1831 1394 1908 atque
1416 1821 1486 1884 deri
1509 1819 1647 1886 cavilla-

305 1937 435 2011 rentur,
465 1923 499 1990 id
531 1922 618 2013 quod
645 1925 725 2011 ipsis
754 1946 883 2012 quoque
911 1924 953 1989 D.
976 1922 1091 2010 legetis
1120 1924 1282 2011 placuisse
1312 1923 1407 1990 hodie
1438 1923 1648 1989 animadver-

305 2031 401 2096 timus
423 2077 432 2094 .
456 2077 494 2094 ..

411 2131 533 2200 Datum
549 2133 695 2198 Tridenti
712 2133 751 2197 li
767 2131 819 2198 die
834 2135 954 2197 mensis
969 2131 1140 2198 Februarii
1156 2154 1239 2197 anno
1254 2133 1377 2198 domini
1393 2131 1485 2197 1562.

666 2287 824 2354 Eiusdem
848 2285 881 2352 S.
903 2286 969 2351 Mi·
990 2285 1032 2352 V.
1056 2285 1093 2353 O.

935 2441 1048 2508 fideles
1071 2442 1224 2508 sacellani
1248 2452 1280 2506 et
1302 2443 1474 2506 servitores

886 2561 1048 2628 Antonius
1072 2563 1334 2652 archiepiscopus
1356 2563 1541 2648 Prageusis,

887 2665 1243 2752 Quinqueccclesiensis
1267 2669 1448 2752 episcopus,

891 2768 1116 2856 Sigismundus
1139 2793 1159 2836 a
1180 2769 1304 2836 Thone.

448 2979 540 3030 Indern
559 2979 602 3030 fiir
620 2979 663 3029 dis
682 2979 791 3044 Sitzung
808 2994 849 3029 am
869 2981 902 3028 26
920 2977 1046 3041 Februar,
1065 2978 1165 3028 welche
1179 2977 1279 3028 damnis
1292 2979 1403 3028 sumeist
1414 2978 1453 3028 als
1464 2979 1549 3044 prims
1563 2981 1652 3030 sessio

378 3065 535 3116 bezeichnet
552 3065 649 3125 surde,
671 3065 718 3116 das
737 3065 838 3114 Decret
850 3065 1009 3116 rorbereitet
1020 3065 1075 3114 und
1088 3066 1115 3114 in
1128 3062 1189 3114 deni
1201 3065 1301 3114 Decret
1315 3063 1361 3114 der
1374 3063 1431 3130 Τις
1444 3063 1491 3114 der
1501 3063 1653 3128 folgenden

378 3149 488 3218 Sitsung
511 3151 669 3216 angegeben
693 3149 799 3202 werden
818 3157 929 3210 mneste,
954 3149 1052 3200 landen
1069 3149 1212 3216 irlihzeitig
1229 3148 1452 3215 Verhaudlungen
1469 3149 1537 3199 iiber
1555 3149 1652 3200 diesen

311 3219 313 3224 ι
379 3237 438 3302 Tag
455 3241 527 3288 stati.
562 3235 718 3286 Aulschluss
741 3237 806 3286 liber
829 3237 868 3285 sis
893 3237 949 3300 gibt
972 3235 1097 3300 fulgenda
1121 3252 1173 3286 ron
1199 3235 1250 3285 den
1269 3235 1399 3286 Oratoren
1418 3235 1478 3286 dem
1496 3235 1527 3288 0.
1547 3236 1654 3286 Hosius

380 3320 535 3390 sugestelite
552 3322 623 3372 Note
641 3321 735 3388 (Cupie
752 3323 779 3372 in
798 3321 848 3372 den
869 3320 1066 3386 Concilacten):
1094 3322 1136 3372 De
1160 3322 1280 3388 sequenti
1297 3325 1358 3386 post
1375 3320 1445 3370 hanc
1462 3323 1574 3386 primum
1592 3338 1652 3372 ses-

379 3407 452 3456 sione
470 3408 545 3457 nobis
563 3405 642 3458 hodie
662 3407 714 3457 duo
734 3407 837 3456 termini
855 3407 962 3457 nomine
979 3406 1020 3456 Ill.
1034 3407 1066 3456 D.
1080 3406 1227 3473 legatorum
1239 3405 1367 3472 propositi
1379 3411 1447 3467 suut,
1466 3408 1545 3456 ambo
1559 3411 1654 3456 tamen

381 3506 441 3542 cum
461 3491 663 3542 conditionibus.
683 3493 780 3557 primus
798 3491 879 3542 habet
897 3493 1012 3556 spatium
1030 3491 1110 3542 trium
1129 3494 1269 3555 mensium,
1287 3492 1310 3540 si
1332 3493 1435 3541 interim
1458 3496 1488 3540 nt
1506 3492 1540 3541 de
1558 3507 1653 3542 mura·

380 3583 468 3628 mento
488 3577 586 3628 ordinis
602 3577 647 3627 rel
665 3578 822 3627 matrimonii
840 3581 968 3627 tractetur
989 3577 1156 3628 subscribere
1168 3576 1288 3640 velimus,
1305 3577 1357 3628 hoc
1371 3581 1411 3627 est
1423 3579 1653 3628 continuationem

380 3663 487 3714 concilii
504 3663 650 3714 'tridentini
674 3669 736 3713 ente
754 3677 838 3714 annos
856 3663 950 3713 decem
968 3663 1086 3714 inchoati
1103 3663 1207 3726 subire3
1235 3662 1381 3714 alterneto
1405 3669 1530 3714 neuram
1548 3663 1653 3714 Ascen-

381 3748 461 3800 sionis
480 3749 627 3800 dominicae
646 3745 691 3814 [14
708 3745 779 3814 Maii
799 3749 896 3798 omisss
914 3750 1117 3800 continuationis
1134 3750 1303 3800 tractatione.
1328 3761 1417 3813 quare,
1434 3763 1470 3798 ns
1488 3748 1553 3816 quid
1572 3754 1649 3814 pete·

385 3849 472 3884 remus
491 3839 584 3886 contra
602 3849 751 3899 expressam
770 3835 967 3884 instructionem
981 3841 1104 3898 nostram,
1118 3871 1124 3884 .
1138 3871 1165 3886 ..
1185 3836 1304 3886 odiosam
1317 3835 1542 3890 continuationem
1560 3837 1651 3886 renui-

380 3935 446 3969 mus.
465 3919 576 3970 ulterum
596 3925 683 3969 nutem
702 3921 844 3969 terminum
864 3925 986 3970 octavam
999 3921 1168 3972 Ascensicnis
1188 3922 1347 3986 accepimus,
1366 3917 1488 3970 addendo
1502 3926 1532 3969 ut
1546 3920 1654 3971 interim

382 4005 409 4054 in
429 4005 677 4070 congregationibus
696 4019 814 4072 eaquae
833 4005 867 4056 ad
889 4019 1054 4056 communem
1073 4007 1230 4056 christianae
1249 4003 1412 4070 reipublicae
1435 4021 1528 4070 pacem
1553 4008 1583 4055 et
1602 4008 1654 4056 uti·

384 4089 486 4140 litatem
504 4095 625 4154 spectare
648 4089 821 4153 videbuntur,
848 4095 994 4140 tractentur
1017 4091 1085 4141 serio
1110 4095 1137 4141 et
1160 4091 1307 4156 diligenter.
1343 4091 1382 4140 lm
1409 4092 1516 4140 weltern
1541 4091 1657 4142 Verlaui

383 4174 569 4226 iiherreiohten
588 4175 632 4226 tiis
649 4176 787 4238 Oratoren,
806 4177 855 4226 wie
874 4177 944 4228 oben
963 4174 1063 4226 emithlt
1080 4177 1153 4240 wiri,
1176 4178 1227 4228 den
1245 4178 1366 4243 Legsteu
1382 4176 1440 4226 ihre
1451 4175 1655 4244 Fordemngem

386 4260 429 4312 (lio
446 4262 524 4312 nebst
547 4261 595 4312 der
611 4262 730 4313 Antwort
752 4263 778 4312 ln
796 4263 836 4312 Le
855 4262 913 4312 Plat
932 4265 961 4324 ὁ,
981 4265 1083 4314 tii-36
1107 4263 1238 4329 gedruclst
1261 4262 1327 4314 unu
1362 4263 1433 4314 Dass
1456 4261 1500 4312 die
1523 4262 1655 4314 Omtoren

389 4346 461 4396 diese
479 4346 596 4396 Antwort
614 4347 654 4397 als
672 4363 719 4398 eus
732 4348 798 4399 Rom
815 4348 918 4398 ertheilt
932 4348 1127 4410 bezeichnetem
1146 4347 1309 4400 versulasste
1321 4347 1383 4400 Seld
1396 4347 1442 4397 der
1454 4348 1596 4412 Depcsche
1610 4350 1654 4398 die

388 4430 553 4496 Randglosse
571 4431 744 4500 baisuittgen:
765 4432 896 4497 quomodo
915 4435 1000 4496 potuit
1018 4431 1070 4483 hcc
1087 4431 1144 4484 lieri
1162 4439 1274 4499 quatuor
1287 4432 1384 4482 dierum
1398 4435 1502 4498 spatio?
1521 4433 1553 4484 In
1566 4433 1654 4484 Wirk·

387 4507 498 4567 lichlreit
520 4517 631 4568 verhielt
659 4533 687 4569 es
716 4518 773 4570 sich
801 4534 843 4569 soi
878 4518 920 4568 die
943 4519 1062 4582 Legateu
1093 4520 1179 4585 geben
1206 4517 1289 4570 sehon
1318 4533 1361 4569 sm
1389 4519 1419 4568 17
1443 4517 1565 4569 Fshmnr
1596 4522 1655 4570 eine

385 4602 532 4668 rorlltufi'ge
553 4605 684 4666 intueri,
707 4603 798 4654 holten
823 4605 887 4654 uber
910 4605 1031 4670 sugleich
1050 4605 1092 4656 dis
1110 4605 1312 4671 Eutschoidnng
1329 4605 1375 4655 des
1393 4605 1504 4669 Pupstes
1523 4607 1580 4668 ein,
1606 4607 1655 4656 wie

384 4689 462 4740 untcr
481 4687 588 4740 anderrn
606 4689 707 4754 vargas
725 4691 752 4740 in
774 4689 915 4754 Dellinger
934 4694 956 4754 1,
969 4692 1020 4742 402
1039 4691 1146 4742 emthlt.
1182 4693 1226 4744 Da
1244 4692 1316 4744 diosc
1335 4690 1410 4742 nicht
1425 4689 1584 4757 rechtseitip
1602 4693 1654 4742 sin·

387 4773 447 4832 tras,
464 4772 559 4842 schlug
578 4773 624 4824 der
643 4775 671 4828 C.
692 4791 743 4825 ron
756 4775 868 4826 Mantua.
882 4777 910 4825 in
927 4775 974 4826 <ier
990 4777 1087 4828 lstzten
1101 4775 1299 4844 congregation
1311 4793 1359 4827 ror
1372 4775 1419 4828 tier
1430 4775 1656 4844 Februarsitsung

352 4922 353 4928 1
389 4858 440 4908 den
458 4859 510 4909 den
528 4859 554 4913 is.
574 4858 727 4910 Gesandten
746 4860 892 4926 gunehmen
911 4862 1017 4912 Termin
1042 4877 1090 4913 ror
1108 4862 1162 4914 rmd
1184 4868 1267 4914 setnts
1291 4867 1358 4914 trotu
1383 4861 1533 4914 vielsachen
1552 4863 1654 4914 Wider·

386 4943 496 5008 spruchs
515 4944 609 4995 damen
627 4945 764 4996 Annahme
783 4945 878 5009 dirrch3
898 4963 918 4996 s.
937 4947 1037 5001 Pallas.
1058 4951 1082 5008 2,
1102 4949 1247 5012 nio-273,
1266 4947 1410 5000 Mandham
1429 4949 1540 5008 iii-69,
1554 4949 1654 5000 Becca-

387 5027 450 5080 delli
468 5031 521 5093 ³,9
539 5029 580 5095 (s'o
599 5029 653 5080 will
670 5029 714 5080 ich
734 5029 776 5082 dia
789 5029 951 5083 Monumenti
969 5035 1044 5084 tratti
1064 5033 1107 5084 dei
1126 5035 1289 5086 manosmitti
1303 5033 1330 5084 di
1342 5034 1373 5085 L.
1384 5031 1540 5084 Beccadelli
1554 5033 1654 5102 citime,
